3436 4320
266 245 1627 356 17.4. Marionetten— Zyklus
436 710 1320 780 » nagen, London, Maaeid, Manand, Munneapen
530 755 1545 847 Paris, Rom, San Francisco, Stockholm, St. Petersburg.
439 760 517 838 9
847 797 1238 861 (Quelienangabe ohne Gewähr.)
427 824 919 913 7 Ausschnitt aus:
427 904 517 956 au
675 889 1352 998 Breaauer Zeitung
419 947 673 1029 E vom:
806 1065 1425 1161 Breslauer Cheater.
514 1141 1769 1213 H. H. Lobe=Theater. „Marionetten.“ Am Sonnabend
475 1201 1760 1257 beim „Doktor Klaus“ ein ausverkauftes Haus, und gestern bei der
480 1242 1772 1307 Première der drei Schnitzlerschen Einakter, von denen der eine wenigstens
463 1306 1769 1362 ganz neu, ein anderer so gut wie neu war, ein bei weitem nicht halb
476 1350 1772 1399 volles Theater, das gibt zu denken! Das eine konnte ja eine Jubiläums¬
464 1403 1761 1468 ovation sein, aber das andere sieht, wenn man an ähnliche Erscheinungen
460 1447 1784 1513 bei den Saltenschen und Sudermannschen Einaktern denkt, wie eine
473 1495 1772 1562 Protestkundgebung der kompakten Majorität gegen die Moderne aus¬
469 1545 1765 1597 Aber wogegen eigentlich? Realistisch oder gar naturalistisch, womit man
468 1599 1769 1662 sich eine Zeitlang unbeliebt gemacht hat, sind doch die Modernen wirklich
472 1648 1762 1714 nicht mehr. Höchstens noch, man verzeihe das harte Wort, geistreich.
459 1693 1760 1767 Uns Deutschen liegt es aber, nicht geistreich zu sein (die Anwesenden,
458 1741 1752 1807 in diesem Falle also alle Leser dieser Zeitung, selbstverständlich aus¬
466 1796 1771 1862 geschlossen). Wenn die französischen Dramatiker ihren Geist absolut
469 1846 1756 1901 nicht mehr halten können, so lassen sie einen Mann geistreich plaudern.
463 1893 1772 1965 Bei uns versucht man, tiefe Probleme bald mit nachdenklichem Ernst,
460 1967 1766 2007 bald mit tändelnder Grazie zu behandeln. Das wird dann auf der
463 1990 1772 2054 Bühne leicht spitz oder gespreizt, stelzenhaft, geschraubt oder, wie man es
459 2042 1756 2105 sonst nennen will, und wirkt auf die Dauer ermüdend und abschreckend.
471 2076 1768 2162 Selbst da, wo man als Gegensatz die krausen Linien ganz zu vereinfachen
470 2147 1752 2199 suchte, den komplizierten Bühnenfiguren Marionetteneinfachheit zu ver¬
468 2196 1759 2253 leihen bemüht war, ist man nicht ganz davon losgekommen. Schon
466 2247 1765 2320 Maeterlinck behauptet, daß er sich bei seinem ersten Drama,
461 2299 1761 2358 der „Princesse Maleine", gesagt habe: „Je vais tächer de faire
457 2346 1754 2398 une piéce à la fagon do Shakespeare pour un théätre
463 2396 1752 2462 de Marionettes.“ Aber während Maeterlinck Marionetten vom fatalisti¬
460 2449 1788 2513 schen Standpunkt schuf, willenlose Wesen in der Hand höherer Gewalten, !
453 2496 1750 2555 behandelt Schnitzler die Idee mehr spielerisch. Es ist eine Idee, die sich
452 2547 1761 2606 in vielen seiner Dramen wiederfindet, daß man nie weiß, ob unser Sein
449 2594 1756 2639 nicht Schein, und ob der Schein nicht viel eher Wirklichkeit ist. In den
451 2644 1765 2702 „Marionetten“ wird mit dem Gedanken Fangball gespielt. Am wenigsten
446 2691 1752 2740 wirkte gestern der erste Akt, der hier schon früher gegebene „Puppen¬
456 2737 1752 2800 spieler“, jener arme Künstlernarr, der sich einbildet, die Geschicke
458 2786 1747 2842 anderer meistern und leiten zu können, und nicht einmal merkt, daß er
446 2841 1752 2900 selbst nur eine machtlose Marionette des Schicksals ist. Während Fräu¬
457 2877 1756 2939 lein Hammer und Herr Halpern ganz wacker spielten, suchte Herr
443 2939 1759 3000 Bauer, da in dem Stück selbst nichts unklar und undeutlich ist, durch un¬
442 2981 1758 3047 deutliches Sprechen dem Dichter nachzuhelfen. Den zweiten Einakier,
454 3026 1753 3108 „Den tapferen Cassian“, mit seiner grotesken Einfachheit und
453 3089 1752 3138 Sprunghaftigkeit der Charakteristik und Entwicklung, spielte man ver¬
455 3117 1749 3184 ständigerweise im Warionettenstil. Namentlich Frl. Jauck war ganz
457 3173 1753 3243 reizend in ihrem Puppenspiel, doch auch Herr Sioli und Herr
444 3227 1746 3291 Wallauer taten ihre Schuldigkeit vollauf. Der letzte Einakter, „Zum
450 3277 1753 3340 großen Wurstel“, wirk.: gestern sichtlich noch besser als bei der Re¬
455 3324 1752 3380 doute. Zwar sind verschiedene literarische Anspielungen und Parodien
444 3371 1752 3427 dieses modernen Musterdramas schon leut, zwei Jahre nach seinem Er¬
443 3422 1751 3487 scheinen, nicht allen mehr verständlich, aber es bleibt doch durch den rein
442 3474 1750 3524 bierdramenhaften Zug, wenn ich diesen Ausdruck gebrauchen darf, recht
455 3518 1749 3581 ergötzlich. Das Durcheinander von Theater auf der Bühne, Publikum
443 3569 1736 3638 auf der Bühne und Publikum im Theater kam gestern sehr gut zur
449 3623 1743 3675 Geltung. Von den einzelnen Mitwirkenden — es handelt sich um etwa
452 3663 1746 3731 brei Dutzend — seien wenigstens die Herren Brod, Barna, Plank,
447 3713 1749 3759 Senius, Wolfram, Koch und Fröhlich, sowie die Damen#
445 3753 1760 3820 Mayerhofer und Decarli erwähnt. — Das Publikum amüsierté
455 3808 1732 3878 sich vortrefflich und klatschte lebhaft Beifall. Also keine Protestkund¬
452 3857 1323 3907 gebungen, keine Vorurteile gegen die Modernen!
1777 238 2285 332 box 22/10
2786 1079 3043 1147 , Kopen¬
2049 1102 3037 1182 F.. Sonsen, Maurid, Malland, Minneapolis, New -Vork,
1990 1165 3015 1244 Paris, Rom, San Francisco, Stockholm, St. Petersburg.
1898 1162 1980 1234 6
2320 1214 2709 1264 (Quclienangabe ohue Gewälm.)
1910 1260 2290 1345 Ausschnitt
1895 1332 1986 1385 533
2281 1282 3124 1410 Breslauer Morgen Zeitunn.
1897 1373 2341 1471 E vomnun7 j00s
2322 1420 2656 1522 Theater.
1910 1474 3164 1572 Lobetheater. Montag, den 9. März „Maxionetten“. Drei
2418 1533 3161 1615 igler. Das Lobetheater bescherte
1859 1554 2318 1626 Einakter von Axthur
1859 1571 3154 1647 uns heute einen Samnter#ren# den ausgesprochenen Zweck
1864 1616 3134 1694 der Kurzweil haben sollte. Brachte er doch, abgesehen von der
1852 1659 2981 1733 durchaus ernsthaften und psychologisch interessanten Studie
1850 1703 2979 1765 bereits bekannten „Puppenspieler“ zwei Einakter d
1849 1742 2982 1810 lesken Charakters, das Puppenspiel „Der tapfere Ka
1858 1783 2989 1857 als Novität des Abends, und die Burleske „Zum g
1860 1819 3011 1892 Wurstel“, die erst jüngst im Stadttheater gelegentlich der T
1860 1854 3098 1937 redoute zur Erstaufführung gelangte. Schnitzler hat diese drei Ei
1857 1897 3129 1966 akter unter dem Gesamttitel „Marionetten“ vereinigt, etwas ge¬
1866 1937 3162 2003 waltsam, wie mich dünkt, denn der „Puppenspieler“ enthält durchaus
2843 1973 3166 2032 mit Ausnahme
1866 1984 2848 2045 nichts von jenem Element des Kasperle=Stils, —
1865 2007 3168 2098 seines Titels, der indessen die Psychologie des Stückchens sehr mangel¬
1873 2082 2102 2151 haft deckt.
1952 2075 3166 2161 Von ganz anderem Holze ist „Der tapfere Kassian“, der das
1872 2126 3168 2224 marionettenhafte an der Stirn trägt. Leider aber auch nur an der
1876 2166 3166 2246 Stirn. Denn so recht ins Herz ist Kassians Humor nicht gegangen.
3112 2207 3175 2253 19
1875 2206 2990 2278 Es ist mehr mechanisches als kurzweiliges Leben in ih
1869 2255 3018 2336 Figuren des Spiels sind ein junger Abenteurer Martin, sei
1867 2293 3000 2372 liche Geliebte Sophie, ein liebeshungriges Weibchen mit der
1874 2330 2993 2410 im Leibchen, und der bramarbasierende Kassian, ein Haude
1879 2370 2983 2452 Saufbruder aus der Landsknechtsschachtel, die nach Deutschl
1878 2417 2991 2487 um das siebzehnte Jahrhundert versetzt sind. In der Man
1870 2457 3002 2542 klugen und liebenswürdigen Martin weilte die holde Bul
1872 2495 3018 2561 glücklich, bis der Muskelmensch Kassian in ihren Gesichtskre
1872 2522 3076 2602 der im Spiel seinem Partner all sein Hab und Gut abnimmt.
1884 2558 3185 2640 gibt ein kurzes Duell zwischen den beiden Männern, in dem Martin
1881 2605 3172 2677 unterliegt. Er stirbt, nachdem er, ein echter Nomantiker, noch ein
1890 2642 3167 2726 kleines Flötensolo von sich gegeben, der Faustmensch aber geht hin
1886 2679 3173 2758 als Sieger, um weitere Eroberungen in der Welt zu machen. Auch
1889 2719 3180 2800 hier verrät, wie im „Puppenspieler“ der sentimentale Unterton den
1886 2747 3207 2832 echten Schnitzler; leider tritt die eigentliche Absicht des Dichters, die
1889 2796 3212 2877 wohl dahin geht, die Hyperromantik gewisser Ultramoderner zust
1903 2844 3033 2933 geißeln, nicht so scharf hervor wie in dem ersten Einakter.
1972 2870 3193 2950 Das Schlußstück des Abends bildete die Burleske „Zum großen
1898 2920 3180 3000 Wurstel“, die nicht eine einzelne, sondern eine ganze Neihe. von
1903 2954 3176 3044 „Schulen“ der litterarischen Gegenwart persifliert. So hat das
1900 3006 3178 3087 Gaukelspiel der „Marionetten“ den Reiz eines amüsanten Dichter¬
1909 3042 3182 3115 bekenntnisses, das vielleicht von Ironie, vielleicht aber auch von
1905 3072 3178 3149 Bitterkeit diktiert wurde, jedenfalls aber einen interessanten Ein¬
1909 3136 2527 3197 blick in Schnitzlers Seele gibt.
1984 3129 3194 3242 Man spielte unter der Regie des Herrn Bonno sehr beherzt
1918 3195 3194 3281 und durchaus stilgemäß. Herr Bauer gab dem Puppenspieler des
1909 3231 3186 3319 ersten Stückes ein kluges Exterieur, sprach die Rolle nur mit etwas
1911 3274 3195 3369 zu beabsichtigter Pointierung, Herr Halpern repräsentierte den.
1924 3297 3200 3392 Eduard mit aller Diskretion, Fräulein Hammer die Anna fein
1917 3338 3203 3433 und gemessen. Auch die kl. Wagner machte als Söhnchen ihre
1928 3385 3199 3473 Sache brav. Die Herren Sioli (Martin) und Wallauer
1923 3425 3202 3514 (Kassian) und Frl. Jauck (Sophie) schafften dem „tapferen Kassian“.
1927 3466 3196 3556 einen Darstellererfolg. Der „große Wurstel“ entfesselte dann den
1936 3507 3204 3590 eigentlichen Humor, den die Novität dem Marionetten=Abend schuldig
3006 3547 3190 3601 A. L.
