<?xml version="1.0" encoding="UTF-8" standalone="yes"?>
<PcGts xmlns="http://schema.primaresearch.org/PAGE/gts/pagecontent/2013-07-15" xmlns:xsi="http://www.w3.org/2001/XMLSchema-instance" xsi:schemaLocation="http://schema.primaresearch.org/PAGE/gts/pagecontent/2013-07-15 http://schema.primaresearch.org/PAGE/gts/pagecontent/2013-07-15/pagecontent.xsd">
    <Metadata>
        <Creator>prov=University of Rostock/Institute of Mathematics/CITlab/Gundram Leifert/gundram.leifert@uni-rostock.de:name=ONB_Newseye_GT_M1+(htr_id=10810)::::v=2.4.2
prov=University of Rostock/Institute of Mathematics/CITlab/Tobias Gruening/tobias.gruening@uni-rostock.de:name=de.uros.citlab.module.baseline2polygon.B2PSeamMultiOriented:v=2.4.2
prov=University of Rostock/Institute of Mathematics/CITlab/Tobias Gruening/tobias.gruening@uni-rostock.de:name=/mnt/transkribus/LA/DEA/URO/LA_news_onb_att.pb:de.uros.citlab.segmentation.CITlab_LA_ML:v=2.4.2
Transkribus</Creator>
        <Created>2019-10-07T11:31:30.911+02:00</Created>
        <LastChange>2019-10-08T09:37:32.307+02:00</LastChange>
        <TranskribusMetadata docId="223971" pageId="9499039" pageNr="18" tsid="16510390" status="IN_PROGRESS" userId="40391" imgUrl="https://files.transkribus.eu/Get?id=BTXIZFVAHVLKTPOJODHDWHVQ&amp;fileType=view" xmlUrl="https://files.transkribus.eu/Get?id=NHIHIFIZKIWMALCWITISFUTG" imageId="6189261"/>
    </Metadata>
    <Page imageFilename="223971_0018.jpeg" imageWidth="3484" imageHeight="4320">
        <ReadingOrder>
            <OrderedGroup id="ro_1711450363138" caption="Regions reading order">
                <RegionRefIndexed index="0" regionRef="r1"/>
                <RegionRefIndexed index="1" regionRef="r2"/>
                <RegionRefIndexed index="2" regionRef="r3"/>
            </OrderedGroup>
        </ReadingOrder>
        <TextRegion orientation="0.0" id="r1" custom="readingOrder {index:0;}">
            <Coords points="740,145 740,4122 1595,4122 1595,145"/>
            <TextLine id="r1l1" custom="readingOrder {index:0;}">
                <Coords points="752,182 983,187 1032,162 1089,187 1450,180 1442,138 751,139"/>
                <Baseline points="757,175 791,175 825,175 860,175 894,174 929,174 963,174 997,173 1032,173 1066,172 1101,171 1135,170 1169,170 1204,169 1238,168 1273,168 1307,167 1341,166 1376,166 1410,166 1445,165"/>
                <TextEquiv>
                    <Unicode>ichstr. 50 ome</Unicode>
                </TextEquiv>
            </TextLine>
            <TextLine id="r1l2" custom="readingOrder {index:1;}">
                <Coords points="743,227 1531,221 1554,182 742,191"/>
                <Baseline points="748,217 788,217 828,218 868,218 908,218 948,218 988,218 1028,217 1068,217 1108,216 1148,215 1188,215 1228,214 1268,213 1308,213 1348,212 1388,212 1428,211 1468,211 1508,210 1549,210"/>
                <TextEquiv>
                    <Unicode>&amp; Flothow, Charlottenburg. Möbel aus dem</Unicode>
                </TextEquiv>
            </TextLine>
            <TextLine id="r1l3" custom="readingOrder {index:2;}">
                <Coords points="738,261 1547,268 1561,221 737,231"/>
                <Baseline points="743,261 783,262 824,262 864,263 905,263 946,262 986,262 1027,262 1068,261 1108,260 1149,260 1190,258 1230,258 1271,257 1312,256 1352,256 1393,255 1434,255 1474,255 1515,255 1556,256"/>
                <TextEquiv>
                    <Unicode>Kunstsalon Markiewicz. Teppich=Dekorationen</Unicode>
                </TextEquiv>
            </TextLine>
            <TextLine id="r1l4" custom="readingOrder {index:3;}">
                <Coords points="742,311 1484,301 1483,266 1445,259 741,280"/>
                <Baseline points="747,305 783,306 820,306 856,306 893,306 929,305 966,305 1002,304 1039,304 1075,303 1112,302 1149,301 1185,300 1222,299 1258,298 1295,297 1331,297 1368,296 1404,295 1441,294 1478,293"/>
                <TextEquiv>
                    <Unicode>von der Firma J. Adler, Königstr. 20.“</Unicode>
                </TextEquiv>
            </TextLine>
            <TextLine id="r1l5" custom="readingOrder {index:4;}">
                <Coords points="794,353 1495,357 1562,352 1562,319 1366,301 1290,323 996,310 793,330"/>
                <Baseline points="799,347 836,347 874,347 912,347 950,347 988,347 1026,347 1064,347 1102,347 1140,346 1178,346 1215,346 1253,345 1291,345 1329,344 1367,344 1405,344 1443,343 1481,343 1519,343 1557,342"/>
                <TextEquiv>
                    <Unicode>Der Dorsitzende Wolzogen eröffnete den</Unicode>
                </TextEquiv>
            </TextLine>
            <TextLine id="r1l6" custom="readingOrder {index:5;}">
                <Coords points="749,396 1560,387 1560,364 1513,353 1293,346 749,364"/>
                <Baseline points="754,392 794,392 834,392 874,392 914,392 954,392 994,392 1034,391 1074,391 1114,390 1154,390 1194,389 1234,389 1274,388 1314,388 1354,387 1394,387 1434,387 1474,386 1514,386 1555,386"/>
                <TextEquiv>
                    <Unicode>Verein an diesem Abend mit einer Ansprache.</Unicode>
                </TextEquiv>
            </TextLine>
            <TextLine id="r1l7" custom="readingOrder {index:6;}">
                <Coords points="745,446 1526,443 1554,433 1554,392 1362,419 1240,398 745,404"/>
                <Baseline points="750,437 792,436 834,436 876,436 918,436 960,435 1002,435 1044,435 1086,434 1128,434 1170,433 1212,433 1254,432 1296,432 1338,431 1380,430 1422,430 1464,429 1506,428 1549,427"/>
                <TextEquiv>
                    <Unicode>Er äußerte dem Sinne nach: „. . . und wird</Unicode>
                </TextEquiv>
            </TextLine>
            <TextLine id="r1l8" custom="readingOrder {index:7;}">
                <Coords points="744,487 1555,467 1546,438 1359,430 1166,454 744,447"/>
                <Baseline points="750,478 792,479 834,479 876,479 918,478 960,478 1002,478 1044,477 1086,477 1128,476 1170,475 1212,474 1254,474 1296,473 1338,473 1380,472 1422,472 1464,472 1506,472 1549,472"/>
                <TextEquiv>
                    <Unicode>es mein eifriges Bestreben sein, auch ferner “</Unicode>
                </TextEquiv>
            </TextLine>
            <TextLine id="r1l9" custom="readingOrder {index:8;}">
                <Coords points="790,515 873,543 1065,519 1124,539 1170,513 1207,535 1293,513 1557,525 1556,491 1446,479 789,488"/>
                <Baseline points="795,521 832,522 870,523 908,523 946,523 984,523 1021,523 1059,522 1097,522 1135,521 1173,520 1210,519 1248,518 1286,517 1324,517 1362,516 1399,515 1437,515 1475,515 1513,515 1551,515"/>
                <TextEquiv>
                    <Unicode>Gegen neun Uhr wurde ein silberner</Unicode>
                </TextEquiv>
            </TextLine>
            <TextLine id="r1l10" custom="readingOrder {index:9;}">
                <Coords points="752,585 1263,580 1288,557 1477,581 1560,563 1560,524 752,535"/>
                <Baseline points="757,567 796,568 836,568 876,568 916,568 956,568 996,568 1036,567 1076,566 1116,566 1156,565 1195,564 1235,563 1275,562 1315,561 1355,561 1395,560 1435,560 1475,560 1515,560 1555,560"/>
                <TextEquiv>
                    <Unicode>Corbeerkranz dem Dorsitzenden durch mehrere</Unicode>
                </TextEquiv>
            </TextLine>
            <TextLine id="r1l11" custom="readingOrder {index:10;}">
                <Coords points="749,630 1535,618 1549,570 748,585"/>
                <Baseline points="754,609 793,609 833,609 872,609 912,609 951,609 991,608 1030,608 1070,607 1109,607 1149,606 1188,606 1228,605 1267,605 1307,605 1346,604 1386,604 1425,604 1465,604 1504,604 1544,604"/>
                <TextEquiv>
                    <Unicode>Vereinsmitglieder überreicht. Der Kranz lag</Unicode>
                </TextEquiv>
            </TextLine>
            <TextLine id="r1l12" custom="readingOrder {index:11;}">
                <Coords points="750,675 826,650 1101,650 1137,671 1304,645 1393,667 1557,654 1556,618 1487,606 749,629"/>
                <Baseline points="755,656 794,656 834,656 874,655 914,655 954,654 993,654 1033,653 1073,652 1113,651 1153,650 1192,650 1232,649 1272,648 1312,647 1352,647 1391,646 1431,645 1471,644 1511,644 1551,644"/>
                <TextEquiv>
                    <Unicode>in einem Etui. Auch sonst berührte der</Unicode>
                </TextEquiv>
            </TextLine>
            <TextLine id="r1l13" custom="readingOrder {index:12;}">
                <Coords points="751,699 813,716 1316,702 1315,669 1286,658 1103,674 1083,658 847,675 801,662 751,681"/>
                <Baseline points="757,699 784,699 812,698 839,698 867,698 895,697 922,697 950,696 978,696 1005,695 1033,695 1061,694 1088,694 1116,694 1144,693 1171,693 1199,692 1227,692 1254,692 1282,692 1310,692"/>
                <TextEquiv>
                    <Unicode>allgemeine Anstand wohlthuend.</Unicode>
                </TextEquiv>
            </TextLine>
            <TextLine id="r1l14" custom="readingOrder {index:13;}">
                <Coords points="794,741 860,763 912,744 1360,753 1561,738 1561,712 1349,694 794,720"/>
                <Baseline points="800,739 837,740 875,740 913,740 951,740 989,740 1026,739 1064,739 1102,738 1140,738 1178,737 1215,736 1253,736 1291,735 1329,734 1367,734 1404,733 1442,733 1480,733 1518,732 1556,732"/>
                <TextEquiv>
                    <Unicode>Ohne Spaß: Wolzogen hat zwei Seiten, eine</Unicode>
                </TextEquiv>
            </TextLine>
            <TextLine id="r1l15" custom="readingOrder {index:14;}">
                <Coords points="742,799 1495,790 1566,777 1566,753 742,764"/>
                <Baseline points="747,787 787,786 828,786 869,786 909,785 950,785 991,785 1031,784 1072,784 1113,784 1154,784 1194,783 1235,783 1276,782 1316,782 1357,781 1398,781 1438,780 1479,779 1520,778 1561,777"/>
                <TextEquiv>
                    <Unicode>windumwehte und eine spießerige. Wir lieben</Unicode>
                </TextEquiv>
            </TextLine>
            <TextLine id="r1l16" custom="readingOrder {index:15;}">
                <Coords points="742,830 1561,834 1553,784 742,807"/>
                <Baseline points="747,830 787,830 827,830 868,830 908,830 949,829 989,829 1029,829 1070,828 1110,827 1151,827 1191,826 1231,825 1272,825 1312,824 1353,823 1393,823 1433,823 1474,822 1514,822 1555,822"/>
                <TextEquiv>
                    <Unicode>die windumwehte, er lasse die andere nicht</Unicode>
                </TextEquiv>
            </TextLine>
            <TextLine id="r1l17" custom="readingOrder {index:16;}">
                <Coords points="756,884 1565,875 1564,838 1477,830 1169,832 1109,860 814,836 756,858"/>
                <Baseline points="762,874 801,875 841,875 881,875 921,874 961,874 1001,873 1040,873 1080,872 1120,871 1160,870 1200,869 1240,868 1280,867 1319,867 1359,866 1399,865 1439,865 1479,865 1519,865 1559,866"/>
                <TextEquiv>
                    <Unicode>allmächtig werden. Nicht den Silberkranz</Unicode>
                </TextEquiv>
            </TextLine>
            <TextLine id="r1l18" custom="readingOrder {index:17;}">
                <Coords points="746,924 1569,913 1568,885 1471,871 745,896"/>
                <Baseline points="751,917 791,918 832,918 872,918 913,917 954,917 994,917 1035,916 1075,915 1116,914 1157,913 1197,913 1238,912 1278,911 1319,910 1360,910 1400,909 1441,908 1481,908 1522,908 1563,908"/>
                <TextEquiv>
                    <Unicode>hätten die Mitglieder, eine Flasche Sekt hätten</Unicode>
                </TextEquiv>
            </TextLine>
            <TextLine id="r1l19" custom="readingOrder {index:18;}">
                <Coords points="754,972 1562,964 1561,925 1518,917 1185,918 1119,940 1080,919 753,925"/>
                <Baseline points="759,963 798,963 838,962 878,962 918,961 958,960 998,960 1037,959 1077,959 1117,958 1157,958 1197,957 1237,957 1277,956 1316,956 1356,956 1396,955 1436,955 1476,955 1516,954 1556,954"/>
                <TextEquiv>
                    <Unicode>sie ihm stiften sollen. Aber vielleicht lag alles</Unicode>
                </TextEquiv>
            </TextLine>
            <TextLine id="r1l20" custom="readingOrder {index:19;}">
                <Coords points="745,995 867,1020 1460,1016 1515,996 1357,960 745,984"/>
                <Baseline points="751,1005 790,1006 830,1006 870,1006 910,1006 950,1006 990,1006 1030,1005 1070,1005 1110,1004 1150,1003 1190,1002 1230,1001 1270,1000 1310,999 1350,999 1390,998 1430,997 1470,997 1510,996"/>
                <TextEquiv>
                    <Unicode>nur an einer vorübergehenden Stimmung.</Unicode>
                </TextEquiv>
            </TextLine>
            <TextLine id="r1l21" custom="readingOrder {index:20;}">
                <Coords points="794,1049 1538,1053 1566,1045 1566,1014 794,1024"/>
                <Baseline points="799,1046 837,1047 875,1048 913,1048 951,1048 989,1049 1027,1048 1065,1048 1103,1048 1141,1048 1180,1047 1218,1047 1256,1046 1294,1045 1332,1045 1370,1044 1408,1043 1446,1042 1484,1041 1522,1040 1561,1039"/>
                <TextEquiv>
                    <Unicode>Die Anordnung des Programms war</Unicode>
                </TextEquiv>
            </TextLine>
            <TextLine id="r1l22" custom="readingOrder {index:21;}">
                <Coords points="742,1091 1452,1105 1580,1094 1580,1054 742,1068"/>
                <Baseline points="747,1097 788,1096 829,1095 871,1094 912,1094 954,1093 995,1092 1036,1092 1078,1091 1119,1091 1161,1090 1202,1090 1243,1089 1285,1089 1326,1089 1368,1088 1409,1088 1450,1087 1492,1087 1533,1086 1575,1085"/>
                <TextEquiv>
                    <Unicode>mißlich. Das Feine setzte man hinter das</Unicode>
                </TextEquiv>
            </TextLine>
            <TextLine id="r1l23" custom="readingOrder {index:22;}">
                <Coords points="752,1162 947,1126 1143,1151 1578,1124 1499,1093 1458,1117 1365,1093 752,1104"/>
                <Baseline points="757,1137 797,1136 838,1135 879,1134 920,1133 961,1133 1001,1133 1042,1132 1083,1132 1124,1132 1165,1132 1205,1132 1246,1132 1287,1132 1328,1132 1369,1131 1409,1131 1450,1130 1491,1130 1532,1129 1573,1127"/>
                <TextEquiv>
                    <Unicode>Derbere. So verpuffte die Wirkung. Das</Unicode>
                </TextEquiv>
            </TextLine>
            <TextLine id="r1l24" custom="readingOrder {index:23;}">
                <Coords points="755,1190 1008,1191 1037,1170 1485,1190 1566,1146 1377,1136 1260,1164 1201,1133 918,1147 890,1170 819,1141 754,1160"/>
                <Baseline points="760,1182 800,1180 840,1179 880,1178 920,1178 960,1177 1000,1177 1040,1176 1080,1176 1120,1176 1160,1176 1200,1176 1240,1176 1280,1176 1320,1175 1360,1175 1400,1174 1440,1173 1480,1173 1520,1172 1561,1170"/>
                <TextEquiv>
                    <Unicode>Feine waren Schnitzlers „Marionetten“</Unicode>
                </TextEquiv>
            </TextLine>
            <TextLine id="r1l25" custom="readingOrder {index:24;}">
                <Coords points="752,1231 1262,1241 1302,1218 1411,1238 1571,1216 1504,1181 1363,1178 1312,1200 1032,1179 751,1204"/>
                <Baseline points="757,1227 797,1226 837,1226 878,1225 918,1224 959,1223 999,1222 1039,1222 1080,1221 1120,1220 1161,1219 1201,1218 1241,1218 1282,1217 1322,1216 1363,1216 1403,1216 1443,1216 1484,1216 1524,1217 1565,1218"/>
                <TextEquiv>
                    <Unicode>Sehr reizvoll die Einkleidung: Wurstlprater,</Unicode>
                </TextEquiv>
            </TextLine>
            <TextLine id="r1l26" custom="readingOrder {index:25;}">
                <Coords points="757,1276 1576,1266 1576,1237 1505,1223 1436,1252 1384,1226 1232,1251 1167,1229 757,1234"/>
                <Baseline points="763,1269 803,1269 843,1269 884,1269 924,1268 965,1268 1005,1267 1045,1266 1086,1265 1126,1264 1167,1264 1207,1263 1247,1262 1288,1261 1328,1261 1369,1260 1409,1260 1449,1260 1490,1261 1530,1261 1571,1262"/>
                <TextEquiv>
                    <Unicode>ein Klavier im Freien, abendliche Gäste,</Unicode>
                </TextEquiv>
            </TextLine>
            <TextLine id="r1l27" custom="readingOrder {index:26;}">
                <Coords points="751,1318 1574,1309 1574,1276 1493,1267 864,1272 842,1294 751,1274"/>
                <Baseline points="757,1315 797,1314 838,1314 878,1313 919,1312 960,1311 1000,1311 1041,1310 1081,1310 1122,1309 1163,1308 1203,1308 1244,1308 1284,1307 1325,1307 1366,1306 1406,1306 1447,1306 1487,1305 1528,1305 1569,1305"/>
                <TextEquiv>
                    <Unicode>der Ausrufer vor einer Marionettenbühne,</Unicode>
                </TextEquiv>
            </TextLine>
            <TextLine id="r1l28" custom="readingOrder {index:27;}">
                <Coords points="747,1348 972,1373 995,1353 1055,1373 1114,1352 1468,1365 1566,1358 1574,1327 746,1325"/>
                <Baseline points="752,1356 792,1357 833,1357 874,1357 915,1357 956,1357 997,1357 1037,1356 1078,1355 1119,1354 1160,1353 1201,1352 1242,1351 1283,1350 1323,1349 1364,1348 1405,1348 1446,1347 1487,1347 1528,1347 1569,1348"/>
                <TextEquiv>
                    <Unicode>der Dorhang steigt, das Wurstldrama beginnt.</Unicode>
                </TextEquiv>
            </TextLine>
            <TextLine id="r1l29" custom="readingOrder {index:28;}">
                <Coords points="758,1403 1573,1411 1572,1365 1517,1356 758,1374"/>
                <Baseline points="764,1401 804,1401 844,1400 884,1400 924,1399 964,1399 1004,1398 1045,1397 1085,1396 1125,1395 1165,1394 1205,1393 1245,1392 1285,1392 1326,1391 1366,1390 1406,1390 1446,1390 1486,1390 1526,1390 1567,1391"/>
                <TextEquiv>
                    <Unicode>Es ist aber kein Wurstlstück, das wirklich im</Unicode>
                </TextEquiv>
            </TextLine>
            <TextLine id="r1l30" custom="readingOrder {index:29;}">
                <Coords points="752,1457 1541,1446 1578,1410 751,1412"/>
                <Baseline points="757,1447 797,1446 838,1445 879,1444 920,1444 961,1443 1001,1442 1042,1441 1083,1441 1124,1440 1165,1440 1205,1439 1246,1438 1287,1438 1328,1437 1369,1437 1409,1436 1450,1436 1491,1436 1532,1435 1573,1435"/>
                <TextEquiv>
                    <Unicode>Prater könnte vor sich gehen: sondern eine</Unicode>
                </TextEquiv>
            </TextLine>
            <TextLine id="r1l31" custom="readingOrder {index:30;}">
                <Coords points="748,1483 1385,1505 1570,1484 1586,1455 748,1459"/>
                <Baseline points="754,1488 795,1487 836,1487 878,1486 919,1486 960,1485 1002,1484 1043,1484 1084,1483 1126,1483 1167,1482 1208,1481 1250,1481 1291,1481 1332,1480 1374,1480 1415,1480 1456,1480 1498,1480 1539,1480 1581,1480"/>
                <TextEquiv>
                    <Unicode>Litteratursatire; eine Marionette sagt: Ich bin</Unicode>
                </TextEquiv>
            </TextLine>
            <TextLine id="r1l32" custom="readingOrder {index:31;}">
                <Coords points="748,1532 1584,1533 1584,1499 1509,1487 1367,1510 748,1494"/>
                <Baseline points="754,1528 795,1529 836,1529 877,1529 919,1529 960,1529 1001,1529 1042,1528 1084,1528 1125,1527 1166,1527 1207,1526 1249,1525 1290,1524 1331,1524 1372,1523 1414,1523 1455,1522 1496,1522 1537,1522 1579,1522"/>
                <TextEquiv>
                    <Unicode>der Räsonneur — und so weiter. Wer den</Unicode>
                </TextEquiv>
            </TextLine>
            <TextLine id="r1l33" custom="readingOrder {index:32;}">
                <Coords points="756,1569 799,1590 913,1569 1578,1586 1578,1535 1498,1527 756,1548"/>
                <Baseline points="762,1573 802,1573 843,1573 883,1573 924,1573 964,1572 1005,1572 1045,1571 1086,1571 1126,1571 1167,1570 1208,1569 1248,1569 1289,1568 1329,1568 1370,1568 1410,1567 1451,1567 1491,1567 1532,1567 1573,1567"/>
                <TextEquiv>
                    <Unicode>Grünen Kakadu kennt und Schnitzler kennt,</Unicode>
                </TextEquiv>
            </TextLine>
            <TextLine id="r1l34" custom="readingOrder {index:33;}">
                <Coords points="759,1628 1344,1623 1403,1587 1315,1573 758,1591"/>
                <Baseline points="764,1619 795,1618 827,1618 859,1618 890,1618 922,1617 954,1617 985,1617 1017,1617 1049,1616 1081,1616 1112,1616 1144,1615 1176,1615 1207,1614 1239,1614 1271,1613 1302,1613 1334,1612 1366,1611 1398,1610"/>
                <TextEquiv>
                    <Unicode>muß sagen: es ist „sehr Schnitzler“</Unicode>
                </TextEquiv>
            </TextLine>
            <TextLine id="r1l35" custom="readingOrder {index:34;}">
                <Coords points="795,1659 1084,1679 1554,1661 1579,1623 794,1627"/>
                <Baseline points="800,1659 838,1659 877,1660 916,1660 954,1660 993,1660 1032,1660 1070,1660 1109,1659 1148,1659 1187,1658 1225,1658 1264,1658 1303,1657 1341,1657 1380,1656 1419,1656 1457,1656 1496,1656 1535,1656 1574,1656"/>
                <TextEquiv>
                    <Unicode>Man bedenke, erstens: die Komödie in der</Unicode>
                </TextEquiv>
            </TextLine>
            <TextLine id="r1l36" custom="readingOrder {index:35;}">
                <Coords points="749,1706 1389,1693 1511,1716 1578,1700 1578,1670 748,1673"/>
                <Baseline points="754,1706 797,1706 840,1705 883,1704 926,1704 969,1703 1012,1703 1055,1702 1098,1702 1141,1701 1185,1700 1228,1700 1271,1699 1314,1699 1357,1698 1400,1698 1443,1697 1486,1697 1529,1697 1573,1696"/>
                <TextEquiv>
                    <Unicode>Komödie, zweitens: Huppen von Menschen</Unicode>
                </TextEquiv>
            </TextLine>
            <TextLine id="r1l37" custom="readingOrder {index:36;}">
                <Coords points="745,1739 833,1765 941,1744 1580,1754 1579,1714 1546,1701 744,1708"/>
                <Baseline points="750,1748 791,1747 832,1747 873,1746 914,1746 956,1746 997,1745 1038,1745 1079,1744 1120,1744 1162,1743 1203,1743 1244,1742 1285,1742 1326,1742 1368,1741 1409,1741 1450,1741 1491,1740 1532,1740 1574,1740"/>
                <TextEquiv>
                    <Unicode>dargestellt (während sonst im Marionettenspiel</Unicode>
                </TextEquiv>
            </TextLine>
            <TextLine id="r1l38" custom="readingOrder {index:37;}">
                <Coords points="752,1789 1572,1792 1572,1756 1531,1747 752,1759"/>
                <Baseline points="757,1788 797,1789 837,1790 878,1790 918,1790 959,1790 999,1790 1040,1790 1080,1789 1121,1788 1161,1788 1201,1787 1242,1786 1282,1786 1323,1785 1363,1784 1404,1784 1444,1784 1485,1784 1525,1784 1566,1784"/>
                <TextEquiv>
                    <Unicode>Menschen von Duppen dargestellt werden),</Unicode>
                </TextEquiv>
            </TextLine>
            <TextLine id="r1l39" custom="readingOrder {index:38;}">
                <Coords points="746,1834 1511,1845 1585,1807 1368,1786 746,1809"/>
                <Baseline points="752,1834 793,1834 834,1833 876,1833 917,1832 959,1832 1000,1831 1041,1831 1083,1830 1124,1830 1166,1829 1207,1829 1248,1828 1290,1828 1331,1827 1373,1827 1414,1827 1455,1826 1497,1826 1538,1826 1580,1826"/>
                <TextEquiv>
                    <Unicode>drittens: bewußte Doppelbodigkest in der</Unicode>
                </TextEquiv>
            </TextLine>
            <TextLine id="r1l40" custom="readingOrder {index:39;}">
                <Coords points="744,1889 1578,1874 1578,1842 1541,1835 744,1841"/>
                <Baseline points="749,1877 790,1876 831,1875 872,1874 913,1873 955,1872 996,1872 1037,1871 1078,1871 1119,1871 1161,1870 1202,1870 1243,1870 1284,1870 1325,1869 1367,1869 1408,1868 1449,1867 1490,1867 1531,1866 1573,1865"/>
                <TextEquiv>
                    <Unicode>Handlung, ungefähr so, nur ungesähr, denn</Unicode>
                </TextEquiv>
            </TextLine>
            <TextLine id="r1l41" custom="readingOrder {index:40;}">
                <Coords points="747,1917 1533,1925 1584,1883 747,1886"/>
                <Baseline points="753,1919 794,1919 835,1918 876,1918 918,1917 959,1917 1000,1916 1042,1916 1083,1915 1124,1915 1166,1914 1207,1913 1248,1913 1289,1913 1331,1912 1372,1912 1413,1912 1455,1911 1496,1911 1537,1911 1579,1911"/>
                <TextEquiv>
                    <Unicode>man sprach sehr undeutlich, daß jemand</Unicode>
                </TextEquiv>
            </TextLine>
            <TextLine id="r1l42" custom="readingOrder {index:41;}">
                <Coords points="757,1966 1233,1948 1265,1974 1412,1957 1490,1979 1576,1971 1576,1928 1003,1916 757,1938"/>
                <Baseline points="762,1962 802,1962 842,1962 883,1962 923,1961 964,1961 1004,1960 1045,1960 1085,1959 1126,1959 1166,1958 1206,1957 1247,1957 1287,1956 1328,1956 1368,1956 1409,1955 1449,1955 1490,1955 1530,1955 1571,1956"/>
                <TextEquiv>
                    <Unicode>mit der Gattin eines Herzogs Ehebruch</Unicode>
                </TextEquiv>
            </TextLine>
            <TextLine id="r1l43" custom="readingOrder {index:42;}">
                <Coords points="748,2009 1453,2014 1585,1985 1414,1958 748,1970"/>
                <Baseline points="753,2008 794,2007 835,2006 876,2006 918,2005 959,2005 1000,2004 1042,2003 1083,2003 1124,2002 1166,2002 1207,2002 1248,2001 1289,2001 1331,2001 1372,2000 1413,2000 1455,2000 1496,2000 1537,2000 1579,2000"/>
                <TextEquiv>
                    <Unicode>zu treiben glaubt, in Wahrheit aber eine vor</Unicode>
                </TextEquiv>
            </TextLine>
            <TextLine id="r1l44" custom="readingOrder {index:43;}">
                <Coords points="759,2051 1574,2055 1573,2018 1539,2005 759,2020"/>
                <Baseline points="764,2052 804,2052 844,2051 884,2051 924,2050 965,2050 1005,2049 1045,2048 1085,2048 1125,2047 1166,2046 1206,2046 1246,2045 1286,2045 1326,2044 1367,2043 1407,2043 1447,2042 1487,2042 1527,2042 1568,2042"/>
                <TextEquiv>
                    <Unicode>sich hat, mit welcher der Hergog gegen seine</Unicode>
                </TextEquiv>
            </TextLine>
            <TextLine id="r1l45" custom="readingOrder {index:44;}">
                <Coords points="759,2086 1532,2100 1588,2093 1588,2060 920,2046 758,2070"/>
                <Baseline points="764,2094 807,2094 850,2093 893,2093 936,2093 979,2092 1022,2092 1065,2091 1108,2091 1151,2090 1195,2089 1238,2089 1281,2088 1324,2087 1367,2087 1410,2086 1453,2085 1496,2084 1539,2084 1583,2083"/>
                <TextEquiv>
                    <Unicode>Gattin Ehebruch verübt. Kurz: #ie verkehrteste</Unicode>
                </TextEquiv>
            </TextLine>
            <TextLine id="r1l46" custom="readingOrder {index:45;}">
                <Coords points="752,2136 902,2158 983,2132 1499,2144 1558,2142 1586,2108 1374,2090 751,2116"/>
                <Baseline points="757,2137 798,2137 839,2137 880,2136 921,2136 963,2135 1004,2135 1045,2134 1086,2133 1127,2133 1169,2132 1210,2131 1251,2130 1292,2130 1333,2129 1375,2129 1416,2129 1457,2129 1498,2129 1539,2129 1581,2129"/>
                <TextEquiv>
                    <Unicode>Welt, wo Schein Wirklichkeit, Wirklichkeit</Unicode>
                </TextEquiv>
            </TextLine>
            <TextLine id="r1l47" custom="readingOrder {index:46;}">
                <Coords points="760,2177 1577,2177 1568,2137 760,2145"/>
                <Baseline points="765,2179 805,2180 845,2181 886,2181 926,2181 966,2181 1007,2181 1047,2180 1087,2179 1128,2179 1168,2178 1208,2177 1249,2176 1289,2175 1329,2174 1370,2174 1410,2173 1450,2173 1491,2173 1531,2173 1572,2174"/>
                <TextEquiv>
                    <Unicode>Schein wird, alles leis ins Schauerliche</Unicode>
                </TextEquiv>
            </TextLine>
            <TextLine id="r1l48" custom="readingOrder {index:47;}">
                <Coords points="759,2229 1537,2231 1585,2194 759,2202"/>
                <Baseline points="764,2226 804,2225 845,2225 886,2224 927,2224 968,2223 1008,2223 1049,2222 1090,2222 1131,2221 1172,2221 1212,2220 1253,2220 1294,2219 1335,2219 1376,2219 1416,2218 1457,2218 1498,2218 1539,2218 1580,2218"/>
                <TextEquiv>
                    <Unicode>schimmernd, mittendrin der Cod. Es ist also</Unicode>
                </TextEquiv>
            </TextLine>
            <TextLine id="r1l49" custom="readingOrder {index:48;}">
                <Coords points="760,2271 973,2288 1592,2255 1495,2221 760,2239"/>
                <Baseline points="765,2273 806,2272 847,2272 888,2271 929,2270 970,2269 1011,2268 1052,2267 1093,2266 1134,2265 1175,2264 1216,2264 1257,2263 1298,2263 1339,2262 1380,2262 1421,2261 1462,2261 1503,2261 1544,2261 1586,2261"/>
                <TextEquiv>
                    <Unicode>sehr Schnitzler. Dieses Gewirr aber; diese</Unicode>
                </TextEquiv>
            </TextLine>
            <TextLine id="r1l50" custom="readingOrder {index:49;}">
                <Coords points="762,2312 1273,2304 1490,2327 1584,2301 1549,2272 762,2273"/>
                <Baseline points="768,2316 808,2316 849,2315 889,2315 930,2314 970,2313 1011,2312 1051,2311 1092,2310 1132,2309 1173,2308 1214,2307 1254,2306 1295,2305 1335,2305 1376,2304 1416,2304 1457,2303 1497,2303 1538,2303 1579,2303"/>
                <TextEquiv>
                    <Unicode>maëstria des Taschenspiels; dieses glänzende</Unicode>
                </TextEquiv>
            </TextLine>
            <TextLine id="r1l51" custom="readingOrder {index:50;}">
                <Coords points="761,2352 1495,2366 1594,2344 1544,2313 1374,2310 1316,2337 1263,2313 761,2326"/>
                <Baseline points="766,2357 807,2357 848,2356 889,2356 930,2355 971,2355 1012,2354 1053,2353 1094,2353 1135,2352 1177,2351 1218,2351 1259,2350 1300,2349 1341,2349 1382,2349 1423,2348 1464,2348 1505,2348 1546,2348 1588,2348"/>
                <TextEquiv>
                    <Unicode>Handhaben der Verzwicktheit: alles das ist</Unicode>
                </TextEquiv>
            </TextLine>
            <TextLine id="r1l52" custom="readingOrder {index:51;}">
                <Coords points="750,2403 1481,2413 1589,2384 1449,2355 749,2376"/>
                <Baseline points="755,2403 796,2402 837,2402 879,2401 920,2400 962,2399 1003,2398 1044,2397 1086,2396 1127,2396 1169,2395 1210,2394 1251,2394 1293,2393 1334,2393 1376,2393 1417,2393 1458,2394 1500,2394 1541,2395 1583,2396"/>
                <TextEquiv>
                    <Unicode>einer derb lustigen Stimmung nicht vorteilhaft;</Unicode>
                </TextEquiv>
            </TextLine>
            <TextLine id="r1l53" custom="readingOrder {index:52;}">
                <Coords points="763,2455 1132,2434 1178,2457 1221,2429 1290,2455 1468,2430 1558,2447 1590,2411 763,2423"/>
                <Baseline points="768,2446 808,2445 849,2444 890,2444 931,2443 972,2442 1013,2442 1053,2441 1094,2441 1135,2440 1176,2439 1217,2439 1258,2439 1299,2438 1339,2438 1380,2437 1421,2437 1462,2437 1503,2436 1544,2436 1585,2435"/>
                <TextEquiv>
                    <Unicode>einer nachdenklichen eher; am ehesten einer</Unicode>
                </TextEquiv>
            </TextLine>
            <TextLine id="r1l54" custom="readingOrder {index:53;}">
                <Coords points="758,2495 1580,2490 1571,2450 1058,2448 1022,2474 757,2452"/>
                <Baseline points="763,2489 803,2489 844,2489 884,2488 925,2488 966,2487 1006,2486 1047,2486 1087,2485 1128,2484 1169,2483 1209,2482 1250,2482 1290,2481 1331,2481 1372,2480 1412,2480 1453,2480 1493,2480 1534,2480 1575,2480"/>
                <TextEquiv>
                    <Unicode>schwankenden. Denn man kennt sich in dem</Unicode>
                </TextEquiv>
            </TextLine>
            <TextLine id="r1l55" custom="readingOrder {index:54;}">
                <Coords points="762,2535 1048,2548 1203,2520 1394,2546 1561,2535 1590,2494 761,2499"/>
                <Baseline points="767,2533 807,2533 848,2533 889,2533 930,2533 971,2532 1012,2532 1053,2531 1094,2530 1135,2530 1176,2529 1216,2528 1257,2528 1298,2527 1339,2526 1380,2526 1421,2525 1462,2525 1503,2524 1544,2524 1585,2524"/>
                <TextEquiv>
                    <Unicode>Stilgemeng nicht mehr zurecht, zumal bei</Unicode>
                </TextEquiv>
            </TextLine>
            <TextLine id="r1l56" custom="readingOrder {index:55;}">
                <Coords points="758,2591 1276,2567 1504,2589 1579,2567 1579,2544 758,2549"/>
                <Baseline points="763,2575 803,2576 844,2576 884,2576 925,2576 965,2576 1006,2575 1046,2575 1087,2574 1127,2574 1168,2573 1208,2572 1249,2572 1289,2571 1330,2570 1370,2569 1411,2569 1451,2568 1492,2568 1532,2567 1573,2567"/>
                <TextEquiv>
                    <Unicode>solchem Spielgemeng. Das Ganze verdient</Unicode>
                </TextEquiv>
            </TextLine>
            <TextLine id="r1l57" custom="readingOrder {index:56;}">
                <Coords points="767,2628 1299,2631 1404,2607 1452,2633 1557,2627 1586,2584 766,2589"/>
                <Baseline points="772,2620 812,2620 852,2619 893,2619 933,2618 974,2618 1014,2617 1055,2617 1095,2617 1136,2616 1176,2616 1216,2615 1257,2615 1297,2614 1338,2614 1378,2613 1419,2613 1459,2612 1500,2612 1540,2611 1581,2610"/>
                <TextEquiv>
                    <Unicode>in die Mitte des Abends gesetzt, nochmals</Unicode>
                </TextEquiv>
            </TextLine>
            <TextLine id="r1l58" custom="readingOrder {index:57;}">
                <Coords points="751,2671 1583,2666 1545,2621 1466,2642 1406,2607 1321,2638 751,2638"/>
                <Baseline points="756,2665 797,2665 838,2665 879,2664 920,2663 961,2663 1002,2662 1043,2661 1084,2661 1125,2660 1166,2659 1207,2659 1248,2658 1289,2657 1330,2657 1371,2656 1412,2656 1453,2655 1494,2655 1535,2655 1577,2655"/>
                <TextEquiv>
                    <Unicode>einstudiert und auch gekürzt zu werden. Mit</Unicode>
                </TextEquiv>
            </TextLine>
            <TextLine id="r1l59" custom="readingOrder {index:58;}">
                <Coords points="752,2707 1080,2705 1128,2733 1223,2706 1358,2727 1588,2708 1587,2678 1551,2665 751,2672"/>
                <Baseline points="757,2709 798,2709 839,2708 880,2707 922,2706 963,2706 1004,2705 1045,2704 1087,2704 1128,2703 1169,2703 1210,2702 1252,2701 1293,2701 1334,2701 1375,2700 1417,2700 1458,2700 1499,2700 1540,2700 1582,2700"/>
                <TextEquiv>
                    <Unicode>seinem diskreten Zauber ist es im Grunde</Unicode>
                </TextEquiv>
            </TextLine>
            <TextLine id="r1l60" custom="readingOrder {index:59;}">
                <Coords points="760,2754 771,2749 805,2765 824,2755 863,2764 899,2754 1002,2755 1030,2765 1085,2752 1085,2729 1020,2712 939,2725 888,2712 848,2729 759,2712"/>
                <Baseline points="765,2748 791,2749 817,2749 843,2749 870,2749 896,2749 922,2748 948,2747 975,2747 1001,2746 1027,2746 1053,2746 1080,2747"/>
                <TextEquiv>
                    <Unicode>reine Vereinskost.</Unicode>
                </TextEquiv>
            </TextLine>
            <TextLine id="r1l61" custom="readingOrder {index:60;}">
                <Coords points="1468,2792 1484,2792 1497,2799 1515,2793 1523,2798 1540,2796 1550,2801 1559,2799 1569,2789 1581,2791 1577,2742 1569,2745 1559,2742 1539,2758 1524,2751 1509,2758 1465,2754"/>
                <Baseline points="1473,2793 1498,2791 1524,2789 1549,2787 1575,2785"/>
                <TextEquiv>
                    <Unicode>„Die</Unicode>
                </TextEquiv>
            </TextLine>
            <TextLine id="r1l62" custom="readingOrder {index:61;}">
                <Coords points="804,2791 852,2807 1105,2805 1179,2785 1455,2799 1454,2752 1404,2742 1349,2765 804,2762"/>
                <Baseline points="809,2793 841,2794 873,2795 905,2796 937,2796 969,2796 1001,2796 1033,2795 1065,2795 1097,2794 1129,2793 1161,2792 1193,2792 1225,2791 1257,2790 1289,2790 1321,2790 1353,2790 1385,2790 1417,2790 1449,2791"/>
                <TextEquiv>
                    <Unicode>Von dem übrigen erwähne ich:</Unicode>
                </TextEquiv>
            </TextLine>
            <TextLine id="r1l63" custom="readingOrder {index:62;}">
                <Coords points="766,2837 1265,2851 1364,2822 1531,2844 1582,2834 1582,2801 766,2811"/>
                <Baseline points="772,2843 812,2841 852,2840 892,2839 933,2837 973,2836 1013,2836 1053,2835 1094,2834 1134,2834 1174,2834 1214,2833 1255,2833 1295,2833 1335,2833 1375,2833 1416,2832 1456,2832 1496,2832 1536,2832 1577,2831"/>
                <TextEquiv>
                    <Unicode>Cippelschikse“ von Hans Oswald; eine Land¬</Unicode>
                </TextEquiv>
            </TextLine>
            <TextLine id="r1l64" custom="readingOrder {index:63;}">
                <Coords points="760,2896 1587,2885 1586,2839 759,2848"/>
                <Baseline points="765,2887 805,2885 846,2884 887,2883 928,2882 969,2881 1009,2880 1050,2879 1091,2879 1132,2879 1173,2878 1213,2878 1254,2878 1295,2878 1336,2877 1377,2877 1417,2877 1458,2877 1499,2876 1540,2876 1581,2875"/>
                <TextEquiv>
                    <Unicode>streicherscene mit Naturalismus, doch kaum</Unicode>
                </TextEquiv>
            </TextLine>
            <TextLine id="r1l65" custom="readingOrder {index:64;}">
                <Coords points="756,2926 1490,2939 1563,2931 1592,2882 756,2899"/>
                <Baseline points="762,2930 803,2929 844,2928 885,2927 927,2927 968,2926 1009,2926 1050,2925 1092,2925 1133,2925 1174,2924 1215,2924 1257,2923 1298,2923 1339,2923 1380,2922 1422,2922 1463,2921 1504,2920 1545,2920 1587,2919"/>
                <TextEquiv>
                    <Unicode>mit dem letzten Naturalismus; mich hat sie</Unicode>
                </TextEquiv>
            </TextLine>
            <TextLine id="r1l66" custom="readingOrder {index:65;}">
                <Coords points="758,2995 1586,2965 1585,2943 1509,2924 757,2944"/>
                <Baseline points="763,2976 803,2975 844,2974 885,2972 926,2971 967,2970 1008,2969 1048,2968 1089,2967 1130,2966 1171,2965 1212,2964 1253,2963 1294,2963 1334,2962 1375,2962 1416,2962 1457,2962 1498,2962 1539,2963 1580,2964"/>
                <TextEquiv>
                    <Unicode>gefesselt; ähnliches sollte mehr geboten werden.</Unicode>
                </TextEquiv>
            </TextLine>
            <TextLine id="r1l67" custom="readingOrder {index:66;}">
                <Coords points="770,3025 1575,3019 1575,2984 770,2993"/>
                <Baseline points="775,3018 814,3018 854,3017 894,3016 934,3015 973,3015 1013,3013 1053,3012 1093,3011 1132,3011 1172,3010 1212,3009 1252,3008 1291,3007 1331,3007 1371,3007 1411,3006 1450,3007 1490,3007 1530,3007 1570,3008"/>
                <TextEquiv>
                    <Unicode>Ferner: „Die Musik kommt“ von Lilieneron,</Unicode>
                </TextEquiv>
            </TextLine>
            <TextLine id="r1l68" custom="readingOrder {index:67;}">
                <Coords points="760,3054 914,3075 1079,3052 1559,3068 1584,3062 1584,3022 760,3031"/>
                <Baseline points="765,3062 805,3062 846,3061 887,3061 927,3060 968,3059 1009,3058 1049,3057 1090,3056 1131,3055 1172,3054 1212,3053 1253,3053 1294,3052 1334,3051 1375,3051 1416,3051 1456,3051 1497,3051 1538,3052 1579,3052"/>
                <TextEquiv>
                    <Unicode>sehr leicht und hübsch von Oskar Strauß</Unicode>
                </TextEquiv>
            </TextLine>
            <TextLine id="r1l69" custom="readingOrder {index:68;}">
                <Coords points="763,3119 880,3118 924,3091 969,3115 1182,3110 1249,3083 1316,3108 1568,3113 1585,3063 980,3056 762,3082"/>
                <Baseline points="768,3111 808,3109 849,3107 889,3105 930,3104 971,3103 1011,3102 1052,3101 1093,3099 1133,3099 1174,3098 1215,3097 1255,3096 1296,3096 1337,3095 1377,3095 1418,3095 1459,3095 1499,3095 1540,3095 1581,3095"/>
                <TextEquiv>
                    <Unicode>gesetzt. „Seelenbündnis“ ein Lied mit</Unicode>
                </TextEquiv>
            </TextLine>
            <TextLine id="r1l70" custom="readingOrder {index:69;}">
                <Coords points="760,3155 1581,3143 1580,3108 1550,3102 1205,3123 1157,3103 1095,3126 915,3100 760,3123"/>
                <Baseline points="765,3151 805,3150 846,3149 886,3148 927,3148 967,3147 1008,3146 1048,3145 1089,3144 1129,3144 1170,3143 1211,3142 1251,3142 1292,3141 1332,3140 1373,3140 1413,3139 1454,3139 1494,3139 1535,3138 1576,3138"/>
                <TextEquiv>
                    <Unicode>dem Refrain: „Wie Goethe und die</Unicode>
                </TextEquiv>
            </TextLine>
            <TextLine id="r1l71" custom="readingOrder {index:70;}">
                <Coords points="761,3191 1595,3189 1580,3148 1281,3149 1236,3174 811,3151 760,3175"/>
                <Baseline points="766,3196 807,3194 848,3193 889,3191 930,3190 971,3189 1012,3188 1054,3188 1095,3187 1136,3186 1177,3186 1218,3185 1259,3185 1300,3184 1342,3184 1383,3184 1424,3184 1465,3183 1506,3183 1547,3183 1589,3182"/>
                <TextEquiv>
                    <Unicode>Frau von Stein“, ganz reizend. Bogumil</Unicode>
                </TextEquiv>
            </TextLine>
            <TextLine id="r1l72" custom="readingOrder {index:71;}">
                <Coords points="768,3236 857,3257 908,3228 1037,3224 1104,3248 1389,3231 1454,3251 1560,3234 1594,3203 767,3209"/>
                <Baseline points="773,3239 813,3237 854,3236 895,3235 936,3234 977,3233 1017,3233 1058,3232 1099,3232 1140,3231 1181,3231 1221,3231 1262,3230 1303,3230 1344,3230 1385,3229 1425,3229 1466,3228 1507,3228 1548,3227 1589,3226"/>
                <TextEquiv>
                    <Unicode>Zepler kam besser zu seinem Recht als</Unicode>
                </TextEquiv>
            </TextLine>
            <TextLine id="r1l73" custom="readingOrder {index:72;}">
                <Coords points="768,3282 1559,3283 1594,3276 1594,3248 767,3243"/>
                <Baseline points="773,3279 813,3279 854,3279 895,3278 936,3278 977,3277 1017,3277 1058,3277 1099,3276 1140,3276 1181,3275 1221,3275 1262,3275 1303,3274 1344,3274 1385,3274 1425,3273 1466,3273 1507,3272 1548,3272 1589,3272"/>
                <TextEquiv>
                    <Unicode>das erste Mal; seine Komposition einer</Unicode>
                </TextEquiv>
            </TextLine>
            <TextLine id="r1l74" custom="readingOrder {index:73;}">
                <Coords points="760,3328 1525,3332 1592,3285 759,3288"/>
                <Baseline points="765,3326 806,3325 847,3324 888,3323 929,3322 970,3322 1011,3321 1052,3320 1093,3320 1134,3320 1176,3319 1217,3319 1258,3319 1299,3318 1340,3318 1381,3318 1422,3318 1463,3317 1504,3317 1545,3317 1587,3316"/>
                <TextEquiv>
                    <Unicode>höfischen, zierlichen, drolligen Ballade gefiel</Unicode>
                </TextEquiv>
            </TextLine>
            <TextLine id="r1l75" custom="readingOrder {index:74;}">
                <Coords points="765,3375 1592,3365 1583,3321 764,3335"/>
                <Baseline points="770,3373 810,3371 851,3369 892,3367 933,3366 974,3365 1015,3364 1055,3363 1096,3363 1137,3362 1178,3361 1219,3361 1260,3361 1301,3361 1341,3361 1382,3361 1423,3361 1464,3361 1505,3361 1546,3361 1587,3361"/>
                <TextEquiv>
                    <Unicode>sehr. Herr Pserhofer sagte Epigramme. Er sei</Unicode>
                </TextEquiv>
            </TextLine>
            <TextLine id="r1l76" custom="readingOrder {index:75;}">
                <Coords points="770,3413 1580,3413 1587,3374 770,3383"/>
                <Baseline points="776,3412 816,3413 856,3412 896,3412 937,3412 977,3411 1017,3410 1058,3409 1098,3408 1138,3407 1179,3407 1219,3406 1259,3405 1299,3404 1340,3403 1380,3403 1420,3403 1461,3402 1501,3403 1541,3403 1582,3404"/>
                <TextEquiv>
                    <Unicode>bedankt. Pierrots Fastnacht, eine Pantomime</Unicode>
                </TextEquiv>
            </TextLine>
            <TextLine id="r1l77" custom="readingOrder {index:76;}">
                <Coords points="771,3461 1549,3461 1588,3442 1588,3412 770,3427"/>
                <Baseline points="776,3452 816,3453 856,3454 897,3454 937,3454 977,3453 1018,3453 1058,3452 1098,3452 1139,3451 1179,3450 1219,3449 1260,3449 1300,3448 1340,3448 1381,3447 1421,3447 1461,3448 1502,3448 1542,3449 1583,3450"/>
                <TextEquiv>
                    <Unicode>von Leo Feld mit der Musik von Oskar Strauß,</Unicode>
                </TextEquiv>
            </TextLine>
            <TextLine id="r1l78" custom="readingOrder {index:77;}">
                <Coords points="768,3498 1592,3510 1592,3459 767,3472"/>
                <Baseline points="773,3497 813,3497 854,3498 895,3498 935,3498 976,3498 1017,3497 1057,3497 1098,3496 1139,3496 1180,3495 1220,3494 1261,3494 1302,3493 1342,3492 1383,3492 1424,3491 1464,3491 1505,3491 1546,3491 1587,3491"/>
                <TextEquiv>
                    <Unicode>war hübsch, aber zu wenig greifbar. Ferner:</Unicode>
                </TextEquiv>
            </TextLine>
            <TextLine id="r1l79" custom="readingOrder {index:78;}">
                <Coords points="764,3538 1023,3536 1056,3557 1583,3536 1556,3499 764,3520"/>
                <Baseline points="769,3539 809,3541 849,3541 890,3542 930,3542 971,3542 1011,3542 1051,3541 1092,3540 1132,3539 1173,3538 1213,3537 1253,3536 1294,3535 1334,3534 1375,3533 1415,3533 1455,3533 1496,3533 1536,3534 1577,3535"/>
                <TextEquiv>
                    <Unicode>die Bradskp ist immer noch die Beste, die</Unicode>
                </TextEquiv>
            </TextLine>
            <TextLine id="r1l80" custom="readingOrder {index:79;}">
                <Coords points="779,3578 1512,3596 1586,3571 1586,3538 779,3557"/>
                <Baseline points="785,3589 824,3588 864,3586 904,3585 944,3584 984,3584 1023,3583 1063,3582 1103,3581 1143,3581 1183,3580 1222,3580 1262,3580 1302,3580 1342,3579 1382,3579 1421,3579 1461,3579 1501,3579 1541,3579 1581,3579"/>
                <TextEquiv>
                    <Unicode>Frau Destrée immer noch die Schönste. Hans</Unicode>
                </TextEquiv>
            </TextLine>
            <TextLine id="r1l81" custom="readingOrder {index:80;}">
                <Coords points="775,3633 1593,3628 1592,3584 882,3607 774,3580"/>
                <Baseline points="780,3631 820,3630 860,3630 901,3629 941,3628 981,3628 1022,3628 1062,3627 1102,3627 1143,3627 1183,3626 1223,3626 1264,3626 1304,3625 1344,3625 1385,3624 1425,3624 1465,3623 1506,3622 1546,3621 1587,3620"/>
                <TextEquiv>
                    <Unicode>Heisiz. Evers aus Düsseldorf las gereimte,</Unicode>
                </TextEquiv>
            </TextLine>
            <TextLine id="r1l82" custom="readingOrder {index:81;}">
                <Coords points="768,3672 836,3692 1180,3667 1456,3682 1577,3663 1589,3629 1407,3629 1371,3653 1235,3631 1161,3659 1054,3632 828,3634 768,3657"/>
                <Baseline points="774,3672 814,3672 855,3672 895,3672 936,3672 976,3671 1017,3671 1057,3671 1098,3671 1138,3670 1179,3670 1219,3670 1260,3669 1300,3668 1341,3668 1381,3667 1422,3666 1462,3664 1503,3663 1543,3661 1584,3659"/>
                <TextEquiv>
                    <Unicode>ohrfällige Fabelchen. Bei dem „Mistkäfer“</Unicode>
                </TextEquiv>
            </TextLine>
            <TextLine id="r1l83" custom="readingOrder {index:82;}">
                <Coords points="772,3727 1583,3718 1582,3679 1478,3672 772,3694"/>
                <Baseline points="778,3717 820,3716 862,3715 904,3715 946,3714 988,3714 1030,3713 1072,3713 1114,3713 1156,3713 1198,3713 1240,3712 1282,3712 1324,3712 1366,3711 1408,3711 1450,3710 1492,3709 1534,3708 1577,3707"/>
                <TextEquiv>
                    <Unicode>merkten die Klatschenden nicht, daß Heines</Unicode>
                </TextEquiv>
            </TextLine>
            <TextLine id="r1l84" custom="readingOrder {index:83;}">
                <Coords points="770,3782 828,3759 986,3778 1029,3746 1059,3774 1133,3747 1165,3768 1346,3750 1571,3771 1586,3732 769,3734"/>
                <Baseline points="775,3763 815,3763 855,3761 895,3760 936,3760 976,3759 1016,3759 1057,3758 1097,3758 1137,3757 1178,3757 1218,3756 1258,3756 1298,3756 1339,3755 1379,3755 1419,3754 1460,3754 1500,3753 1540,3752 1581,3751"/>
                <TextEquiv>
                    <Unicode>Wanzerich“ gar unschuldig abgeschrieben</Unicode>
                </TextEquiv>
            </TextLine>
            <TextLine id="r1l85" custom="readingOrder {index:84;}">
                <Coords points="767,3806 1388,3818 1569,3804 1596,3775 1058,3774 1031,3749 987,3778 767,3779"/>
                <Baseline points="773,3805 813,3804 854,3803 895,3803 936,3802 977,3802 1018,3801 1059,3801 1100,3801 1141,3800 1182,3800 1222,3800 1263,3800 1304,3800 1345,3800 1386,3799 1427,3799 1468,3799 1509,3799 1550,3799 1591,3798"/>
                <TextEquiv>
                    <Unicode>wärz big auf den bejubelten Schlußeffekt, der</Unicode>
                </TextEquiv>
            </TextLine>
            <TextLine id="r1l86" custom="readingOrder {index:85;}">
                <Coords points="820,3866 1600,3834 1554,3802 820,3813"/>
                <Baseline points="825,3849 863,3849 902,3848 940,3848 979,3847 1017,3847 1056,3847 1094,3846 1133,3846 1171,3845 1210,3845 1248,3844 1287,3844 1325,3843 1364,3843 1402,3842 1441,3842 1479,3841 1518,3840 1556,3840 1595,3839"/>
                <TextEquiv>
                    <Unicode>tgéfähr heißt: „Ich sitz' auf dem Thaler mit</Unicode>
                </TextEquiv>
            </TextLine>
            <TextLine id="r1l87" custom="readingOrder {index:86;}">
                <Coords points="798,3906 1139,3899 1171,3878 1248,3904 1556,3897 1601,3862 798,3863"/>
                <Baseline points="803,3890 842,3890 882,3890 921,3890 961,3890 1001,3890 1040,3890 1080,3889 1119,3889 1159,3889 1199,3889 1238,3889 1278,3888 1317,3888 1357,3888 1397,3887 1436,3887 1476,3887 1515,3887 1555,3886 1595,3886"/>
                <TextEquiv>
                    <Unicode>Enem Popa. — und spreche dreist: non oleo!</Unicode>
                </TextEquiv>
            </TextLine>
            <TextLine id="r1l88" custom="readingOrder {index:87;}">
                <Coords points="763,3939 859,3962 1139,3932 1270,3958 1311,3930 1536,3947 1598,3926 1538,3895 1248,3904 1171,3878 936,3913 763,3896"/>
                <Baseline points="768,3930 809,3931 850,3931 891,3932 932,3932 974,3932 1015,3932 1056,3932 1097,3932 1138,3932 1180,3932 1221,3932 1262,3931 1303,3931 1344,3931 1386,3930 1427,3930 1468,3930 1509,3929 1550,3929 1592,3929"/>
                <TextEquiv>
                    <Unicode># heine handelt sichtsAst einen Pfennig,</Unicode>
                </TextEquiv>
            </TextLine>
            <TextLine id="r1l89" custom="readingOrder {index:88;}">
                <Coords points="775,3984 1495,3987 1598,3951 774,3949"/>
                <Baseline points="780,3975 820,3975 861,3975 901,3975 942,3975 983,3975 1023,3975 1064,3974 1104,3974 1145,3974 1186,3974 1226,3973 1267,3973 1307,3973 1348,3973 1389,3972 1429,3972 1470,3972 1510,3972 1551,3973 1592,3973"/>
                <TextEquiv>
                    <Unicode>und das letzte Reimwort“ heißt „Dessauer</Unicode>
                </TextEquiv>
            </TextLine>
            <TextLine id="r1l90" custom="readingOrder {index:89;}">
                <Coords points="735,4026 1597,4022 1531,3981 1458,4004 1258,3978 735,3989"/>
                <Baseline points="740,4021 782,4020 825,4019 867,4018 910,4018 953,4018 995,4018 1038,4018 1080,4018 1123,4019 1166,4019 1208,4019 1251,4020 1293,4020 1336,4020 1379,4020 1421,4019 1464,4019 1506,4018 1549,4017 1592,4015"/>
                <TextEquiv>
                    <Unicode>m Marsch##Endlich hat Edel famose, Zeich¬</Unicode>
                </TextEquiv>
            </TextLine>
            <TextLine id="r1l91" custom="readingOrder {index:90;}">
                <Coords points="738,4060 1066,4082 1580,4057 1547,4027 738,4039"/>
                <Baseline points="743,4061 784,4062 826,4062 867,4063 909,4064 951,4064 992,4065 1034,4065 1075,4065 1117,4065 1159,4065 1200,4065 1242,4065 1283,4064 1325,4064 1367,4064 1408,4063 1450,4062 1491,4062 1533,4061 1575,4060"/>
                <TextEquiv>
                    <Unicode>##nungen) meist Plakates## ims Nebengelaß aus¬</Unicode>
                </TextEquiv>
            </TextLine>
            <TextLine id="r1l92" custom="readingOrder {index:91;}">
                <Coords points="772,4123 924,4107 1032,4126 1351,4120 1401,4110 1400,4073 968,4072 922,4098 889,4073 834,4074 771,4092"/>
                <Baseline points="777,4112 807,4111 838,4110 869,4109 900,4108 931,4107 962,4107 993,4106 1024,4106 1055,4106 1086,4106 1116,4106 1147,4106 1178,4105 1209,4105 1240,4105 1271,4105 1302,4105 1333,4104 1364,4104 1395,4103"/>
                <TextEquiv>
                    <Unicode>gestellt. Wolzogen dirigierte alles.</Unicode>
                </TextEquiv>
            </TextLine>
            <TextEquiv>
                <Unicode>ichstr. 50 ome
&amp; Flothow, Charlottenburg. Möbel aus dem
Kunstsalon Markiewicz. Teppich=Dekorationen
von der Firma J. Adler, Königstr. 20.“
Der Dorsitzende Wolzogen eröffnete den
Verein an diesem Abend mit einer Ansprache.
Er äußerte dem Sinne nach: „. . . und wird
es mein eifriges Bestreben sein, auch ferner “
Gegen neun Uhr wurde ein silberner
Corbeerkranz dem Dorsitzenden durch mehrere
Vereinsmitglieder überreicht. Der Kranz lag
in einem Etui. Auch sonst berührte der
allgemeine Anstand wohlthuend.
Ohne Spaß: Wolzogen hat zwei Seiten, eine
windumwehte und eine spießerige. Wir lieben
die windumwehte, er lasse die andere nicht
allmächtig werden. Nicht den Silberkranz
hätten die Mitglieder, eine Flasche Sekt hätten
sie ihm stiften sollen. Aber vielleicht lag alles
nur an einer vorübergehenden Stimmung.
Die Anordnung des Programms war
mißlich. Das Feine setzte man hinter das
Derbere. So verpuffte die Wirkung. Das
Feine waren Schnitzlers „Marionetten“
Sehr reizvoll die Einkleidung: Wurstlprater,
ein Klavier im Freien, abendliche Gäste,
der Ausrufer vor einer Marionettenbühne,
der Dorhang steigt, das Wurstldrama beginnt.
Es ist aber kein Wurstlstück, das wirklich im
Prater könnte vor sich gehen: sondern eine
Litteratursatire; eine Marionette sagt: Ich bin
der Räsonneur — und so weiter. Wer den
Grünen Kakadu kennt und Schnitzler kennt,
muß sagen: es ist „sehr Schnitzler“
Man bedenke, erstens: die Komödie in der
Komödie, zweitens: Huppen von Menschen
dargestellt (während sonst im Marionettenspiel
Menschen von Duppen dargestellt werden),
drittens: bewußte Doppelbodigkest in der
Handlung, ungefähr so, nur ungesähr, denn
man sprach sehr undeutlich, daß jemand
mit der Gattin eines Herzogs Ehebruch
zu treiben glaubt, in Wahrheit aber eine vor
sich hat, mit welcher der Hergog gegen seine
Gattin Ehebruch verübt. Kurz: #ie verkehrteste
Welt, wo Schein Wirklichkeit, Wirklichkeit
Schein wird, alles leis ins Schauerliche
schimmernd, mittendrin der Cod. Es ist also
sehr Schnitzler. Dieses Gewirr aber; diese
maëstria des Taschenspiels; dieses glänzende
Handhaben der Verzwicktheit: alles das ist
einer derb lustigen Stimmung nicht vorteilhaft;
einer nachdenklichen eher; am ehesten einer
schwankenden. Denn man kennt sich in dem
Stilgemeng nicht mehr zurecht, zumal bei
solchem Spielgemeng. Das Ganze verdient
in die Mitte des Abends gesetzt, nochmals
einstudiert und auch gekürzt zu werden. Mit
seinem diskreten Zauber ist es im Grunde
reine Vereinskost.
„Die
Von dem übrigen erwähne ich:
Cippelschikse“ von Hans Oswald; eine Land¬
streicherscene mit Naturalismus, doch kaum
mit dem letzten Naturalismus; mich hat sie
gefesselt; ähnliches sollte mehr geboten werden.
Ferner: „Die Musik kommt“ von Lilieneron,
sehr leicht und hübsch von Oskar Strauß
gesetzt. „Seelenbündnis“ ein Lied mit
dem Refrain: „Wie Goethe und die
Frau von Stein“, ganz reizend. Bogumil
Zepler kam besser zu seinem Recht als
das erste Mal; seine Komposition einer
höfischen, zierlichen, drolligen Ballade gefiel
sehr. Herr Pserhofer sagte Epigramme. Er sei
bedankt. Pierrots Fastnacht, eine Pantomime
von Leo Feld mit der Musik von Oskar Strauß,
war hübsch, aber zu wenig greifbar. Ferner:
die Bradskp ist immer noch die Beste, die
Frau Destrée immer noch die Schönste. Hans
Heisiz. Evers aus Düsseldorf las gereimte,
ohrfällige Fabelchen. Bei dem „Mistkäfer“
merkten die Klatschenden nicht, daß Heines
Wanzerich“ gar unschuldig abgeschrieben
wärz big auf den bejubelten Schlußeffekt, der
tgéfähr heißt: „Ich sitz' auf dem Thaler mit
Enem Popa. — und spreche dreist: non oleo!
# heine handelt sichtsAst einen Pfennig,
und das letzte Reimwort“ heißt „Dessauer
m Marsch##Endlich hat Edel famose, Zeich¬
##nungen) meist Plakates## ims Nebengelaß aus¬
gestellt. Wolzogen dirigierte alles.</Unicode>
            </TextEquiv>
        </TextRegion>
        <TextRegion orientation="0.0" id="r2" custom="readingOrder {index:1;}">
            <Coords points="1584,169 1584,941 1724,941 1724,169"/>
            <TextLine id="r2l1" custom="readingOrder {index:0;}">
                <Coords points="1590,203 1608,198 1615,202 1629,197 1632,201 1655,204 1665,197 1687,201 1695,194 1705,192 1707,169 1697,165 1666,170 1650,162 1641,165 1626,159 1608,160 1599,166 1593,164"/>
                <Baseline points="1596,189 1622,190 1648,191 1674,193 1700,195"/>
                <TextEquiv>
                    <Unicode>Litter</Unicode>
                </TextEquiv>
            </TextLine>
            <TextLine id="r2l2" custom="readingOrder {index:1;}">
                <Coords points="1585,246 1598,243 1618,251 1635,239 1645,239 1676,252 1689,241 1718,243 1730,239 1729,208 1663,213 1645,201 1583,199"/>
                <Baseline points="1590,238 1616,236 1643,235 1670,235 1697,235 1724,232"/>
                <TextEquiv>
                    <Unicode>Zeug.—</Unicode>
                </TextEquiv>
            </TextLine>
            <TextLine id="r2l3" custom="readingOrder {index:2;}">
                <Coords points="1587,292 1611,287 1623,290 1637,284 1667,295 1675,290 1686,292 1695,288 1698,254 1683,259 1654,244 1632,251 1590,244"/>
                <Baseline points="1594,275 1626,279 1658,280 1691,282"/>
                <TextEquiv>
                    <Unicode>kraft</Unicode>
                </TextEquiv>
            </TextLine>
            <TextLine id="r2l4" custom="readingOrder {index:3;}">
                <Coords points="1581,329 1598,326 1609,335 1632,328 1641,338 1653,330 1659,335 1675,331 1685,335 1698,326 1713,328 1715,296 1706,295 1698,301 1669,293 1658,297 1637,285 1582,296"/>
                <Baseline points="1586,321 1616,322 1647,324 1677,325 1708,327"/>
                <TextEquiv>
                    <Unicode>Schur</Unicode>
                </TextEquiv>
            </TextLine>
            <TextLine id="r2l5" custom="readingOrder {index:4;}">
                <Coords points="1583,376 1598,373 1602,377 1614,371 1647,376 1663,371 1681,385 1704,376 1714,377 1715,360 1701,358 1675,333 1659,334 1654,330 1634,338 1625,333 1606,335 1598,327 1586,326"/>
                <Baseline points="1589,364 1619,365 1649,366 1679,368 1709,372"/>
                <TextEquiv>
                    <Unicode>Wein</Unicode>
                </TextEquiv>
            </TextLine>
            <TextLine id="r2l6" custom="readingOrder {index:5;}">
                <Coords points="1588,421 1610,427 1621,419 1628,424 1640,419 1652,425 1660,419 1681,418 1688,411 1700,411 1701,381 1670,387 1664,381 1651,382 1628,371 1614,371 1601,378 1589,376"/>
                <Baseline points="1593,408 1618,411 1644,412 1669,412 1695,412"/>
                <TextEquiv>
                    <Unicode>hätte</Unicode>
                </TextEquiv>
            </TextLine>
            <TextLine id="r2l7" custom="readingOrder {index:6;}">
                <Coords points="1584,465 1611,463 1618,458 1638,468 1660,461 1669,465 1677,459 1699,456 1701,425 1686,423 1678,417 1661,429 1652,429 1641,419 1632,424 1620,419 1599,431 1586,430"/>
                <Baseline points="1590,453 1616,455 1642,457 1668,458 1694,459"/>
                <TextEquiv>
                    <Unicode>ein 7</Unicode>
                </TextEquiv>
            </TextLine>
            <TextLine id="r2l8" custom="readingOrder {index:7;}">
                <Coords points="1585,499 1594,498 1600,505 1607,504 1611,508 1616,506 1627,509 1631,505 1635,507 1645,503 1665,508 1668,460 1652,461 1639,471 1631,470 1624,463 1604,468 1597,464 1587,465"/>
                <Baseline points="1590,495 1625,497 1660,499"/>
                <TextEquiv>
                    <Unicode>ein</Unicode>
                </TextEquiv>
            </TextLine>
            <TextLine id="r2l9" custom="readingOrder {index:8;}">
                <Coords points="1588,547 1604,543 1637,552 1655,546 1660,550 1670,550 1680,544 1692,546 1694,525 1681,524 1661,506 1655,509 1649,504 1640,513 1624,511 1617,515 1606,504 1590,505"/>
                <Baseline points="1594,537 1625,539 1656,540 1687,542"/>
                <TextEquiv>
                    <Unicode>imm</Unicode>
                </TextEquiv>
            </TextLine>
            <TextLine id="r2l10" custom="readingOrder {index:9;}">
                <Coords points="1578,586 1613,603 1641,602 1652,591 1665,589 1690,598 1690,554 1676,548 1665,557 1655,547 1652,551 1641,548 1636,552 1625,550 1616,557 1606,555 1598,564 1578,568"/>
                <Baseline points="1584,588 1609,584 1634,584 1659,586 1685,585"/>
                <TextEquiv>
                    <Unicode>gabe</Unicode>
                </TextEquiv>
            </TextLine>
            <TextLine id="r2l11" custom="readingOrder {index:10;}">
                <Coords points="1583,636 1597,643 1620,633 1626,638 1632,634 1650,643 1675,629 1691,630 1692,598 1672,601 1665,594 1651,593 1642,601 1632,603 1624,599 1615,603 1602,599 1584,601"/>
                <Baseline points="1589,628 1621,627 1653,629 1686,631"/>
                <TextEquiv>
                    <Unicode>meis</Unicode>
                </TextEquiv>
            </TextLine>
            <TextLine id="r2l12" custom="readingOrder {index:11;}">
                <Coords points="1587,670 1615,680 1623,676 1651,677 1653,680 1667,670 1680,673 1685,667 1691,668 1692,640 1684,636 1677,642 1667,642 1657,637 1644,647 1616,635 1594,645 1588,644"/>
                <Baseline points="1592,667 1623,669 1654,670 1685,672"/>
                <TextEquiv>
                    <Unicode>eine</Unicode>
                </TextEquiv>
            </TextLine>
            <TextLine id="r2l13" custom="readingOrder {index:12;}">
                <Coords points="1583,726 1593,728 1620,720 1651,717 1663,724 1673,716 1689,714 1692,667 1650,678 1644,683 1635,676 1623,676 1613,683 1585,685"/>
                <Baseline points="1589,712 1620,711 1651,713 1683,718"/>
                <TextEquiv>
                    <Unicode>tritt</Unicode>
                </TextEquiv>
            </TextLine>
            <TextLine id="r2l14" custom="readingOrder {index:13;}">
                <Coords points="1579,764 1587,765 1597,759 1613,768 1623,760 1636,763 1645,772 1656,768 1672,770 1675,722 1667,720 1658,724 1651,717 1640,723 1621,720 1601,727 1582,728"/>
                <Baseline points="1585,756 1612,756 1639,758 1667,762"/>
                <TextEquiv>
                    <Unicode>Sch</Unicode>
                </TextEquiv>
            </TextLine>
            <TextLine id="r2l15" custom="readingOrder {index:14;}">
                <Coords points="1579,797 1592,795 1604,807 1609,804 1624,812 1639,812 1653,801 1660,803 1662,769 1655,768 1646,773 1636,763 1624,760 1617,764 1606,764 1596,771 1580,772"/>
                <Baseline points="1584,799 1619,798 1654,803"/>
                <TextEquiv>
                    <Unicode>ich</Unicode>
                </TextEquiv>
            </TextLine>
            <TextLine id="r2l16" custom="readingOrder {index:15;}">
                <Coords points="1588,853 1596,856 1606,849 1633,852 1639,849 1648,852 1667,843 1672,848 1678,848 1678,813 1668,810 1658,817 1655,814 1643,815 1641,812 1611,809 1607,813 1589,815"/>
                <Baseline points="1593,842 1619,842 1645,843 1672,843"/>
                <TextEquiv>
                    <Unicode>We</Unicode>
                </TextEquiv>
            </TextLine>
            <TextLine id="r2l17" custom="readingOrder {index:16;}">
                <Coords points="1591,903 1597,904 1601,899 1609,902 1624,896 1639,899 1645,892 1654,894 1660,890 1669,893 1667,849 1658,852 1652,850 1650,853 1639,848 1615,853 1607,849 1596,856 1588,853"/>
                <Baseline points="1595,891 1629,887 1663,887"/>
                <TextEquiv>
                    <Unicode>Jai</Unicode>
                </TextEquiv>
            </TextLine>
            <TextLine id="r2l18" custom="readingOrder {index:17;}">
                <Coords points="1589,933 1597,933 1607,941 1616,935 1627,940 1638,935 1648,942 1677,935 1677,903 1652,908 1647,903 1644,905 1628,896 1617,903 1612,899 1602,900 1597,904 1589,903"/>
                <Baseline points="1595,931 1620,929 1645,929 1671,931"/>
                <TextEquiv>
                    <Unicode>übe</Unicode>
                </TextEquiv>
            </TextLine>
            <TextEquiv>
                <Unicode>Litter
Zeug.—
kraft
Schur
Wein
hätte
ein 7
ein
imm
gabe
meis
eine
tritt
Sch
ich
We
Jai
übe</Unicode>
            </TextEquiv>
        </TextRegion>
        <TextRegion orientation="0.0" id="r3" custom="readingOrder {index:2;}">
            <Coords points="1593,4009 1593,4160 1734,4160 1734,4009"/>
            <TextLine id="r3l1" custom="readingOrder {index:0;}">
                <Coords points="1588,4117 1604,4111 1622,4122 1644,4118 1649,4123 1678,4112 1693,4124 1708,4121 1727,4128 1740,4123 1739,4073 1721,4078 1682,4074 1676,4079 1659,4072 1645,4077 1638,4070 1610,4092 1588,4093"/>
                <Baseline points="1593,4110 1621,4110 1649,4109 1677,4109 1705,4109 1734,4109"/>
                <TextEquiv>
                    <Unicode>Der I</Unicode>
                </TextEquiv>
            </TextLine>
            <TextEquiv>
                <Unicode>Der I</Unicode>
            </TextEquiv>
        </TextRegion>
    </Page>
</PcGts>
