3344 4256
540 86 3306 213 Z. Bewich des s uid-Libendbian del Kaloital-Lenal
1648 249 2848 337 zu den Menschen. Deshalb das skeptische Lächeln, das er ihnen
2857 259 3323 347 die Höhe. Aus Psycholo
428 237 1639 360 Der Gesellschaftsroman Arthur Schnitzlers.
1652 308 2841 380 gern mitgibt. Darum ist seine Kunst sehr demokratisch, ganz im
2866 319 3311 388 mittelbares; diese Kunst
958 335 1090 404 Von
1653 349 2842 422 Gegensatz zu den anderen Vertretern des Oesterreichischen: v. Hof¬
2856 355 3309 434 klug und geistreich, umsch
802 369 1250 460 Kafimir Edschmid.
1657 385 2853 455 mannsthal. Dennoch ist er voll Reserve, selbst in der Opposition,
2863 407 3291 470 wird nicht ganz rein,
1655 426 2848 509 selbst im Angriff. Das macht die Tradition und der Boden.
2870 435 3309 515 sie auch nicht. Sie hat
460 442 1642 522 Der Stil, in dem um die Jahrhundertwende geschrieben wurde
1652 473 2848 556 Schließlich ist seine künstlerische Gesinnung ohne Wechsel, ohne
2864 490 3312 552 portion. In klugem W
419 481 1635 565 und den man mit Vorliebe den impressionistischen nennt, war nicht
1647 508 2229 574 Tadel, von absolutem Anstand.
2859 528 3297 599 Gebiets kommt ihr nie
408 528 1642 610 der Fresko=Stil, in dem, gleich Rubens und Tiepolo die großen
1698 546 2846 623 Die Technik dieser Schreibweise war zeitweise die durchgängige.
2864 560 3316 641 Anstand und voll meis
419 565 1635 643 Romane der Weltliteratur geschrieben wurden. Das Tempo dieser
1652 577 2841 669 Schnitzler scheint heute ihr gesündester Vertreter. Doch liegt im
2855 609 3317 679 Daß ihr letzte Größe vel
408 606 1634 685 Bücher war bedacht und elegant. Die Stimmungen waren hinein¬
1655 632 2855 716 psychologischen Sezieren die Grenze dieser Kunst von vornherein.
2865 646 3296 721 gerichtet, sich selbst zu g
407 640 1640 726 getüpfelt, die Bücher bestanden mehr aus Atmosphäre als aus Archi¬
1648 683 2854 754 Sie ist Kunst wie jede, beschränkt wie jede. Weniger in Breite und
2862 681 3317 762 rechtigkeit vor ihrer Zc
413 684 1645 779 tektur. Der lyrische Einschlag war unverkennbar vor den dramati¬
1658 729 2864 805 Stoffgebiet. Davon hat sie mehr als andere. Die Grenze geht in
411 724 1641 815 schen getreten. Die Meister dieser Schreibart waren die Skandina¬
2852 742 3324 821 Spiegel. Das ist genug
415 776 1635 850 ven, der Däne Jacobsen und Bang, der Schwede Geijerstam, der
401 821 1645 893 Norweger Hamsun. In Deutschland vertrat diesen Stil am meister¬
411 861 1648 913 lichsten Graf Eduard Keyserling. Ein Schüler Hamsuns, Bernhard
414 899 1640 981 Kellermann, dessen Romane viel gelesen wurden, und dessen techni¬
407 936 1650 1025 scher Roman „Der Tunnel“ einen Welterfolg erreichte, war ein
412 978 1638 1063 Nachahmer der nordischen Allüren, wolei man zugeben darf, daß er
401 1008 1637 1090 der deutschen Prosa seiner Zeit Geschmeidigkeit und Tempo zu geben
406 1058 1639 1136 verstand. Die Romanversuche des verstorbenen Bruders von
397 1105 1647 1191 Gerhart Hauptmann (Carl) waren Hilflosigkeiten von dem rühren¬
404 1149 1644 1224 den Zauber, den nur ein voll Visionen lebender, aber undisplinierter
411 1191 1645 1261 deutscher Autor hat. Mittlerweile hatte sich im Süden eine Roman¬
408 1229 1641 1285 form ausgebildet, die halb epigonal und halb neu war. Vor allem
403 1276 1633 1323 war sie Gesellschaftsliteratur, indem sie nicht irgendwelche gleich¬
400 1327 1633 1388 gültige Probleme schilderte, sondern tatsächlich die österreichische
1688 1313 1821 1398 Wie
403 1365 1629 1431 Nation schilderte. Es mag sein und ist wahrscheinlich, daß sie das
1641 1364 1812 1426 zurücks
404 1406 1634 1474 nicht beabsichtigte, denn im Vordergrund dieser Schule stand das
1643 1413 1805 1468 schmack
400 1447 1623 1507 Bemühen, das Denken der Menschen bloßzulegen, aber nicht, wie
1634 1453 1791 1507 man
402 1481 1628 1550 Benjamin Constant und Stendhal, die großen Gründer und Vollender
1637 1487 1816 1562 brachen
396 1522 1626 1585 des psychologischen Romans, es taten, indem sie titanische Welt¬
1643 1535 1814 1593 Luther
391 1561 1625 1631 gebäude über diese Untersuchungen aufbauten, sondern die Wiener
1631 1578 1815 1634 lebende
394 1601 1628 1675 Schule ging der Entblätterung der Seelenvorgänge mit fast medi¬
1644 1619 1825 1680 worauf
395 1654 1632 1701 zinischer Neugier nach. Man legte mit Pinzetten die Seele ausein¬
1641 1652 1833 1723 selbst v
397 1681 1630 1733 ander, ohne dabei dämonisch wie Dostojewski oder von dem unsterb¬
1639 1701 1831 1774 briet, n
386 1734 1629 1798 lichen Feuer d'Annunzios zu sein. Man verfügte nämlich über soviel
389 1774 1629 1825 Anmut, daß diese Spielart der Literatur halb medizinische Analyse
390 1814 1616 1885 und halb Maupassant-wurde. Sie wurde die Literatur jener Typen,
1642 1805 1824 1885 muß in
386 1853 1626 1925 die das Wien vor dem Weltkrieg darstellen, genau wie man bei
1637 1867 1824 1922 gewisse
391 1890 1628 1964 Musset die seines Frankreichs sehen kann. Der Ton ist leicht lyrisch,
1631 1900 1836 1971 Der fra#
396 1940 1619 2004 ja melancholisch bei aller Lebenslust. Bei Hugo von Hofmannsthal
1637 1940 1832 2012 verwund
396 1977 1626 2042 erreicht er fast die prinzenhafte Grazie Alfred de Musses. Die Schule
1637 1994 1832 2053 und bei
393 2015 1622 2086 ist recht ausgedehnt und ging von dem besten deutschen Kriminal¬
1626 2033 1832 2091 er sie st
397 2064 1623 2118 schriftsteller Otto Soyka über Felix Salten, Paul Zifferer, Sil Vara
1630 2071 1836 2136 zug vor
390 2111 1630 2179 bis zu Hermann Bahr, dessen Lustsipele ebenso wie die Schnitzlers in
1666 2114 1830 2172 Leide
390 2145 1620 2203 der ganzen Welt gespielt wurden, obwohl ihre Anmut größer ist als
1630 2140 1819 2216 Eigenar
396 2193 1626 2259 ihr Gehalt. Der typischste Vertreter ist der ehemalige Arzt
1627 2193 1809 2273 Kultur,
393 2230 1626 2306 Arthur Schnitzler, der im Jahre 1922 ein Sechziger wurde. und
1635 2240 1810 2297 fluß.
385 2268 1625 2341 dessen Novellen sowie sein dramatischer Zyklus „Anatol“ nach der
1626 2286 1828 2351 Ludwigs
381 2329 1621 2381 Revolution schon wie Denkmäler einer verflossenen Periode wirken.
1632 2327 1834 2382 Reize, die
447 2358 1622 2424 Man wird später, wenn die Hüllen der Zeit fallen, sagen: das ist
1637 2363 1842 2425 genen St
387 2384 1617 2460 das Oesterreich jener Zeit, weniger vielleicht das Kolorit als: die
1636 2408 1827 2466 selbst ent
393 2439 1619 2520 Herzen. Das ist die „Dunstschicht jener Leben, jenes Erlebens. In
1631 2456 1826 2510 Mahlzeit
378 2476 1474 2534 diesem Sinne wird Schnitzler für Oesterreich repräsentativ.
446 2532 1621 2593 Es schadet nichts, wenn, anknüpfend daran, das Urteil nach
1689 2532 1789 2602 tionne
386 2565 1626 2623 dem Wert dieser Lebensepoche gefällt wird. Das ist nun einmal
396 2608 1619 2662 diese Zeit, die er gibt. Er ist ihr Dichter, dessen Atem mit dem
383 2652 1613 2719 ihren schwingt. Schnitzler wird Vertreter einer Zeitkultur. Die
394 2697 1624 2758 Frage nach seinem Wert fällt nur mit dam den Zeit. Man ist im
381 2736 1614 2810 preußischen Deutschlid leicht geneigt, diese Zeit einer sogenannten
381 2784 1611 2842 „eisernen“ gegenüber zu unterschätzen. Man vergißt, daß hier eine
395 2827 1611 2875 Tradition lebt, nach der wir stets noch streben müssen. Dies wird
395 2868 1614 2919 wohl erst später aufgehen. Aber dennoch: diese Tatsache kann
387 2908 1610 2969 nicht darüber täuschen, daß, was den Atem, die Kraft, die Größe
387 2957 1613 3005 anlangt, diese österreichische Kunst uns oft schwach scheint. Daß
1627 2881 1875 3016 Knieen
397 2988 1630 3042 wir spüren, viele dieser Gefühle kämen aus zweiter Hand, schon
1625 2977 1872 3067 Und auch
393 3020 1613 3086 einmal gefuhlt und weitergegeben. Daß der Lebensrhythmus dieser
1630 3032 1873 3104 Gängen be
397 3074 1619 3128 Arbeiten, dessen Zärtlichkeit und schöne Farbe uns bezaubert, nicht
1620 3074 1870 3139 hielt. Das
392 3099 1622 3180 rasch und tief ins Herz stoße, daß er die schöne Oberfläche gebe
1629 3114 1871 3182 Huhn, das
391 3151 1624 3229 mit dem schönen Herzen, daß wir beides aber oft zu unterscheiden
1626 3166 1855 3231 Hühnerbrü
377 3204 1365 3258 nicht in der Lage seien. Dennoch aber: ein Werk.
1639 3214 1845 3271 ist, durfte
443 3226 1622 3309 Ein Werk, das keines seiner Stücke vermissen kann, weil alle
1639 3252 1844 3306 und das 2
393 3268 1609 3346 erst das Bestimmende ergeben. Ein Werk, das an keinem seiner
1633 3288 1873 3368 dienzien ei
389 3316 1629 3401 Bücher gemessen werden kann, denn alle zusammen machen erst
394 3370 1613 3424 sein innerstes Gefühl. Hier ist, wie nur noch Paris, die schöpfe¬
393 3404 1612 3469 rische Stadt. Sie hat in alle Bücher etwas gegeben. Den Duft
1631 3395 1871 3476 hielt auch:
1641 3457 1874 3513 seigneur se
389 3448 1615 3514 haben sie alle. Auch alle ein wenig die spielende Anmut, das
391 3501 1617 3559 Spielerische und die verbundenen Augen und oft das maßlose Ent¬
1627 3488 1863 3559 nahrhaftes
397 3537 1630 3599 setzen vor dem Tod. Demut und Ernst, Tragödie und Begeiste¬
1638 3532 1870 3607 Schüsseln r
396 3578 1612 3633 rung, die klugen Männer und die kleinen Mädchen und viele spiele¬
1625 3582 1876 3643 zwei Entre
389 3620 1615 3680 rische Frauen, das verteilt sich dann auf alle, ein wenig dort, das
1631 3628 1860 3689 man schon
391 3655 1620 3716 andere da. Ihr schönster und echtester Ton ist das Leichte mit
1639 3666 1871 3728 gestellten z
382 3710 1612 3772 Tragödie auf dem Grund, das Lachen mit Entsagen, die Zunge
1635 3704 1878 3779 König vora
391 3743 1617 3808 dem Dasein hinausgestreckt und Tränen in der Brust. Manche
1634 3749 1864 3825 schäftigten.
389 3787 1629 3848 dieser Arbeiten haben eine Form neues Rokoko, dessen Schicksals¬
1688 3811 1883 3886 Ludw
388 3831 1621 3899 gehalt auch immanent ist der grazilsten Form. Greift Schnitzler
401 3865 1630 3936 an das tragische Pathos allein, kann es sein, daß er sich schwer
399 3915 1621 3976 vergreift. Die Oesterreicher überschreien sich da leicht. Er darf
1625 3898 1871 3977 und hatte
402 3947 1881 4019 nicht heraus aus seinem Ring. Aber er hat zweifellos Liebe, Liebe ] andere stan
