3344 4256
587 32 1795 101 Sitrekwen Beck, Thönn und Walter gefulcht. Es in
81 38 573 97 ig. Am 6. Oktober des
1879 40 3000 88 Auf Grund dieser Mitteilungen werden sofort zwei Motor¬
87 82 584 154 das Ehepaar Böhm nach
589 90 3002 166 nur dem Rücktritt des Prinzen von Koburg von dem Geschäft boote die Suche nach den Fliegern aufnehmen. Fiskenässet wird in
572 120 1774 184 zuzuschreiben, daß diese Akzepte nicht verwertet werden konnten.
94 128 469 212 genwärtig wohnen.
1776 133 2997 205 dem Telegramm als auf einem Punkt 63°05 Grad. nördlicher
573 174 2999 264 Wie verlautet, kann man erwarten, daß im weiteren Verlauf der Breite und 50 31 Grad östlicher Länge gelegen bezeichnet,
585 221 2705 299 Untersuchung noch große Ueberraschungen eintreten. während Lichtensels in unmittelbarer Nähe liegt.
144 221 598 393 Betrage von
693 421 2891 501 Monumenlatwern eines amerinänlischen
130 422 392 516 Müll.
129 494 594 581 Betrugsaffäre der
90 567 603 629 sdurchsuchung beim
89 611 476 692 stizrat Bollert.
861 592 2750 670 Gelehrten über Artur Schnihter.
85 665 344 731 en Journals“.
88 704 544 787 erlin, 23. August.
597 712 2978 823 Der leichte Schnitzler, der schwere Wassermann und der unüber¬
79 758 604 839 liner Kriminalpolizei im
1317 793 2247 897 setzbare Thomas Mann.
91 823 606 886 duz zur Aufklärung des
84 855 605 932 kasse für das Fürstentum
810 898 2747 995 Aus einem Gespräch mit Dr. F. & Schinnerer, Professor der Columbia-Aniversität, New Nork.
103 913 601 976 heute vormittag zu einer
94 964 589 1037 In dem Bureau des
1722 963 1845 1038 Von
114 1010 611 1091 Justizrat Bollert
1498 1022 2071 1131 Gerhard Aichinger.
102 1056 588 1139 000 Mark Blankoakzepte
153 1105 588 1182 und beschlagnahmt.
889 1116 1804 1214 Dr. P. C. Schinnerer, Professor für deutsche
1875 1125 3011 1218 Das Hauptproblem des Sprachunterrichtes ist die Einführung
106 1131 601 1227 nden Justizrat von
781 1187 1777 1243 Sprache und Literatur an der Columbia=Universität New¬
1776 1178 3014 1270 der Studierenden in das Schrifttum. Nur wer eine Sprache in
123 1196 600 1284 Liechtenstein in Haft
794 1223 1780 1266 York, weilt seit einigen Tagen in Wien, um hier Material
1789 1242 3006 1302 ihren Dichtern zu verstehen vermag, ist in ihre Mentalität ein¬
114 1241 593 1313 Nico Beck übergeben
784 1239 1777 1308 über die Aufnahme der Dichtungen Artur Schnitzlers bei
776 1293 1774 1344 der zeitgenössischen Literaturkritik zu sammeln. Das Ergebnis
1785 1276 3008 1352 gedrungen, hört jene jedem Idiom eigene Melodie, die, ein
113 1292 593 1367 r Polizeipräsidiums hat
780 1327 1775 1385 dieser Arbeit wird ein Kapitel eines großen Werkes über
1782 1343 3017 1412 geheimnisvoller Klang, hinter seinen Worten schwingt. Mit der
118 1349 600 1415 ner Bankiers Carbone
778 1371 1767 1421 Artur Schnitzler bilden, das der Gelehrte unter finanzieller
1773 1383 3014 1460 Wahl der ersten Lektüre beginnt die erste Schwierigkeit. Soll man
120 1387 587 1459 i ergab es sich, daß
780 1415 1776 1485 Mitwirkung der Columbia=Universität im nächsten Jahre
1780 1439 2755 1514 mit der Moderne beginnen? Oder mit der Klassik?
143 1434 587 1503 Justus und dem
779 1435 1181 1518 veröffentlichen wird.
121 1478 592 1566 sellschaft, die Investing¬
1860 1477 3002 1553 Wir haben in Theodor Storm unseren Kornelius Nepos
672 1490 1778 1559 Mit lautem Schellengetön hat die jüngste deutsche Dichter¬
1777 1545 3006 1593 gefunden. Sein „Immensee“, spielt dabei die Rolle, die im
114 1551 1778 1621 gründet hatte, deren generation ihren Einzug gehalten. Von alldem Getöse um sie ist
1776 1588 3008 1642 Lateinunterricht den „Berühmten Männern“ des alten Biographen
115 1591 1776 1665 esting=Korporation war bisher nicht der leiseste Klang über das große Wasser gedrungen.
122 1633 566 1702 lich Koburg=Koharyschen
1773 1635 3011 1690 zugewiesen ist. Storm schreibt einen klaren, einfachen Stil und
566 1650 1774 1712 Ob das Fanal, das die Brechts und Bronnen, die Hasenclever
129 1686 210 1736 ei
222 1684 573 1747 wieder käuflich
1775 1685 3007 1745 der Stimmungsgehalt seiner Dichtung erschließt sich auch dem
560 1703 1777 1766 und Rehfisch entzündet dereinst einmal die „Nebelbänke“ vor
1770 1730 2001 1802 Anfänger.
196 1717 1789 1810 heute von dem Conay Island durchbricht, die Zukunft wird es lehren. Aber aus
1871 1762 3007 1853 Man wird nun erstaunt sein zu hören, daß die deutschen
204 1778 1790 1858 Kriminalkommissär dem Schutt, in den der Krieg das Werk deutscher Kultur in den
137 1817 574 1889 te dort, die gefundenen
1782 1830 3005 1887 Klassiker als sprachlich relativ leicht bezeichnet werden können.
566 1840 1774 1901 U. S. A. verwandelt, hebt sich heute hell und strahlend die
1782 1880 3011 1946 Schon in den frühen Stadien des Unterrichtes werden die Vers¬
134 1872 1779 1954 e von 900.000 Mark Gestalt nur eines Mannes zeitgenössischer Literatur: Artur
139 1917 811 2003 oslowakei befindlichen Schnitzlers.
1771 1930 3006 1999 dramen Schillers gelesen. Natürlich ist es vor allem der „Wilhelm
140 1975 581 2041 er Revolution hatte
1776 1977 3008 2043 Tell“ dessen Denkungsart sich unserer Jugend besonders mächtig
672 1977 1766 2049 Verzückt vor Geballtheit und Stufung, gegenwartsschmeichelnd
136 2011 568 2076 ich auf eine Million
1782 2007 3005 2103 aufschließt und an dessen schwungvoller Freiheitsdithyrambik sich
560 2038 1768 2095 und wirklichkeitsfremd, hat ihn die heutige Literaturkritik vielfach
130 2060 574 2135 urg sequestriert. Das
1783 2084 3010 2151 auch unsere doch als so nüchtern verschriene Jungens begeistern.
570 2082 1775 2139 schablonisiert: als Wiener sei er zu sehr verbunden mit heimat¬
143 2115 563 2179 ill und Josias von
1776 2125 3014 2170 Proben lernen die jungen Leute aus allen deutschen Klassikern
561 2127 1778 2186 licher Gefühlswelt, als Oesterreicher zu sehr bedingt von Scholle
132 2152 555 2221 ispruch beim Völker¬
1780 2170 3007 2244 kennen. Die Krönung des Studiums der Klassiker allerdings ist
564 2184 1769 2250 und Luft, als Zeitkind zu sehr versponnen in die Romantik einer
138 2200 576 2278 hechoslowakischen Staat
1771 2207 3000 2279 der „Faust“. Während unsere jungen Leute doch fast zu allen
573 2231 1691 2297 Epoche, der man schon längst das Sterbekleid umgetan hat.
134 2259 581 2322 atische Verhandlungen,
1776 2268 2999 2322 Werken der deutschen Literatur im englischen Schrifttum eine
667 2270 1776 2345 Das menschlich Echte hebt sich aus jeder zeitlichen Ver¬
140 2308 563 2368 Staat bereit erklärte,
1774 2313 3009 2373 Parallele finden, steht der „Faust“ ihnen nach Form und Inhalt als ein
575 2314 1780 2383 brämung. Das allgemein Gültige wird von allen Nationen ver¬
123 2347 564 2429 00 Morgen der Güter
1781 2361 3004 2427 seltsam eigenartiges, als völlig einsames Werk da. Bewährt ist
574 2378 1782 2438 standen. Und groß ist der, dessen Zunge die Sprache der
1774 2405 3000 2478 der gewaltige Menschheitsgedanke der Dichtung: Vor der Er¬
569 2432 1777 2489 Menschheit spricht. Die Jugend von U. S. A. sieht in Artur
132 2426 570 2510 n Geldverlegenheit be¬
1775 2449 3007 2517 schließung erschauernd großer Gedanken in Ehrfurcht gebannt, von
571 2480 1770 2531 Schnitzler den deutschen Dichter der Gegenwart. Wir aber, die
135 2494 567 2557 der tschechoslowakischen
1785 2509 3015 2585 einer erhabenen Gefühlswelt in unlöslichen Bann geschlagen,
566 2513 1780 2594 wir uns zur Aufgabe gesetzt haben, die deutsche Literatur in die
138 2546 576 2605 indlungen mit einer
1764 2548 2876 2630 folgen sie bewundernd den Spuren des deutschen Genius.
578 2565 1780 2634 ihr gebührende Rechte wieder einzusetzen, wir danken Artur Schnitzler,
146 2579 572 2655 ihr die Güter, deren
1865 2589 3001 2676 Chronologisch verfolgen wir nun die Entwicklung der
573 2621 927 2690 dem Wegbereiter.
155 2643 569 2703 schen Kapitalisten hin¬
1772 2656 3001 2707 deutschen Dichtkunst weiter. Aber mühseliger wird der Genuß und
664 2640 1771 2735 Der Krieg hat die deutsche Kultur drüben völlig erschlagen.
162 2688 566 2754 um den Kauf durch¬
1782 2703 3008 2771 härter die Schale, die die Süßigkeit des Kernes birgt, je mehr
577 2705 1773 2769 Von hundert Collegestudenten zum Beispiel, die sich vor dem
153 2733 573 2802 se in Höhe von zwei
1778 2746 3007 2818 wir gegen die Gegenwart vorwärtsschreiten. Grillparzer und Kleist,
570 2754 1778 2819 Jahre 1914 für das Studium einer fremden modernen Sprache
152 2785 572 2857 der notwendigen Ver¬
1767 2797 3008 2857 die bedeutensten Nachklassiker, bieten sprachlich schon eminente
160 2818 1779 2887 ollert, der in zu entscheiden hatten, wählten vierzig die deutsche. Nach dem
1778 2849 3004 2906 Schwierigkeiten. Hebbel, dessen psychologisch scharf zugespitzte
560 2859 1768 2919 Kriege gab es unter Zehntausenden kaum einen. Bis noch vor
160 2874 572 2940 iten Namen hat
1769 2885 3004 2949 Probleme hier überaus interessieren, nicht minder. Gottfried Keller
572 2909 1768 2966 kurzer Zeit hatte das Französische an allen amerikanischen Colleges
170 2932 564 2988 ter Banken ist.
1769 2943 3001 2997 und Konrad Ferdinand Meyer etwa haben wir von der Lektüre
565 2954 1773 3026 und Universitäten eine fast unerschütterliche Vormachtstellung.
190 2978 568 3032 der Angelegenheit
1768 2985 3006 3043 überhaupt ausschließen müssen (ausgenommen natürlich beim Studium
565 3006 1710 3066 Langsam, sehr langsam kündigt sich auch da ein Wandel an.
202 3015 581 3092 = und Leihkasse für
1767 3038 2996 3100 der reinen Germanistik!), die Kompliziertheit des Satzbaues
660 3052 1772 3124 Und jetzt wird man ermessen können, wie wertvoll eine
198 3062 567 3134 in Höhe von
1771 3084 3003 3161 macht dem Durchschnittsstudenten das Verständnis fast unmöglich.
574 3089 1776 3164 Erscheinung sein muß, deren mächtig ausstrahlende Kraft imstande
178 3105 571 3184 denen der Kauf der
1871 3130 2998 3218 Manche Klippe haben nun unsere Diszipuli umfahren, sich
577 3155 1792 3208 ist, hunderte junger Amerikaner und Amerikanerinnen zum Studium
183 3159 561 3228 aziert werden sollte.
1779 3176 2996 3253 auch durch viel Verstaubtes mit Fleiß hindurchgearbeitet, immer
565 3202 1770 3256 der deutschen Sprache zu begeistern. Die mächtigste Kraft der
198 3210 570 3282 rinzen von Koburg
1782 3235 2996 3292 in der Hoffnung, in der modernen deutschen Literatur für alle
562 3238 1770 3328 deutschen Literatur der Gegenwart aber, die jenseits des Ozeans
207 3264 566 3330 Staat die Benach¬
1756 3286 3004 3346 Mühe reichlich entschädigt zu werden. Man hat die eigentlich
579 3297 1101 3373 wirkt, ist Artur Schnitzler.
205 3303 570 3372 ter selbst, sondern
1768 3325 3003 3386 nicht unbegründete Ansicht, daß mit dem zeitlichen Näherrücken
198 3351 582 3429 aher die inzwischen
671 3347 1774 3429 Und von allen Zungen der Alten Welt hat die deusche
1775 3383 3001 3435 des Schrifttums seine Schwierigkeiten abnehmen. Ist es nicht im
586 3402 1776 3460 Sprache einen solchen Wegbereiter am nötigsten. Sie ist als
207 3406 576 3466 igetroffenen Akzepte
1768 3426 2997 3482 Englischen so? Winken nicht nach den Mühsalen Shakespeares,
196 3448 568 3514 ht an, sondern
568 3443 1762 3503 äußerst schwierig verrufen, ihre Literatur gilt als teilwesse gänz¬
1765 3476 2994 3544 Scotts und Dickens die sprachlich relativ viel leichteren Modernen?
265 3485 575 3561 dem Vertrag
577 3502 1764 3556 lich unzugänglich, ihre Beherrschung in Wort und Schrift scheint
1865 3529 2992 3583 Im Deutschen ist dies leider nicht so. Gerade die Lektüre
193 3538 571 3616 hr nach Wien
576 3531 1784 3606 vielen ein sybillisches Rätsel. Wir haben daher den Lehrplan
1766 3574 2992 3641 der Modernen, der Lebenden, ist ein Pfad voll Dornen. Wir
575 3596 1768 3660 mit größter Gewissenhaftigkeit und unter Berücksichtigung der ver¬
197 3593 569 3659 1,100.000 Mark,
1773 3625 2990 3691 haben ein eingehendes Studium Gerhart Hauptmanns versucht.
192 3641 585 3710 0.000 Mark ver¬
567 3641 1760 3696 schiedenartigsten Momente zusammenstellen müssen. Unsere be¬
1775 3665 2977 3734 Zweifellos wirkt manches von ihm, insbesondere „Die Weber“,
575 3689 1765 3758 sondere Aufmerksamkeit galt den Colleges. Denn dort enischeidet
199 3680 571 3769 Spuren in Berlin
1765 3701 2991 3799 hier ganz außerordentlich. Aber Hauptmann ist schwer, sehr schwer.
224 3739 578 3808 Hausdurch¬
567 3738 1772 3792 sich, ob der Student, der die deutsche Sprache für den frend¬
1866 3777 2994 3840 So auch Wassermann. Oder gar Thomas Mann! Was für
200 3775 1777 3873 ates Bollert sprachigen Mittelschulunterricht gewählt hat, ihr auch weiterhin
1744 3813 3000 3907 Mühe haben wir uns gegeben, einen der bedeutendsten lebenden
233 3834 803 3921 900.000 Mark, Itreu bleibt.
