3392 4256
175 217 1306 308 2. Cuttings box 37/7
926 958 1146 1032 Seite 2.
883 1057 1771 1116 trittskarten in den geräumigeren Augarten¬
886 1117 1769 1172 kaal verlegt. Der Dichter kam am 31. Oktober
886 1170 1775 1209 um 12 Uhr nachmittags in Trautenau an und
880 1206 1770 1258 war Gast des Großindustriellen Alois Haase.
961 1270 1764 1347 * (Die Krone und die französische Militär¬
883 1335 1767 1395 mission.) Für die französische Militär¬
877 1373 1768 1439 mission sind im Staatsvoranschlag
885 1419 1766 1472 12,488.000 Kronen ausgewiesen, mithin nur
882 1473 1771 1521 um 512.000 Kronen weniger als im vergan¬
879 1503 1767 1566 genen Jahre. Die französischen Offi¬
878 1550 1777 1600 ziere erhalten ihre Bezüge in der Hetmats¬
883 1596 1769 1638 währung ausbezahlt, resp. das Aquivalent in
889 1632 1766 1676 Kronen. Der französische Frank hat
885 1670 1763 1726 sich seit dem Vorjahre um mehr als 50 Pro¬
887 1716 1762 1766 zent im Vergleiche zur tschechischen Krone ver¬
884 1767 1773 1809 schlechtert; nichtsdestoweniger bleiben die
881 1800 1766 1846 Kosten der französischen Militärmission fost
883 1843 1761 1889 auf der gleichen Höhe. Wahrscheinlich
876 1888 1766 1943 straubt sich diese gegen die „segensreichen“
880 1927 1583 1984 Wirkungen zur Kronen=Steigerung.
952 1974 1758 2034 * (Das lukrative Bankamt.) Im Staats¬
885 2019 1762 2068 voranschlage für das Jahr 1923 weist das
885 2055 1765 2117 Bankamt Einnahmen im Betrage von 122
872 2103 1764 2162 Millionen Kronen und Ausgaben im Betrage
886 2149 1761 2198 von 51,434.981 Kronen aus, es wird somit
883 2204 1772 2248 mit einem Ertrage von 70,565.019 Kronen
884 2231 1759 2287 arbeiten, was eine Ertragssteigerung im Be¬
881 2273 1770 2339 trage von 36,452.419 Kronen im Vergleiche
1648 2309 1770 2383 Das
872 2309 1554 2375 zum Vorjahre bedeuten wurde.
883 2358 1761 2413 Bankamt gehört zu jenen Betrieben, die
886 2409 1756 2464 ihren Voranschlag mit besonderen Rechnungs¬
883 2445 1764 2505 abschlüssen belegen werden müssen. Wenn
877 2484 1762 2542 dies gesche# n wird, dann wird man feststellen
880 2530 1765 2590 können, daß dieser Betrieb“ nicht nur
881 2567 1763 2622 keine Erträge, sondern große Ver¬
870 2619 1758 2671 luste aufweisen wird. Wenn auch einige
873 2667 1756 2708 Abteilungen des Bankamtes mit Gewinn
883 2703 1772 2755 arbeiten, so wird doch die Devisenabtei¬
883 2739 1769 2793 lung bedeutende Abschreibungen in ihren
871 2783 994 2842 Bese
1030 2785 1760 2838 ##n an fremden Zahlungsmitteln vor¬
879 2829 1761 2871 nehmen müssen, Abschreibungen, die die an¬
883 2868 1767 2915 deren Gewinne übersteigen werden, denn die
872 2911 1761 2951 Devisenbestände des Bankamtes sind zum Ein¬
878 2955 1755 3014 kaufspreise eingesetzt, dieser liegt aber heute
879 2991 1766 3047 dank der samosen Kurspolitik der
873 3049 1748 3098 Finanzverwaltung weit über dem tatsäch¬
881 3071 1769 3125 lichen Kurswert. Auch die staatlichen
874 3125 1768 3173 Betriebe verspüren die Segnungen der Kro¬
880 3169 1762 3222 nen=Steigung, doch diese haben die Möglich¬
880 3206 1761 3271 keit, ihre Verluste auf die Staatsbürger
881 3245 1759 3298 abzuwälzen, ein Vorteil, der der Privat¬
878 3286 1766 3360 wirtschaft bekanntlich nicht zur Verfügung
876 3336 1001 3404 steht¬
1004 3358 1759 3437 (Sterbefall.) In Niemes ist am
876 3403 1770 3477 31. Oktober abends Herr Ludwig Schicke¬
873 3456 1762 3519 ranz, Seniorchef der Tuchfabriksfirma „An¬
877 3509 1754 3564 ton Schicketanz Söhne“ in Niemes und Groß¬
869 3547 1760 3604 Grünau, nach längerer Krankheit verschieden.
874 3596 1768 3650 Der Verblichene, der nach Absolvierung der
878 3636 1758 3679 Realschule in Leipa in das Geschäft seines
878 3682 1759 3729 Vaters eintrat, war eine allgemein geachtete
878 3716 1767 3776 und beliebte Persönlichkeit. Er bekleidete
868 3759 1758 3808 durch eine Reihe von Jahren das Amt eines
868 3799 1759 3842 Obmannes der Bezirksvertretung Niemes
871 3839 1764 3908 und war als nationalgesinnter deutscher
873 3885 1752 3942 Mann immer am Platze, wenn es galt, natio¬
867 3932 1754 3987 nale und humanitäre Bestrebungen seiner
869 3970 1759 4029 Vaterstadt und des Bezirkes Niemes zu för¬
870 4013 1761 4063 dern. Die Einäscherung seiner sterblichen
877 4055 1756 4116 Hülle findet Freitag nachmittags 4 Uhr in
869 4099 1538 4154 der Reichenberger Feuerhalle statt.
2185 967 2706 1037 Reichender
1800 1064 2680 1133 Frauenwesens die Christine der „Liebelei“
1799 1130 2684 1180 aus dem Leben trieb, als sie erfuhr, daß der
1803 1157 2692 1218 Mann, der ihr Herrgott und ihre Seligkeit
1794 1200 2686 1264 war, für eine andere im Duell getötet wor¬
1798 1246 2696 1295 den, und ihre selbstverständliche Hingabe zu
1796 1287 2688 1338 einem tiefen zerschmetternden Fall wurde für
1793 1327 2699 1388 das Gefühl derjenigen, die ja nicht einmal die
1795 1371 2697 1449 soziale Berechtigung gehabt, ernst genommen
1798 1414 2033 1484 zu werden.
1863 1439 2689 1520 Aber Arthur Schnitzler ist unendlich
1795 1497 2693 1552 viel mehr, als der Dichter der Liebelei, dies
1796 1545 2701 1604 Spiel und Schicksal ist. Er ist Österreichs
1805 1589 2699 1632 feinster, dramatischer Seelenkünder der Mo¬
1802 1633 2682 1694 derne. Keiner hat tiefer hineingeleuchtet in
1802 1669 2686 1722 das unheimlich Verfließende unserer Stim¬
1794 1720 2698 1772 mungen und Gefühle. Keiner hat es uns
1795 1758 2699 1814 zwingender klar gemacht, wie schwer es für
1785 1803 2697 1867 den Menschen ist, „ein Tier zu sein, das ver¬##
1795 1842 2698 1908 sprechen darf“: denn für diesen Individual=
1798 1889 2682 1944 psychologen von Ingeniums=Gnaden sind
1792 1917 2700 2005 wir allesamt Prozesse, die sich vollziehen, Pro¬
1798 1974 2690 2036 zesse, in denen unser vom Organischen stimu¬
1794 2021 2687 2075 liertes Triebleben und das Geschehen außer
1803 2062 2691 2108 uns ineinander verrinnen zu den Wassern
1799 2097 2688 2169 des Lebens, die die Räder unseres Schicksals
1799 2144 2697 2203 treiben. Durch ein paar mit seiner seinen?
1783 2174 2689 2252 Künstlerhand hingeworfene Striche steht die
1798 2217 2702 2291 gegenseitige Bedingtheit von Körper und Seele #
1789 2269 2695 2328 klar vor uns. Er weiß u. a. auch: „Wenn die
1793 2314 2691 2379 Scelen sich allzugut verstehen, so reißen sie
1784 2369 2694 2423 allmählich auch das mit, was man gern be¬
1789 2405 2682 2451 wahren möchte; und wenn die Sinne zu ein¬
1799 2448 2677 2502 ander fließen. so gleitet mehr von der Seele
1791 2490 2673 2549 nach, als wir ihnen gerade nachsenden woll¬
1791 2534 2673 2589 ten. Er spricht davon als von einem „ewigen
1797 2584 2679 2635 Gesetz, das die tiefe Unsicherheit aller irdischen
1793 2614 2675 2671 Beziehungen zwischen Mann und Weib ver¬
1794 2661 2680 2715 schuldet“. Und meint: „Nur wer es nicht
1796 2689 2625 2767 kennt, vertraut den andern und sich selbst.“
1857 2737 2674 2801 Ein dichterischer Hellfeher ist Arthur
1792 2804 2679 2856 Schnitzler im „Weiten Land“ im weiten
1788 2823 2676 2897 Land der Seele, ob er uns als Epiker die Tie¬
1786 2882 2684 2945 feneinsamkeit der Kreatur in Leben und
1792 2927 2671 2987 „Sterben“ fühlen läßt, ob er uns als Drama¬
1785 2966 2679 3026 tiker die „Komödie der Worte“ und ihre
1784 3007 2670 3071 Tragikomödie enthüllt. Eine leise, gedämpfte
1787 3050 2679 3112 Vornehmheit erhöht die Eindringlichkeit sei¬
1791 3105 2679 3163 ner dichterisch=psychologischen Offenbarungen.
1854 3143 2671 3200 Wir freuen uns von Herzen einer Stunde
1780 3189 2682 3249 der Einkehr bei seiner stillen Muse in einer
1794 3235 2675 3283 lauten Zeit, die uns für ihre Feingespinste lei¬
1791 3277 2667 3350 der nur selten die genießerische Muße schenkt.
2471 3321 2631 3393 H. Sch.
1849 3388 2663 3465 (Vorlesung Arthur Schnitzler) heute 8 Uhr
1785 3443 2671 3505 abends im „Volksgarten“. Karten zu 6, 10,
1778 3492 2344 3560 15, 20 K an der Abendkasse.
1781 3564 2663 3670 Gebrauchte Schreibmaschinen
1778 3669 2665 3709 ANTON T. KLAUS. Reidienberg. Schützengasse Nr. 14
1881 3735 2567 3813 Turnen, Sport und Spiel.
1864 3812 2665 3876 (Prager Fußball.) D. F.=K. Prag verlor
1791 3863 2656 3913 gestern gegen Wrschowitz 2:3 (1:1). Der
1791 3907 2663 3953 D. F.=K. stellte seine derzeit stärkste Mannschaft,
1781 3945 2667 3996 spielte jedoch zeitweise sehr schlecht. — Slavia
1790 3978 2663 4034 schlug Viktoria Zizkow 4:1. Das Nach¬
1785 4014 2659 4069 spiel (Pokal) wurde beim Stande 3:1 für
1789 4055 2647 4102 Slavia angepfiffen und dauerte 30 Minuten.
1782 4100 2654 4141 In der 4. Minute erzielte Stapl den vierten
1830 4130 1938 4162 a
2718 3910 2768 3969 7
2679 3974 2752 4029 le
2686 4066 2760 4125 de
2677 4103 2955 4160 Te
