3344 4256
92 190 1270 315 12. Guttings box 37/7
353 522 1135 601 Peich, So, al cn a Leuli.—
179 537 357 626 eformen.
353 582 2694 658 des XVIII. Jahrhunderts, Dozent Payer: Einführung in die etwas näher getreten; deren Leieil oudelr aber eint Au .
182 619 370 681 esungen,
356 623 2839 691 Goeihe=Literatur, Professor Elise Richter: Französisch um 1500, wichtigere Grundlage für die allseitig angenommene Charakterisie.
179 664 368 721 ad die
353 684 2800 733 Dozent Wild: Geschichte der englischen Literatur im Zeitalter der der Kaiserin, und zwar pielleicht gerade deswegen, weil di.
190 705 363 768 hervor¬
360 724 2836 802 Königin Viltoria, Professor Kretschmer: Prinzipien der Märchen= lediglich auf Schilderungen einzelner Eingeweihter fußte. Hand d.
167 747 367 818 Redizin,
350 782 585 851 forschung.
1570 765 2852 858 Hand mit der Feststellung, daß die Kaiserin keine Pepularitäc
199 806 382 860 Kolmer
462 826 2842 900 Die Wiener Universität war im Wintersemesier von 10.022 genossen und, ihrer ganzen Individualität nach, auch ale bein
170 848 371 921 lanzung,
359 874 2841 967 ordentlichen Hörern besucht; davon waren 152 Theologen, 3188 Volke hätte beliebt sein können, ging die — damit einigermaßen
174 899 373 958 der neue
162 929 2843 1002 robleme, (174 Damen!) Juristen, 3887 (495 Damen!!) Mediziner, zusammenhängende — Erwägung, daß sie ihren Platz als
175 967 2840 1055 tologisch. 2845 (718 Damen!!!) Philosophen; dazu kommen noch 1851 Herrschersgattin nicht ausgesüllt habe und deshalb ihrer Sendung
1571 1019 2836 1076 nicht gerecht geworden sei. Dieser Auffassung wurde nicht bloß in
182 1037 1486 1104 er Er= außerordentliche Hörer. Die Gesamtsumme beträgt 11.873.
1324 1058 2847 1137 Justinus. Oesterreich gehuldigt, sondern auch in Ungarn, wo Elisabeth
191 1075 401 1150 enhänge
489 1165 2843 1243 „Dies ist so nicht richtig,“ sprach er zu sich und er entschloß Haar, von noch ernsterem Wesen als früher, so erscheint unab¬
1601 1204 2839 1279 weisbar vor mir das Bild, das ich in jüngeren Jahren von ihm
357 1207 1605 1312 sich nach längerem Ueberlegen zu einem entscheidenden Schritt.
1601 1260 2773 1329 empfing. Als müßte alles irgendwie noch so sein wie früher,
463 1277 1618 1343 Am nächsten Tag drückte er auf die roten Lippen der Frau
329 1297 2852 1381 ohne jede Einleitung einen schallenden Kuß. Doch im selbens es mir, als ob dieser Kreis, der sich um ihn bildete, unzerstört
1593 1368 2854 1416 geblieben, die Jugend noch unberührt. Leben doch alle noch
363 1374 1601 1434 Augenblick trat hinter einer spanischen Wand der Gemahl hervor.
476 1402 2849 1467 Dies ist die übliche dramatische Wendung. Zacharias schaffend zumeist, die eine neue österreichische Literatur uns ver¬
1599 1453 2857 1514 sprachen und bis jetzt unübertroffene Erfüllungen uns brachten:
342 1449 1613 1518 erbleichte, da in Kajetans Hand surchtbar ein Revolver blinkte.
354 1495 2856 1579 Aber Kajetan schoß nicht. Im Gegenteil, er lächelte und die Hofmannsthal, Bahr, Beer=Hofmann, Dörmann, Salten,
1602 1545 2860 1613 Wassermann, Leopold Andrian. Einige, die später sich hinzu¬
369 1555 656 1634 sagte höflich:
480 1598 2844 1678 „Ich verlange Entschädigung ... Fünfzigtausend Kronen.“gesellten, sind tot: Altenberg, J. J. David, Ebermann, Will.
1607 1642 2736 1716 Handl; manche sind kampfesmüde, in Vergessenheit geraten.
475 1651 1611 1711 Und er ließ den Revolver mit bluterstarrendem Lächeln im
1704 1667 2850 1758 Ich habe jene Generation einer dekadent verfeinerten Jugend,
340 1699 1621 1785 Sonnenschein funkeln. Zachatias zog ohne ein Wort zu sagen
1613 1739 2864 1819 die skeptisch und genießerisch zugleich war, höchst kulliviert in
364 1752 1605 1812 seine Geldbörse hervor, legte vier Zehntausender auf den Tisch,
1609 1805 2857 1857 ihrem Aesthetizismus und philosophisch vergrübelt, Erotiker aus
357 1793 1602 1860 einen Fünftausender, vier Tausender, sodann sieben Hundert¬
1608 1838 2866 1913 Lust an der psychologischen Erfahrung des Liebesgefühls, diesen
347 1835 1616 1911 skronennoten, zwei Fünfziger, sechs Zwanziger, fünf Zehner und
1606 1884 2871 1957 einstigen Wiener Typus des jungen Bourgeois, der mit der
364 1897 1602 1974 fünfzehn Zweikronennoten, insgesamt fünfzigtausend Kronen.
1593 1929 2871 2005 Bohsme kokettierte und der in der Gestaltung Schnitzlers als
374 1949 1341 2001 Durchs Herz getroffen, ernüchtert ging er davon.
1602 1974 2867 2055 Anatol Unsterblichkeit erlangte, einmal schon zu charakterisieren
481 1994 1617 2051 Bis hieher ist die Geschichte nicht neu. Ehemänner wenden
353 2023 2872 2108 oft und gern diese Form der ritlerlichen Genugtuung an, bei der versucht. Anatol war jeder dieser jungen Leute als Träumer oder
1609 2056 2867 2144 als wirklicher Liebeskünstler. Frühreif, hatten sie das tiefe, durch¬
367 2083 1615 2145 auch der Gemahl satt wird, und auch der Verführer sich freut,
1608 2107 2860 2201 dringende Wissen um die letzten Dinge des Seelenlebens. Es gab
366 2139 1164 2210 mit heiler Haut davongekommen zu sein.
1606 2165 2868 2244 da Wiener Ausgaben von Baudelaire, Verlaine, von Swinburge
480 2155 1615 2237 Aber Zacharias freute sich nicht. Es tat ihm um seine
355 2215 2881 2296 fünfzigtausend Kronen leid und er wollie sie um jeden Preis und Kierlegaard. Es war Frühling, der etwas Herbstliches an sich
1609 2268 2867 2337 hatte, ein Glück mit einem Bodensatz von Bitternissen. Ein Zug
353 2275 1624 2338 zurück haben. Er bat alle Welt um Rat, endlich erhielt er auch
371 2294 2913 2371 einen anonymen Brief, in welchem ihm ein unbekannter Gönner von wienerischem Leichtsinn war in diese skeptische Lebensphilosophie ##
1593 2361 2874 2432 gemischt. Man liebte den Duft von Tuberosen, von zarten
371 2375 758 2459 folgendes schrieb:
1612 2420 2462 2498 Palfüms, die letzten Nuancen des Gefühls.
488 2391 1611 2485 „Wenn Sie Ihr Geld zurückerhalten wollen, machen Sie
1717 2450 2873 2530 Ich sehe dieses jüngste literarische Wien in einem Extra¬
353 2466 1634 2552 es wie Kajetan. Verstecken Sie sich im Zimmer Ihrer Frau
1605 2496 2876 2572 zimmer eines Restaurants in der Naglergasse versammelt oder in
366 2513 976 2609 hinter einer spanischen Wand.“
1605 2554 2866 2626 einer Runde im vielverspotteten, alt=wienerisch lieben Café, Grien¬
995 2573 1143 2633 —
1335 2576 1543 2699 60.
1616 2598 2871 2672 steidl. Immer heftig diskutierend, oppositionell dem älteren
668 2621 1380 2716 Der junge Schnitzler.
1609 2649 2864 2721 literarischen Geschlecht gegenüber, voll von Plänen und Er¬
431 2686 1563 2791 Erinnerungen aus der Anatol=Jeft.
1596 2695 2871 2772 wartungen. Es gab bestimmte Abende in der Woche, an denen
937 2751 1075 2815 Von
1582 2750 2873 2823 man die neuesten eigenen Schöpfungen vorlas, die einer strengen
1603 2782 2878 2864 Beurteilung unterzogen wurden. Man war in der Erzählung
750 2780 1259 2882 Hermann Menkes.
465 2835 2865 2919 Man kann es kaum glauben, daß nahezu dreißig Jahre imtimer Erlebnisse ebenso soigniett wie in der äußeren Er¬
217 2892 2881 2970 harias seit jener Zeit vergangen sein sollten und daß Menschen, die scheinung, an der das Metier nur wenig betont wurde.
1608 2928 2866 3015 In diesem Kreis sano ich, aus Berlin kommend, wo
379 2961 1620 3021 damals noch in ihrem Frühling standen, jetzt nun schon ins späte
1607 3007 2872 3063 es etwas bewegter, bohsmehafter zuging und wo
375 3005 1619 3065 Altern kommen. Und doch liegt es schon wie Dämmer einer ver¬
229 3001 389 3072 junge,
231 3038 2862 3111 a und sunkenen Epoche über jenem Leben im geistigen Wien, wo eine man mitten im Kämpf um den Naturalismus sich noch befand,
228 3090 2863 3176 id wie neue Generation mit einer blühenden Fülle außerordentlicher Be¬ den etwa dreißigjährigen Artur Schnitzler. Arzt in seinem Haupt¬
361 3137 2877 3211 gabungen auf den Plan tra# Jetzt erscheint alles wie Ausklang, beruf, war Schnitzler als Dichter noch unberühmt, ja fast noch
231 3195 2870 3248 seines was uns früher als neue Melodie, als ein Anfang dünkte. Eine unbekannt. Seine Stücke wurden hie und da auf den vorortlichen
230 3235 2872 3292 getrost unwiederbringsiche Zeit durfte nur noch wenige Jahrzehnte sich Versuchsbühnen aufgeführt vor einem Publikum von jungen
372 3297 2865 3357 ausleben und letzte herbstliche Frucht darbieten, um einer neuen Literaten und Peripheliemenschen und ich erinnere mich, wie lange
243 3290 386 3355 1. Er
375 3316 2867 3393 Jugend mit ganz anders geartetem Denken und Empfinden den ich einem Dresdener Verleger zureden mußte, bis er sich dazu
232 3343 390 3409 ) kein
379 3376 2872 3447 Platz frei zu machen. Ein Schimmer aus jenen holdseligen eutschloß, eines der bekannten dramatischen Erstlingswerke
306 3392 390 3453 er
382 3429 2709 3508 Tagen ist allen, die sie erleben durften, unauslöschlich geblieben. Schintzleis, „Das Märchen“, als Buch herauszubringen.
1717 3459 2869 3532 Gleich während der ersten Begegnung lernte ich ihn auch
488 3469 1637 3553 In wenigen Wochen wird Artur Schnitzler sechzig Jahre!
244 3492 396 3552 ichkeit
239 3520 2884 3613 ier er alt, unerschöpst noch in seinem Schaffen, immer noch die als wirksamen Vorleier eigener Werke kennen. Er las eine seiner:
256 3565 2874 3641 nicht markanteste künstlerische Erscheinung unter den großen Wiener Anatol=Studien, deren Anmut und sprühende Geistigkeit Bewunde¬
341 3594 2874 3688 Begabungen. Sehe ich jetzt den merklich Alternden mit ergrautemrung erregten und eine große Begabung ankündigten.
593 3711 1019 3899 G
1479 3879 1653 3983 L4.—
692 3860 1244 3982 UR
2008 4083 2171 4156 —
