3392 4352
174 236 1335 347 2. Guttings box 37/7
1923 1484 2116 1564 S P
3029 1536 3350 1589 rückgehen auf
1719 1538 3014 1624 Rickerts suchen auf verschiedene Weise unter verschiedenen Vor¬
3034 1567 3358 1639 stimmung hin.
1724 1577 3012 1649 aussetzungen und mit abweichenden Zielen im Erlebnis das
3099 1620 3328 1685 Diese geis
1726 1616 3014 1684 ungestaltete, unerkaltete Urphänomen von Bewegung, Aktivität,
3022 1647 3357 1722 fachen Alkorder
1731 1643 3018 1727 Fülle, Dynamik, Konkretheit, Tiefe, Unmittelbarkeit, schöpferi¬
3029 1704 3350 1759 nach einem He
1740 1701 3020 1773 scher Unerschöpflichkeit zu fassen und von hier aus die Grund¬
3024 1716 3342 1797 punkt in der 2
1725 1750 3014 1814 tatsachen der Kultur und des persönlichen Daseins, des Geistes
3031 1775 3348 1831 alles,“ greifen
1733 1773 2665 1872 und der Seele zu erhellen und zu begründen.
3024 1810 3356 1879 ihrem Vordrin
1812 1843 3017 1909 Selbst das religiöse Fühlen und Vorstellen, das sich grund¬
3166 1857 3353 1913 Ehrfure
1733 1883 3021 1958 sätzlich über das Leben erhebt, hat diesen vertieften Begriff als
3215 1904 3362 1956 einand
3029 1908 3093 1956 w
1739 1923 3019 1996 entscheidendes Grundmotiv anjenommen und durch ihn eine Er¬
3202 1946 3342 1999 und
3030 1946 3142 1993 sinn.
1728 1964 3030 2034 neuerung alter Glaubensbegriffe und Symvole erreicht, die es
3012 1961 3312 2059 Beurteiler 1
1723 2007 3022 2069 ermöglichte, sie in die Provlematik der modernen Bildung ein¬
3031 2019 3352 2077 fassung ergeben
1727 2039 3026 2115 zuführen. Wichtig ist in diesem Zusammenhang die eindrucks¬
3027 2060 3359 2115 keit der künstle
1741 2080 3014 2155 volle und wirkungsreiche Persönlichkeit Johannes Müllers.
3035 2102 3348 2171 Grund eines
1743 2109 3027 2201 Seine Ethik, auf Erweckung des in jeder Seele schlummernden
1740 2174 3009 2235 zursprünglichen Wesens“ oder Gottesfunkens, sein Christusbild
3026 2176 3306 2244 heiten recht
1745 2188 3025 2274 des „quellenden, erfüllenden, wiederherstellenden, schöpferischen
3034 2206 3308 2275 werden künft
1732 2245 3026 2311 Lebens aus hintersinnlichen Tiefen“ knüpft an die deutsche
3220 2270 3318 2317 zheit
3031 2274 3181 2320 Ergrif
1736 2291 3024 2353 Mystik, an spiritualistische und andere außerkirchliche Vorstel¬
3026 2307 3288 2380 Verschiedenh
1741 2317 3018 2397 lungskreise an, die auch von anderen Vertretern der Christlich¬
3031 2347 3300 2412 Lindimduellen
1735 2355 3030 2441 keit Artur Bonus, und im Rahmen der theologischen
3038 2385 3327 2451 Peraments un
1740 2410 3020 2481 Wissenschaft Ernst Troeltsch, zur Belebung und Vertiefung
3035 2432 3279 2486 Gemeinsam
1741 2450 3017 2514 religiöser Erfahrung aufgesucht werden; aber vor der bewußt¬
3035 2470 3279 2522 nicht in Ge
1738 2482 3015 2561 persönlichen Fühlungnahme und Ertenntnis liegt die allgemeine,
3030 2498 3281 2560 Gesamtgeha
1733 2517 3028 2607 profangeschichtliche Wendung, die dichterisches philosophisches
3029 2548 3288 2600 aufzureißen,
1734 2555 3022 2645 und religiöses Vorstellen zur gegenseitigen Annäherung bringt
3026 2583 3314 2646 diese streben
1734 2592 3033 2678 und sie gemeinsam um das eine unfaßbare Zentralproblem des
3033 2617 3354 2680 sich nur gleich
1738 2662 2270 2727 Lebendigen kreisen läßt.
3032 2663 3345 2725 verlieren sich
3041 2688 3340 2765 hauptet sich an
1808 2690 3030 2769 Diese Idee des Lebens, die sich heute noch einer historisch
3047 2745 3302 2801 sind Schönhe
417 2610 1262 2830 Die Idee des Lebene
1748 2758 3024 2828 schärfer abgrenzenden Bezeichnung entzieht, scheint auf den
3084 2773 3289 2838 Bedekin
1739 2785 3023 2866 ersten Blick nichts anderes zu sein, als das Vermächlnis
763 2746 1736 2897 in der heutigen Literatur.
3035 2812 3333 2881 Lebensgewißh
1738 2827 3021 2900 Friedrich Nietzsches, der nun erst auf die dichterische Produktion
3035 2868 3348 2924 das Lebendige
1752 2854 3035 2944 tiefer zu wirken beginnt. Aber sie offenbart ihren Zusammen¬
796 2864 1364 2957 Von Dr. Hugo Bieber.
3035 2894 3345 2958 auf Altenb
1748 2895 3036 2984 hang mit dem klassischen Idealismus schon durch ihre Richtung
695 2911 1729 3005 In den nächsten Tagen erscheint eine neue Auflage
3035 2947 3348 3000 rauschen des A
1747 2934 3034 3030 auf Totalität, obgleich sie in viel höherem Grade in sich selbst
618 2967 1731 3038 der Deutschen Literatur des 19. und 20. Jahrhunderts“
3034 2983 3350 3039 sich im Vorgef
1745 2990 3022 3053 zentriert bleibt. Sie deutet mit ihrer Neigung zu Ursprüng¬
616 2999 1737 3082 von R. M. Meyer (Verlag Bondi, Berlin). Die Kapitel
3036 3025 3361 3092 Thomas M
1738 3033 3019 3094 lichkeit und Naturhaftigkeit auf Rousseauisches Empfinden, mit
614 3035 1731 3126 über die Literatur der Gegenwart sind nach des Ver¬
3035 3066 3355 3126 Transzendenz.
1746 3069 3026 3144 ihrer Betonung der schaffenden Kraft, die in Recht, Sitte,
623 3082 1729 3176 fassers Tode, von Hugo Bieber neu geschrieben; ihnen
3035 3103 3348 3161 wonnen, für a
1756 3109 3033 3186 Sprache, Religion, Kunst wirksam wird, auf die Anschauungs¬
614 3132 1654 3209 entnehmen wir die folgenden Abschnitte. D. Red.
3032 3146 3356 3196 letzte Instanz,
1756 3150 3025 3223 weise der historischen Schule und wenn ihr Inhalt von vorn¬
3037 3170 3350 3244 zugleich einen
526 3172 1720 3255 Die Philosophie des 20. Jahrhunderts kennt kein Problein,
1746 3182 3034 3257 herein eine unbestreitbare Wahlverwandtschaft mit jedem Rea¬
3033 3226 3350 3290 samte Vergang
434 3208 1732 3295 das ihr ganzes Denken tiefer bewegt, als das Problem des
1752 3222 3036 3304 lismus bedingt, so weist dagegen ihr Ursprung aus dem Gegen¬
448 3257 1729 3335 Lebens. Henri Bergson in Frankreich. Benedetto Croce in Ita¬
422 3266 3369 3401 lien Dilthey. Eucken. Simmel, die Schüler Husserls, selbst= satz zur ungeistigen Alltäglichkeit auf eine romantische, ihr Zu= Zukunft verbü
2976 3351 3351 3438 Sbuug
3207 3420 3360 3504 n
