<?xml version="1.0" encoding="UTF-8" standalone="yes"?>
<PcGts xmlns="http://schema.primaresearch.org/PAGE/gts/pagecontent/2013-07-15" xmlns:xsi="http://www.w3.org/2001/XMLSchema-instance" xsi:schemaLocation="http://schema.primaresearch.org/PAGE/gts/pagecontent/2013-07-15 http://schema.primaresearch.org/PAGE/gts/pagecontent/2013-07-15/pagecontent.xsd">
    <Metadata>
        <Creator>prov=University of Rostock/Institute of Mathematics/CITlab/Gundram Leifert/gundram.leifert@uni-rostock.de:name=ONB_Newseye_GT_M1+(htr_id=10810)::::v=2.4.2
prov=University of Rostock/Institute of Mathematics/CITlab/Tobias Gruening/tobias.gruening@uni-rostock.de:name=de.uros.citlab.module.baseline2polygon.B2PSeamMultiOriented:v=2.4.2
prov=University of Rostock/Institute of Mathematics/CITlab/Tobias Gruening/tobias.gruening@uni-rostock.de:name=/mnt/transkribus/LA/DEA/URO/LA_news_onb_att.pb:de.uros.citlab.segmentation.CITlab_LA_ML:v=2.4.2
Transkribus</Creator>
        <Created>2019-10-07T15:18:15.697+02:00</Created>
        <LastChange>2019-10-09T01:56:16.267+02:00</LastChange>
        <TranskribusMetadata docId="224258" pageId="9515867" pageNr="32" tsid="16618640" status="IN_PROGRESS" userId="40391" imgUrl="https://files.transkribus.eu/Get?id=WBIWXLLEYWLQNDEUFGWZLHEN&amp;fileType=view" xmlUrl="https://files.transkribus.eu/Get?id=JKHGSEJZNGCMWVQLISQGBIVX" imageId="6204057"/>
    </Metadata>
    <Page imageFilename="224258_0032.jpeg" imageWidth="3344" imageHeight="4256">
        <ReadingOrder>
            <OrderedGroup id="ro_1711443265243" caption="Regions reading order">
                <RegionRefIndexed index="0" regionRef="r1"/>
                <RegionRefIndexed index="1" regionRef="r2"/>
            </OrderedGroup>
        </ReadingOrder>
        <TextRegion orientation="0.0" id="r1" custom="readingOrder {index:0;}">
            <Coords points="130,183 130,4118 2016,4118 2016,183"/>
            <TextLine id="r1l1" custom="readingOrder {index:0;}">
                <Coords points="814,219 843,226 880,209 964,232 999,204 1109,236 1190,211 1223,227 1271,221 1272,171 1119,146 1050,154 1002,189 967,159 815,151"/>
                <Baseline points="825,204 850,204 876,204 901,204 927,205 953,205 978,205 1004,206 1030,207 1055,207 1081,208 1107,208 1132,208 1158,209 1184,209 1209,209 1235,209 1261,209"/>
                <TextEquiv>
                    <Unicode>box 37/7</Unicode>
                </TextEquiv>
            </TextLine>
            <TextLine id="r1l2" custom="readingOrder {index:1;}">
                <Coords points="118,227 399,244 487,232 568,256 703,222 704,175 586,158 421,165 401,151 363,168 309,152 238,198 162,155 120,163"/>
                <Baseline points="130,204 158,207 186,210 214,213 242,215 270,217 298,219 327,220 355,221 383,221 411,221 439,222 467,222 495,221 524,221 552,221 580,221 608,221 636,220 664,220 693,220"/>
                <TextEquiv>
                    <Unicode>2. Cuttings</Unicode>
                </TextEquiv>
            </TextLine>
            <TextLine id="r1l3" custom="readingOrder {index:2;}">
                <Coords points="397,484 443,506 580,487 625,511 666,493 949,583 958,529 868,511 813,466 759,481 672,443 406,432"/>
                <Baseline points="409,487 435,485 462,484 488,484 515,484 541,485 568,488 594,490 621,494 647,497 674,502 700,507 727,514 753,520 780,527 806,534 833,541 859,549 886,558 912,566 939,575"/>
                <TextEquiv>
                    <Unicode> sesversnnaden</Unicode>
                </TextEquiv>
            </TextLine>
            <TextLine id="r1l4" custom="readingOrder {index:3;}">
                <Coords points="1027,525 1042,527 1044,524 1060,537 1071,532 1089,533 1081,401 1046,403 1037,395 1019,398"/>
                <Baseline points="1038,524 1077,522"/>
                <TextEquiv>
                    <Unicode></Unicode>
                </TextEquiv>
            </TextLine>
            <TextLine id="r1l5" custom="readingOrder {index:4;}">
                <Coords points="179,640 192,642 198,646 203,644 216,656 219,654 230,656 237,615 227,613 225,610 222,612 212,608 210,605 206,605 204,602 187,599"/>
                <Baseline points="192,625 224,631"/>
                <TextEquiv>
                    <Unicode>S</Unicode>
                </TextEquiv>
            </TextLine>
            <TextLine id="r1l6" custom="readingOrder {index:5;}">
                <Coords points="435,662 477,652 557,678 688,654 760,682 824,654 1064,653 1065,574 806,568 669,616 606,580 572,607 436,596"/>
                <Baseline points="446,624 476,628 506,632 536,635 567,639 597,642 627,644 658,647 688,650 718,650 749,652 779,653 809,653 839,653 870,652 900,650 930,648 961,645 991,642 1021,637 1052,632"/>
                <TextEquiv>
                    <Unicode>A</Unicode>
                </TextEquiv>
            </TextLine>
            <TextLine id="r1l7" custom="readingOrder {index:6;}">
                <Coords points="399,683 419,695 441,684 462,694 502,694 531,703 539,697 603,701 604,672 588,675 569,668 555,677 541,662 529,669 504,655 482,659 441,629 419,646 404,644"/>
                <Baseline points="410,677 436,675 462,677 488,681 514,687 540,691 566,694 592,693"/>
                <TextEquiv>
                    <Unicode></Unicode>
                </TextEquiv>
            </TextLine>
            <TextLine id="r1l8" custom="readingOrder {index:7;}">
                <Coords points="374,719 907,746 996,733 997,704 910,689 874,707 850,686 647,697 610,660 540,692 375,682"/>
                <Baseline points="386,710 415,710 445,711 475,711 505,712 535,714 565,715 595,716 625,718 655,720 685,722 714,723 744,725 774,727 804,728 834,730 864,731 894,732 924,732 954,733 984,732"/>
                <TextEquiv>
                    <Unicode>(atne TTrüNes-AusseAngr adae</Unicode>
                </TextEquiv>
            </TextLine>
            <TextLine id="r1l9" custom="readingOrder {index:8;}">
                <Coords points="342,802 404,778 616,808 659,790 805,813 1004,803 1005,761 892,737 827,759 762,732 535,746 472,719 344,743"/>
                <Baseline points="354,774 385,776 417,777 449,777 481,779 513,779 545,780 577,781 609,782 641,784 673,784 704,785 736,786 768,788 800,789 832,791 864,793 896,794 928,795 960,798 992,799"/>
                <TextEquiv>
                    <Unicode>„O 16. RUNGESTRASSE 22-24</Unicode>
                </TextEquiv>
            </TextLine>
            <TextLine id="r1l10" custom="readingOrder {index:9;}">
                <Coords points="300,856 474,842 981,875 1063,858 1059,800 978,826 865,804 730,826 560,791 361,807 303,777"/>
                <Baseline points="312,834 349,834 386,836 423,838 460,839 497,840 534,842 571,843 608,845 645,846 682,848 719,850 756,851 793,852 830,854 867,855 904,856 941,857 978,858 1015,859 1052,859"/>
                <TextEquiv>
                    <Unicode>sche und ausländische Presse auch auf Inserate.</Unicode>
                </TextEquiv>
            </TextLine>
            <TextLine id="r1l11" custom="readingOrder {index:10;}">
                <Coords points="281,889 703,892 764,917 872,899 894,920 945,904 1054,926 1056,865 474,841 282,858"/>
                <Baseline points="292,877 329,877 367,876 404,876 442,876 480,877 517,879 555,880 592,882 630,884 668,886 705,888 743,890 780,892 818,894 856,896 893,897 931,899 968,899 1006,900 1044,900"/>
                <TextEquiv>
                    <Unicode>geplante Bauten aller Art. Geschäftseroffnungen.</Unicode>
                </TextEquiv>
            </TextLine>
            <TextLine id="r1l12" custom="readingOrder {index:11;}">
                <Coords points="380,915 435,927 599,930 609,921 634,935 707,929 708,898 381,884"/>
                <Baseline points="391,916 416,917 442,917 467,917 493,917 518,918 544,918 569,919 595,920 620,921 646,923 671,924 697,926"/>
                <TextEquiv>
                    <Unicode>Festlichkeiten usw.</Unicode>
                </TextEquiv>
            </TextLine>
            <TextLine id="r1l13" custom="readingOrder {index:12;}">
                <Coords points="177,1043 725,1093 880,1075 882,990 856,984 814,1014 775,995 717,1011 457,964 346,998 264,947 212,989 179,982"/>
                <Baseline points="188,1049 222,1049 256,1049 290,1049 324,1050 358,1051 392,1052 426,1053 460,1054 494,1056 529,1057 563,1058 597,1060 631,1061 665,1063 699,1063 733,1064 767,1065 801,1065 835,1065 870,1065"/>
                <TextEquiv>
                    <Unicode>De Telegraaf</Unicode>
                </TextEquiv>
            </TextLine>
            <TextLine id="r1l14" custom="readingOrder {index:13;}">
                <Coords points="896,1122 911,1122 927,1114 933,1114 942,1121 957,1113 979,1116 982,1043 964,1045 960,1041 951,1049 944,1047 931,1055 922,1048 911,1057 898,1054"/>
                <Baseline points="908,1095 938,1093 968,1097"/>
                <TextEquiv>
                    <Unicode></Unicode>
                </TextEquiv>
            </TextLine>
            <TextLine id="r1l15" custom="readingOrder {index:14;}">
                <Coords points="399,1113 439,1108 484,1122 568,1112 614,1121 621,1114 678,1126 680,1077 616,1086 570,1066 548,1076 504,1067 451,1072 436,1062 427,1071 401,1067"/>
                <Baseline points="410,1099 435,1101 461,1102 487,1104 513,1106 539,1106 564,1107 590,1109 616,1109 642,1110 668,1111"/>
                <TextEquiv>
                    <Unicode>Amsterdam</Unicode>
                </TextEquiv>
            </TextLine>
            <TextLine id="r1l16" custom="readingOrder {index:15;}">
                <Coords points="289,1149 515,1174 544,1155 598,1178 636,1158 683,1160 702,1176 779,1169 782,1110 633,1129 568,1112 379,1112 347,1095 291,1110"/>
                <Baseline points="300,1133 326,1135 352,1138 378,1139 404,1141 430,1143 456,1144 482,1145 508,1147 534,1148 560,1149 586,1150 612,1152 638,1153 664,1153 690,1154 716,1155 742,1156 768,1157"/>
                <TextEquiv>
                    <Unicode>Ausschnitt aus der Nummer vom¬</Unicode>
                </TextEquiv>
            </TextLine>
            <TextLine id="r1l17" custom="readingOrder {index:16;}">
                <Coords points="557,1244 568,1246 576,1259 598,1276 611,1276 637,1284 650,1215 613,1210 594,1190 580,1194 567,1192"/>
                <Baseline points="567,1250 598,1253 629,1262"/>
                <TextEquiv>
                    <Unicode>—</Unicode>
                </TextEquiv>
            </TextLine>
            <TextLine id="r1l18" custom="readingOrder {index:17;}">
                <Coords points="632,1286 684,1295 720,1283 744,1295 760,1281 915,1299 938,1284 971,1283 972,1246 938,1229 635,1216"/>
                <Baseline points="643,1273 669,1275 695,1277 722,1279 748,1281 775,1282 801,1284 827,1285 854,1285 880,1286 907,1286 933,1287 960,1287"/>
                <TextEquiv>
                    <Unicode>4. MAl</Unicode>
                </TextEquiv>
            </TextLine>
            <TextLine id="r1l19" custom="readingOrder {index:18;}">
                <Coords points="922,1335 975,1340 1045,1332 1062,1342 1104,1336 1155,1343 1179,1335 1180,1280 1151,1284 1110,1252 1050,1278 1029,1268 1009,1275 987,1261 947,1285 923,1284"/>
                <Baseline points="934,1309 960,1310 986,1311 1012,1311 1038,1311 1064,1311 1090,1312 1116,1312 1142,1313 1169,1315"/>
                <TextEquiv>
                    <Unicode>—1</Unicode>
                </TextEquiv>
            </TextLine>
            <TextLine id="r1l20" custom="readingOrder {index:19;}">
                <Coords points="385,1336 418,1341 430,1336 440,1340 450,1337 470,1349 482,1344 495,1346 504,1287 491,1285 487,1280 458,1285 448,1276 438,1284 428,1276 423,1279 419,1274 414,1278 406,1270 396,1269"/>
                <Baseline points="401,1302 430,1315 459,1316 489,1318"/>
                <TextEquiv>
                    <Unicode>B</Unicode>
                </TextEquiv>
            </TextLine>
            <TextLine id="r1l21" custom="readingOrder {index:20;}">
                <Coords points="393,1520 1305,1486 1676,1518 1775,1494 1775,1443 1217,1379 1140,1432 1004,1397 393,1447"/>
                <Baseline points="403,1497 471,1497 539,1496 607,1495 675,1495 743,1494 811,1493 879,1492 947,1491 1015,1491 1083,1490 1151,1490 1219,1489 1287,1489 1355,1489 1423,1490 1491,1491 1559,1492 1627,1494 1695,1495 1764,1498"/>
                <TextEquiv>
                    <Unicode>KUNSTEN LETTEREN.</Unicode>
                </TextEquiv>
            </TextLine>
            <TextLine id="r1l22" custom="readingOrder {index:21;}">
                <Coords points="1090,1710 1984,1711 1997,1640 1856,1661 1641,1634 1575,1669 1498,1639 1366,1664 1089,1652"/>
                <Baseline points="1101,1696 1145,1696 1189,1697 1233,1697 1277,1698 1322,1698 1366,1699 1410,1699 1454,1699 1498,1700 1543,1700 1587,1699 1631,1699 1675,1699 1719,1698 1764,1697 1808,1696 1852,1694 1896,1692 1940,1690 1985,1687"/>
                <TextEquiv>
                    <Unicode>de wonden kunnen zeer gevaarlijke bacterien</Unicode>
                </TextEquiv>
            </TextLine>
            <TextLine id="r1l23" custom="readingOrder {index:22;}">
                <Coords points="216,1735 1058,1729 1093,1717 1093,1652 284,1652 216,1683"/>
                <Baseline points="228,1712 270,1712 313,1712 355,1712 398,1712 441,1712 483,1711 526,1711 569,1711 611,1710 654,1710 697,1710 739,1710 782,1710 825,1710 867,1710 910,1710 953,1710 995,1710 1038,1710 1081,1711"/>
                <TextEquiv>
                    <Unicode>ARTHUR SCHNITZLER EN DE</Unicode>
                </TextEquiv>
            </TextLine>
            <TextLine id="r1l24" custom="readingOrder {index:23;}">
                <Coords points="1104,1735 1787,1753 2002,1743 2002,1712 1103,1702"/>
                <Baseline points="1114,1736 1157,1736 1201,1737 1245,1737 1289,1738 1333,1738 1377,1739 1420,1739 1464,1739 1508,1739 1552,1739 1596,1739 1640,1739 1684,1738 1727,1738 1771,1737 1815,1736 1859,1734 1903,1733 1947,1731 1991,1729"/>
                <TextEquiv>
                    <Unicode>bevatten, die men niet bij voorkeur op ontsto¬</Unicode>
                </TextEquiv>
            </TextLine>
            <TextLine id="r1l25" custom="readingOrder {index:24;}">
                <Coords points="1100,1780 2001,1781 1987,1735 1100,1736"/>
                <Baseline points="1111,1776 1154,1776 1198,1776 1242,1777 1286,1777 1330,1777 1374,1778 1418,1778 1462,1779 1506,1779 1550,1780 1593,1780 1637,1780 1681,1780 1725,1779 1769,1779 1813,1778 1857,1776 1901,1774 1945,1773 1989,1770"/>
                <TextEquiv>
                    <Unicode>ken oogleden zou brengen. Maar de lijken die</Unicode>
                </TextEquiv>
            </TextLine>
            <TextLine id="r1l26" custom="readingOrder {index:25;}">
                <Coords points="402,1790 507,1805 672,1788 712,1808 751,1793 872,1795 887,1791 888,1736 848,1721 771,1734 455,1724 402,1744"/>
                <Baseline points="412,1781 437,1781 463,1781 489,1781 515,1781 540,1781 566,1781 592,1782 618,1782 644,1782 669,1782 695,1782 721,1782 747,1782 772,1782 798,1782 824,1782 850,1782 876,1781"/>
                <TextEquiv>
                    <Unicode>GENEESKUNDE</Unicode>
                </TextEquiv>
            </TextLine>
            <TextLine id="r1l27" custom="readingOrder {index:26;}">
                <Coords points="1107,1815 2003,1820 2003,1782 1970,1776 1107,1782"/>
                <Baseline points="1117,1812 1160,1814 1204,1816 1248,1817 1292,1818 1335,1819 1379,1819 1423,1820 1467,1820 1510,1820 1554,1819 1598,1819 1642,1818 1685,1818 1729,1817 1773,1816 1817,1815 1860,1814 1904,1812 1948,1812 1992,1811"/>
                <TextEquiv>
                    <Unicode>de student had aangeraakt, waren — want hij</Unicode>
                </TextEquiv>
            </TextLine>
            <TextLine id="r1l28" custom="readingOrder {index:27;}">
                <Coords points="1111,1863 2010,1850 2009,1824 1939,1815 1111,1817"/>
                <Baseline points="1121,1853 1164,1855 1208,1856 1252,1857 1296,1858 1340,1858 1384,1858 1428,1858 1472,1858 1516,1857 1560,1857 1603,1856 1647,1855 1691,1854 1735,1853 1779,1852 1823,1851 1867,1850 1911,1849 1955,1849 1999,1848"/>
                <TextEquiv>
                    <Unicode>had geholpen met het reddingswerk bij een</Unicode>
                </TextEquiv>
            </TextLine>
            <TextLine id="r1l29" custom="readingOrder {index:28;}">
                <Coords points="557,1860 572,1860 598,1877 627,1873 635,1882 649,1876 664,1881 691,1868 704,1880 708,1875 728,1878 729,1836 714,1836 694,1822 652,1825 622,1809 602,1813 596,1806 576,1817 558,1812"/>
                <Baseline points="568,1859 593,1857 618,1857 643,1858 668,1859 693,1861 718,1861"/>
                <TextEquiv>
                    <Unicode>DOOR</Unicode>
                </TextEquiv>
            </TextLine>
            <TextLine id="r1l30" custom="readingOrder {index:29;}">
                <Coords points="1449,1899 2014,1896 2000,1846 1952,1864 1921,1851 1710,1874 1677,1859 1513,1870 1486,1855 1449,1871"/>
                <Baseline points="1460,1891 1487,1893 1514,1894 1541,1894 1568,1894 1596,1895 1623,1895 1650,1894 1677,1894 1704,1893 1732,1893 1759,1892 1786,1891 1813,1891 1840,1890 1868,1889 1895,1889 1922,1888 1949,1888 1976,1888 2004,1889"/>
                <TextEquiv>
                    <Unicode>kersversch, nog geen nur</Unicode>
                </TextEquiv>
            </TextLine>
            <TextLine id="r1l31" custom="readingOrder {index:30;}">
                <Coords points="1117,1908 1161,1899 1194,1910 1229,1899 1253,1906 1273,1893 1315,1906 1416,1902 1416,1863 1390,1856 1313,1869 1293,1858 1269,1873 1207,1858 1185,1866 1117,1862"/>
                <Baseline points="1128,1893 1153,1893 1178,1893 1203,1893 1229,1893 1254,1893 1279,1893 1304,1894 1330,1894 1355,1894 1380,1894 1406,1893"/>
                <TextEquiv>
                    <Unicode>grooten brand</Unicode>
                </TextEquiv>
            </TextLine>
            <TextLine id="r1l32" custom="readingOrder {index:31;}">
                <Coords points="1106,1942 1992,1942 2005,1900 1106,1909"/>
                <Baseline points="1118,1929 1161,1931 1205,1932 1249,1934 1293,1935 1337,1935 1380,1936 1424,1936 1468,1936 1512,1936 1556,1936 1599,1935 1643,1935 1687,1934 1731,1934 1775,1933 1818,1932 1862,1932 1906,1931 1950,1930 1994,1929"/>
                <TextEquiv>
                    <Unicode>aud, daar kon toch onmogelijk ontwikkeling</Unicode>
                </TextEquiv>
            </TextLine>
            <TextLine id="r1l33" custom="readingOrder {index:32;}">
                <Coords points="238,1941 299,1963 785,1940 952,1961 1057,1934 1057,1908 866,1876 237,1884"/>
                <Baseline points="249,1933 288,1934 328,1935 368,1936 408,1936 448,1936 488,1937 528,1937 568,1937 608,1937 648,1937 687,1936 727,1936 767,1935 807,1935 847,1934 887,1933 927,1933 967,1931 1007,1930 1047,1929"/>
                <TextEquiv>
                    <Unicode>PROF. W. STORM VAN LEEUWEN.</Unicode>
                </TextEquiv>
            </TextLine>
            <TextLine id="r1l34" custom="readingOrder {index:33;}">
                <Coords points="1119,1975 1996,1995 1996,1938 1119,1940"/>
                <Baseline points="1130,1969 1172,1970 1215,1971 1258,1972 1300,1973 1343,1974 1386,1974 1428,1974 1471,1975 1514,1975 1557,1975 1599,1975 1642,1974 1685,1974 1727,1974 1770,1973 1813,1973 1855,1972 1898,1971 1941,1970 1984,1970"/>
                <TextEquiv>
                    <Unicode>van gevaarlijke bacterièn hebben plaats ge¬</Unicode>
                </TextEquiv>
            </TextLine>
            <TextLine id="r1l35" custom="readingOrder {index:34;}">
                <Coords points="1112,2017 1131,2015 1138,2019 1153,2017 1158,2020 1171,2015 1186,2020 1202,2018 1208,2012 1219,2012 1220,1979 1205,1979 1191,1985 1185,1978 1150,1978 1139,1982 1128,1975 1123,1979 1112,1979"/>
                <Baseline points="1122,2009 1150,2009 1179,2009 1208,2011"/>
                <TextEquiv>
                    <Unicode>had.</Unicode>
                </TextEquiv>
            </TextLine>
            <TextLine id="r1l36" custom="readingOrder {index:35;}">
                <Coords points="1131,2056 1975,2060 1997,2058 1997,1994 1889,2010 1858,1989 1698,2025 1623,1999 1131,2017"/>
                <Baseline points="1143,2047 1185,2050 1227,2051 1269,2052 1311,2054 1354,2054 1396,2055 1438,2055 1480,2055 1522,2055 1565,2054 1607,2054 1649,2053 1691,2052 1733,2051 1776,2050 1818,2048 1860,2047 1902,2046 1944,2044 1987,2043"/>
                <TextEquiv>
                    <Unicode>Ik weet wel, voor het geheele werk doet</Unicode>
                </TextEquiv>
            </TextLine>
            <TextLine id="r1l37" custom="readingOrder {index:36;}">
                <Coords points="404,2071 560,2095 582,2078 866,2079 927,2101 1092,2088 1092,2037 991,2022 923,2041 831,2024 736,2039 672,2012 580,2041 459,2014 404,2029"/>
                <Baseline points="415,2072 448,2072 481,2072 514,2073 548,2073 581,2073 614,2073 648,2073 681,2073 714,2073 748,2073 781,2073 814,2073 847,2073 881,2073 914,2073 947,2073 981,2073 1014,2074 1047,2074 1081,2075"/>
                <TextEquiv>
                    <Unicode>De historieschrifver van het ge¬</Unicode>
                </TextEquiv>
            </TextLine>
            <TextLine id="r1l38" custom="readingOrder {index:37;}">
                <Coords points="1111,2099 2001,2103 2001,2054 1111,2048"/>
                <Baseline points="1121,2091 1164,2092 1207,2092 1251,2093 1294,2093 1338,2093 1381,2094 1424,2094 1468,2094 1511,2094 1555,2094 1598,2093 1641,2093 1685,2092 1728,2092 1772,2091 1815,2089 1858,2088 1902,2087 1945,2085 1989,2083"/>
                <TextEquiv>
                    <Unicode>deze cene kleine fout er niet veel toe, ik noem</Unicode>
                </TextEquiv>
            </TextLine>
            <TextLine id="r1l39" custom="readingOrder {index:38;}">
                <Coords points="354,2130 455,2148 492,2131 597,2149 624,2132 681,2150 731,2135 758,2148 811,2138 811,2100 723,2080 576,2081 530,2098 488,2080 468,2096 402,2091 387,2104 354,2095"/>
                <Baseline points="365,2124 390,2123 416,2123 441,2124 467,2124 492,2124 518,2124 544,2124 569,2125 595,2125 620,2125 646,2125 672,2126 697,2126 723,2126 748,2126 774,2126 800,2125"/>
                <TextEquiv>
                    <Unicode>neeskundig milien.</Unicode>
                </TextEquiv>
            </TextLine>
            <TextLine id="r1l40" custom="readingOrder {index:39;}">
                <Coords points="1117,2143 1996,2137 1996,2102 1921,2093 1117,2097"/>
                <Baseline points="1127,2128 1169,2130 1212,2132 1255,2134 1298,2135 1341,2135 1384,2136 1427,2136 1470,2135 1513,2135 1556,2134 1598,2133 1641,2132 1684,2132 1727,2131 1770,2129 1813,2128 1856,2127 1899,2126 1942,2125 1985,2124"/>
                <TextEquiv>
                    <Unicode>het alleen als voorbeeld, hoe zeifs een man</Unicode>
                </TextEquiv>
            </TextLine>
            <TextLine id="r1l41" custom="readingOrder {index:40;}">
                <Coords points="1108,2183 2009,2170 2009,2139 1908,2129 1108,2139"/>
                <Baseline points="1119,2165 1162,2168 1206,2171 1250,2173 1294,2174 1338,2175 1382,2175 1426,2175 1470,2175 1514,2174 1558,2173 1601,2172 1645,2171 1689,2170 1733,2168 1777,2167 1821,2166 1865,2165 1909,2165 1953,2165 1997,2165"/>
                <TextEquiv>
                    <Unicode>als Strindberg hier een onjuiste nuance geeft</Unicode>
                </TextEquiv>
            </TextLine>
            <TextLine id="r1l42" custom="readingOrder {index:41;}">
                <Coords points="231,2187 1095,2190 1094,2133 1011,2118 778,2161 732,2135 231,2150"/>
                <Baseline points="243,2180 285,2183 327,2185 369,2186 411,2187 453,2187 495,2187 537,2187 579,2187 621,2186 663,2186 705,2185 747,2184 789,2183 831,2182 873,2181 915,2181 957,2181 999,2180 1041,2180 1084,2181"/>
                <TextEquiv>
                    <Unicode>Zooals steeds, wanneer ik in deze rubriek</Unicode>
                </TextEquiv>
            </TextLine>
            <TextLine id="r1l43" custom="readingOrder {index:42;}">
                <Coords points="1117,2215 2007,2229 2007,2171 1117,2173"/>
                <Baseline points="1128,2205 1171,2207 1214,2209 1258,2210 1301,2211 1345,2212 1388,2212 1432,2212 1475,2212 1519,2211 1562,2211 1605,2210 1649,2210 1692,2209 1736,2208 1779,2208 1823,2207 1866,2207 1910,2206 1953,2206 1997,2206"/>
                <TextEquiv>
                    <Unicode>en dus een kleine zwakte vertoonde, juist</Unicode>
                </TextEquiv>
            </TextLine>
            <TextLine id="r1l44" custom="readingOrder {index:43;}">
                <Coords points="193,2235 1017,2240 1094,2227 1094,2190 193,2195"/>
                <Baseline points="205,2220 248,2221 292,2223 336,2224 380,2225 424,2226 468,2226 512,2227 556,2227 600,2227 644,2227 687,2227 731,2226 775,2226 819,2226 863,2225 907,2225 951,2224 995,2224 1039,2223 1083,2223"/>
                <TextEquiv>
                    <Unicode>over een kunstenaar wil schrijven, moet ik</Unicode>
                </TextEquiv>
            </TextLine>
            <TextLine id="r1l45" custom="readingOrder {index:44;}">
                <Coords points="1116,2257 1872,2257 1871,2215 1115,2213"/>
                <Baseline points="1126,2243 1162,2245 1199,2247 1236,2249 1272,2249 1309,2250 1346,2251 1382,2251 1419,2251 1456,2251 1493,2251 1529,2250 1566,2250 1603,2249 1639,2248 1676,2247 1713,2246 1749,2246 1786,2245 1823,2245 1860,2244"/>
                <TextEquiv>
                    <Unicode>daar, waar Schnitzler het sterkste 18.</Unicode>
                </TextEquiv>
            </TextLine>
            <TextLine id="r1l46" custom="readingOrder {index:45;}">
                <Coords points="194,2278 1109,2275 1095,2222 194,2232"/>
                <Baseline points="205,2260 249,2262 294,2264 338,2264 383,2266 428,2266 472,2267 517,2267 562,2267 606,2267 651,2266 696,2266 740,2265 785,2265 830,2264 874,2264 919,2263 964,2262 1008,2261 1053,2261 1098,2260"/>
                <TextEquiv>
                    <Unicode>cerst mij verdedigen tegen de aanklacht dat</Unicode>
                </TextEquiv>
            </TextLine>
            <TextLine id="r1l47" custom="readingOrder {index:46;}">
                <Coords points="1132,2292 2003,2300 1985,2237 1631,2268 1132,2257"/>
                <Baseline points="1143,2286 1185,2287 1227,2288 1270,2289 1312,2289 1355,2290 1397,2290 1440,2290 1482,2290 1525,2290 1567,2290 1609,2289 1652,2288 1694,2288 1737,2287 1779,2286 1822,2285 1864,2284 1907,2283 1949,2281 1992,2280"/>
                <TextEquiv>
                    <Unicode>Aan Schnitzler zou zoo iets nooit overko¬</Unicode>
                </TextEquiv>
            </TextLine>
            <TextLine id="r1l48" custom="readingOrder {index:47;}">
                <Coords points="193,2313 536,2326 1105,2293 1019,2258 874,2283 192,2269"/>
                <Baseline points="203,2301 247,2303 292,2304 336,2305 381,2306 425,2307 470,2307 514,2308 559,2308 603,2307 648,2307 693,2307 737,2306 782,2305 826,2304 871,2303 915,2302 960,2301 1004,2299 1049,2297 1094,2296"/>
                <TextEquiv>
                    <Unicode>ik miin competentie te buiten zou gaan. Wel¬</Unicode>
                </TextEquiv>
            </TextLine>
            <TextLine id="r1l49" custom="readingOrder {index:48;}">
                <Coords points="1112,2332 1736,2332 1861,2358 2006,2326 1982,2293 1430,2311 1237,2287 1209,2312 1112,2277"/>
                <Baseline points="1123,2326 1166,2327 1210,2328 1253,2328 1297,2329 1341,2330 1384,2330 1428,2330 1472,2330 1515,2330 1559,2330 1603,2330 1646,2330 1690,2329 1734,2329 1777,2328 1821,2327 1865,2326 1908,2325 1952,2324 1996,2323"/>
                <TextEquiv>
                    <Unicode>men. Hij is een meester in het scheppen van</Unicode>
                </TextEquiv>
            </TextLine>
            <TextLine id="r1l50" custom="readingOrder {index:49;}">
                <Coords points="190,2339 349,2362 1045,2353 1102,2337 1102,2302 190,2310"/>
                <Baseline points="201,2343 245,2343 290,2344 334,2344 379,2345 423,2345 468,2346 512,2346 557,2346 601,2346 646,2346 690,2346 735,2346 779,2345 824,2344 868,2343 913,2342 957,2340 1002,2339 1046,2336 1091,2334"/>
                <TextEquiv>
                    <Unicode>nu, Schnitzler is arts, in ziin novellen en co¬</Unicode>
                </TextEquiv>
            </TextLine>
            <TextLine id="r1l51" custom="readingOrder {index:50;}">
                <Coords points="1113,2371 1276,2384 1412,2368 1454,2381 1563,2376 1563,2335 1370,2342 1295,2329 1280,2344 1229,2333 1199,2349 1113,2333"/>
                <Baseline points="1124,2364 1149,2366 1174,2367 1199,2368 1224,2368 1249,2369 1275,2369 1300,2369 1325,2369 1350,2368 1375,2368 1400,2367 1426,2367 1451,2367 1476,2366 1501,2366 1526,2366 1552,2367"/>
                <TextEquiv>
                    <Unicode>een „medische“' sfeer.</Unicode>
                </TextEquiv>
            </TextLine>
            <TextLine id="r1l52" custom="readingOrder {index:51;}">
                <Coords points="196,2392 625,2398 658,2372 1042,2398 1113,2376 1112,2325 877,2357 196,2344"/>
                <Baseline points="208,2381 252,2382 297,2382 341,2383 386,2383 431,2383 475,2383 520,2384 565,2384 609,2384 654,2384 699,2384 743,2383 788,2383 833,2382 877,2382 922,2380 967,2380 1011,2378 1056,2376 1101,2374"/>
                <TextEquiv>
                    <Unicode>medies brengt hij zeer veel artsenpsychologie</Unicode>
                </TextEquiv>
            </TextLine>
            <TextLine id="r1l53" custom="readingOrder {index:52;}">
                <Coords points="1136,2408 1545,2429 1998,2403 1997,2357 1892,2345 1670,2379 1136,2377"/>
                <Baseline points="1147,2405 1189,2406 1231,2407 1273,2408 1315,2409 1357,2409 1399,2409 1441,2409 1483,2409 1525,2409 1567,2409 1609,2408 1651,2408 1693,2407 1735,2407 1777,2405 1819,2404 1861,2403 1903,2402 1945,2400 1987,2398"/>
                <TextEquiv>
                    <Unicode>En van dit meesterschap maakt hij ruim¬</Unicode>
                </TextEquiv>
            </TextLine>
            <TextLine id="r1l54" custom="readingOrder {index:53;}">
                <Coords points="192,2432 737,2444 1109,2415 1108,2384 1071,2382 192,2390"/>
                <Baseline points="203,2421 247,2422 292,2422 337,2423 382,2423 426,2424 471,2424 516,2424 561,2424 605,2424 650,2424 695,2424 740,2423 784,2423 829,2422 874,2421 919,2420 963,2419 1008,2418 1053,2417 1098,2416"/>
                <TextEquiv>
                    <Unicode>en psychologie van den patient en het is</Unicode>
                </TextEquiv>
            </TextLine>
            <TextLine id="r1l55" custom="readingOrder {index:54;}">
                <Coords points="1119,2452 2011,2458 1995,2405 1119,2406"/>
                <Baseline points="1130,2446 1173,2447 1216,2448 1260,2448 1303,2449 1347,2449 1390,2449 1434,2449 1477,2449 1521,2449 1564,2449 1607,2448 1651,2448 1694,2447 1738,2446 1781,2445 1825,2444 1868,2443 1912,2442 1955,2441 1999,2440"/>
                <TextEquiv>
                    <Unicode>schoots gebruik. Tal van stukken spelen in</Unicode>
                </TextEquiv>
            </TextLine>
            <TextLine id="r1l56" custom="readingOrder {index:55;}">
                <Coords points="193,2463 1026,2479 1094,2465 1094,2426 193,2432"/>
                <Baseline points="203,2461 249,2461 295,2462 341,2462 388,2463 434,2463 480,2463 526,2463 573,2463 619,2464 665,2463 711,2463 758,2463 804,2463 850,2462 896,2462 943,2461 989,2460 1035,2459 1082,2458"/>
                <TextEquiv>
                    <Unicode>vooral dat gedeelte van zijn werk, dat ik</Unicode>
                </TextEquiv>
            </TextLine>
            <TextLine id="r1l57" custom="readingOrder {index:56;}">
                <Coords points="1111,2485 1999,2492 1999,2453 1953,2446 1111,2457"/>
                <Baseline points="1123,2482 1166,2484 1209,2485 1252,2486 1296,2487 1339,2487 1382,2488 1426,2488 1469,2488 1512,2488 1556,2488 1599,2488 1642,2487 1685,2487 1729,2486 1772,2485 1815,2485 1859,2483 1902,2482 1945,2481 1989,2479"/>
                <TextEquiv>
                    <Unicode>een kliniek of in het huis van een arts, en de</Unicode>
                </TextEquiv>
            </TextLine>
            <TextLine id="r1l58" custom="readingOrder {index:57;}">
                <Coords points="195,2499 1092,2511 1070,2463 195,2462"/>
                <Baseline points="207,2501 250,2502 294,2502 338,2503 381,2503 425,2503 469,2503 512,2503 556,2503 600,2503 644,2503 687,2503 731,2502 775,2502 818,2501 862,2500 906,2499 949,2498 993,2498 1037,2496 1081,2495"/>
                <TextEquiv>
                    <Unicode>hier wil bespreken. Waar ik dus hier niet wil</Unicode>
                </TextEquiv>
            </TextLine>
            <TextLine id="r1l59" custom="readingOrder {index:58;}">
                <Coords points="1115,2536 1985,2536 2003,2490 1115,2492"/>
                <Baseline points="1127,2522 1170,2523 1213,2524 1256,2525 1300,2525 1343,2526 1386,2526 1430,2527 1473,2527 1516,2527 1560,2527 1603,2527 1646,2527 1689,2526 1733,2526 1776,2525 1819,2525 1863,2523 1906,2523 1949,2521 1993,2519"/>
                <TextEquiv>
                    <Unicode>arts, die het leest, of opvoeren ziet, voelt hoe</Unicode>
                </TextEquiv>
            </TextLine>
            <TextLine id="r1l60" custom="readingOrder {index:59;}">
                <Coords points="192,2561 1102,2551 1102,2514 1036,2503 192,2510"/>
                <Baseline points="203,2541 247,2541 291,2542 336,2542 380,2542 424,2543 469,2543 513,2543 557,2543 602,2542 646,2542 690,2542 735,2541 779,2540 823,2540 868,2539 912,2538 956,2537 1001,2536 1045,2535 1090,2534"/>
                <TextEquiv>
                    <Unicode>onderzoeken de artistieke waarde van Schnitz¬</Unicode>
                </TextEquiv>
            </TextLine>
            <TextLine id="r1l61" custom="readingOrder {index:60;}">
                <Coords points="1107,2565 1470,2597 2008,2573 2008,2534 1977,2527 1107,2535"/>
                <Baseline points="1119,2566 1162,2566 1206,2565 1250,2565 1294,2565 1338,2565 1382,2565 1425,2565 1469,2566 1513,2566 1557,2566 1601,2566 1645,2566 1689,2566 1732,2566 1776,2565 1820,2565 1864,2564 1908,2563 1952,2561 1996,2559"/>
                <TextEquiv>
                    <Unicode>goed het geteekend is, voelt, hoe dat alles</Unicode>
                </TextEquiv>
            </TextLine>
            <TextLine id="r1l62" custom="readingOrder {index:61;}">
                <Coords points="195,2598 1008,2592 1102,2584 1102,2551 194,2543"/>
                <Baseline points="206,2580 250,2581 294,2582 338,2582 383,2582 427,2583 471,2583 516,2583 560,2582 604,2582 649,2582 693,2581 737,2581 781,2580 826,2579 870,2578 914,2578 959,2577 1003,2576 1047,2575 1092,2575"/>
                <TextEquiv>
                    <Unicode>ler’s werk, maar de vraag wil trachten te be¬</Unicode>
                </TextEquiv>
            </TextLine>
            <TextLine id="r1l63" custom="readingOrder {index:62;}">
                <Coords points="201,2634 966,2640 1102,2629 1102,2585 201,2594"/>
                <Baseline points="213,2620 259,2621 305,2621 351,2622 398,2622 444,2622 490,2622 536,2622 583,2622 629,2622 675,2622 721,2622 768,2621 814,2621 860,2620 906,2619 953,2619 999,2617 1045,2616 1092,2615"/>
                <TextEquiv>
                    <Unicode>antwoorden, in hoeverre hij er in geslaagd is</Unicode>
                </TextEquiv>
            </TextLine>
            <TextLine id="r1l64" custom="readingOrder {index:63;}">
                <Coords points="1149,2656 1661,2659 1692,2632 1745,2658 2015,2655 2014,2607 1979,2588 1854,2615 1777,2594 1560,2618 1487,2591 1366,2618 1287,2588 1149,2614"/>
                <Baseline points="1160,2642 1202,2643 1244,2644 1286,2645 1328,2646 1370,2646 1412,2646 1455,2646 1497,2646 1539,2646 1581,2645 1623,2645 1665,2644 1707,2643 1750,2642 1792,2641 1834,2640 1876,2638 1918,2637 1960,2636 2003,2634"/>
                <TextEquiv>
                    <Unicode>De „Stunde des Erkennens' waarin profes¬</Unicode>
                </TextEquiv>
            </TextLine>
            <TextLine id="r1l65" custom="readingOrder {index:64;}">
                <Coords points="202,2671 1103,2663 1103,2628 1048,2622 202,2625"/>
                <Baseline points="213,2658 259,2659 305,2660 351,2661 398,2661 444,2661 490,2662 536,2662 583,2661 629,2661 675,2661 721,2660 768,2659 814,2659 860,2658 906,2657 953,2656 999,2656 1045,2655 1092,2654"/>
                <TextEquiv>
                    <Unicode>de verhouding tusschen patient en arts — dus</Unicode>
                </TextEquiv>
            </TextLine>
            <TextLine id="r1l66" custom="readingOrder {index:65;}">
                <Coords points="1109,2689 2008,2684 2008,2651 1966,2646 1311,2664 1109,2638"/>
                <Baseline points="1120,2680 1163,2681 1207,2682 1251,2683 1295,2683 1339,2684 1383,2684 1427,2685 1471,2685 1515,2685 1559,2685 1602,2685 1646,2685 1690,2684 1734,2684 1778,2683 1822,2682 1866,2681 1910,2680 1954,2678 1998,2676"/>
                <TextEquiv>
                    <Unicode>sor Ormin, de arts Eckold en diens vrouw</Unicode>
                </TextEquiv>
            </TextLine>
            <TextLine id="r1l67" custom="readingOrder {index:66;}">
                <Coords points="200,2706 1039,2715 1094,2702 1094,2669 199,2666"/>
                <Baseline points="211,2699 254,2700 298,2701 341,2701 385,2702 428,2702 472,2702 515,2702 559,2702 602,2701 646,2701 690,2700 733,2700 777,2699 820,2699 864,2698 907,2697 951,2697 994,2696 1038,2695 1082,2695"/>
                <TextEquiv>
                    <Unicode>tusschen den lijdenden mensch en hem, die</Unicode>
                </TextEquiv>
            </TextLine>
            <TextLine id="r1l68" custom="readingOrder {index:67;}">
                <Coords points="1121,2731 2000,2729 1999,2685 1120,2689"/>
                <Baseline points="1131,2723 1173,2724 1216,2724 1259,2725 1302,2725 1345,2726 1388,2726 1430,2726 1473,2726 1516,2726 1559,2726 1602,2726 1645,2725 1688,2725 1730,2724 1773,2724 1816,2723 1859,2722 1902,2721 1945,2720 1988,2719"/>
                <TextEquiv>
                    <Unicode>Klara de hoofdpersonen zijn, had even goed</Unicode>
                </TextEquiv>
            </TextLine>
            <TextLine id="r1l69" custom="readingOrder {index:68;}">
                <Coords points="201,2741 1102,2741 1073,2698 201,2706"/>
                <Baseline points="212,2742 256,2742 300,2742 344,2741 388,2741 432,2741 476,2740 520,2740 564,2740 608,2739 652,2738 696,2738 740,2738 784,2737 828,2737 872,2736 916,2736 960,2736 1004,2735 1048,2735 1092,2735"/>
                <TextEquiv>
                    <Unicode>geroepen is, leed te verzachten — waardig en</Unicode>
                </TextEquiv>
            </TextLine>
            <TextLine id="r1l70" custom="readingOrder {index:69;}">
                <Coords points="1106,2760 1346,2784 1684,2757 1739,2788 1864,2752 2003,2764 2002,2726 1901,2720 1106,2729"/>
                <Baseline points="1117,2762 1160,2763 1204,2764 1248,2765 1291,2766 1335,2766 1379,2766 1422,2766 1466,2767 1510,2766 1554,2766 1597,2766 1641,2765 1685,2765 1728,2764 1772,2763 1816,2761 1859,2760 1903,2759 1947,2756 1991,2754"/>
                <TextEquiv>
                    <Unicode>in een ander milieu kunnen spelen. Ormin</Unicode>
                </TextEquiv>
            </TextLine>
            <TextLine id="r1l71" custom="readingOrder {index:70;}">
                <Coords points="191,2770 362,2794 1101,2784 1079,2742 191,2746"/>
                <Baseline points="203,2778 247,2779 291,2779 335,2779 380,2780 424,2780 468,2780 513,2780 557,2780 601,2779 646,2779 690,2779 734,2778 778,2778 823,2778 867,2777 911,2777 956,2776 1000,2776 1044,2776 1089,2775"/>
                <TextEquiv>
                    <Unicode>waar te schetsen, daar zou vanuit dit oog¬</Unicode>
                </TextEquiv>
            </TextLine>
            <TextLine id="r1l72" custom="readingOrder {index:71;}">
                <Coords points="1861,2807 1876,2809 1898,2802 1905,2806 1913,2801 1922,2808 1937,2803 1973,2808 2006,2805 2004,2763 1987,2764 1980,2771 1963,2765 1934,2770 1927,2764 1912,2771 1903,2764 1884,2767 1874,2759 1859,2764"/>
                <Baseline points="1871,2799 1902,2797 1933,2798 1964,2797 1995,2793"/>
                <TextEquiv>
                    <Unicode>vriend</Unicode>
                </TextEquiv>
            </TextLine>
            <TextLine id="r1l73" custom="readingOrder {index:72;}">
                <Coords points="1107,2809 1861,2808 1861,2768 1837,2766 1742,2784 1685,2760 1107,2762"/>
                <Baseline points="1119,2804 1155,2804 1192,2804 1228,2804 1265,2804 1301,2804 1338,2804 1374,2804 1411,2804 1447,2803 1484,2803 1521,2803 1557,2803 1594,2803 1630,2802 1667,2802 1703,2802 1740,2802 1776,2802 1813,2802 1850,2802"/>
                <TextEquiv>
                    <Unicode>brengt een afscheidsbezoek bij ziin</Unicode>
                </TextEquiv>
            </TextLine>
            <TextLine id="r1l74" custom="readingOrder {index:73;}">
                <Coords points="199,2825 1108,2829 1108,2783 199,2799"/>
                <Baseline points="209,2819 253,2819 297,2818 342,2818 386,2818 431,2818 475,2818 520,2818 564,2818 609,2818 653,2818 697,2818 742,2818 786,2818 831,2817 875,2817 920,2816 964,2816 1009,2815 1053,2813 1098,2812"/>
                <TextEquiv>
                    <Unicode>punt beschouwd, bijvoorbeeld Molière's on¬</Unicode>
                </TextEquiv>
            </TextLine>
            <TextLine id="r1l75" custom="readingOrder {index:74;}">
                <Coords points="1119,2857 2003,2847 2002,2807 1943,2803 1119,2811"/>
                <Baseline points="1130,2842 1173,2843 1216,2843 1259,2843 1302,2843 1345,2843 1388,2843 1431,2843 1474,2843 1517,2842 1560,2842 1603,2841 1646,2841 1689,2840 1732,2839 1775,2838 1818,2838 1861,2837 1904,2837 1947,2836 1991,2835"/>
                <TextEquiv>
                    <Unicode>Eckold, hij is een oogenblik met Klara alleen,</Unicode>
                </TextEquiv>
            </TextLine>
            <TextLine id="r1l76" custom="readingOrder {index:75;}">
                <Coords points="200,2875 1110,2858 1109,2821 1015,2815 200,2827"/>
                <Baseline points="210,2859 254,2859 298,2858 343,2858 387,2858 432,2858 476,2858 520,2858 565,2857 609,2857 654,2857 698,2856 742,2856 787,2856 831,2855 876,2854 920,2854 964,2853 1009,2852 1053,2852 1098,2851"/>
                <TextEquiv>
                    <Unicode>sterfelijke „Malade imaginaire“ minder ge¬</Unicode>
                </TextEquiv>
            </TextLine>
            <TextLine id="r1l77" custom="readingOrder {index:76;}">
                <Coords points="1118,2893 1955,2889 2003,2884 2003,2844 1118,2855"/>
                <Baseline points="1128,2882 1171,2882 1214,2882 1257,2882 1301,2882 1344,2883 1387,2883 1430,2883 1474,2883 1517,2883 1560,2882 1603,2882 1647,2882 1690,2881 1733,2881 1776,2880 1820,2879 1863,2878 1906,2877 1949,2876 1993,2874"/>
                <TextEquiv>
                    <Unicode>die hem — nu hij op het punt staat met een</Unicode>
                </TextEquiv>
            </TextLine>
            <TextLine id="r1l78" custom="readingOrder {index:77;}">
                <Coords points="202,2893 411,2918 472,2891 1103,2911 1103,2852 740,2878 202,2866"/>
                <Baseline points="214,2898 257,2898 301,2899 345,2899 389,2899 433,2899 477,2899 521,2899 565,2899 609,2899 653,2899 696,2898 740,2898 784,2897 828,2897 872,2896 916,2895 960,2895 1004,2894 1048,2893 1092,2892"/>
                <TextEquiv>
                    <Unicode>wichtig voor mij zijn dan Schnitzler’s alte</Unicode>
                </TextEquiv>
            </TextLine>
            <TextLine id="r1l79" custom="readingOrder {index:78;}">
                <Coords points="1116,2932 2004,2919 1975,2882 1116,2890"/>
                <Baseline points="1126,2920 1169,2921 1212,2923 1256,2923 1299,2924 1342,2924 1386,2924 1429,2924 1472,2924 1516,2923 1559,2923 1602,2922 1646,2921 1689,2921 1732,2919 1776,2919 1819,2918 1862,2917 1906,2916 1949,2915 1993,2914"/>
                <TextEquiv>
                    <Unicode>ambulance naar Japan te vertrekken, van¬</Unicode>
                </TextEquiv>
            </TextLine>
            <TextLine id="r1l80" custom="readingOrder {index:79;}">
                <Coords points="207,2959 411,2938 850,2949 905,2942 905,2903 496,2909 470,2892 413,2918 206,2900"/>
                <Baseline points="217,2936 250,2936 284,2937 318,2937 352,2937 386,2938 420,2938 454,2937 488,2937 522,2937 556,2937 589,2937 623,2936 657,2936 691,2935 725,2935 759,2935 793,2934 827,2934 861,2934 895,2934"/>
                <TextEquiv>
                    <Unicode>sterfelijke „Professor Bernhardi“.</Unicode>
                </TextEquiv>
            </TextLine>
            <TextLine id="r1l81" custom="readingOrder {index:80;}">
                <Coords points="235,2977 1883,2977 2013,2966 2012,2915 234,2946"/>
                <Baseline points="245,2975 332,2976 420,2977 508,2977 596,2977 684,2976 772,2975 859,2974 947,2973 1035,2971 1123,2969 1211,2967 1299,2966 1387,2964 1474,2962 1562,2960 1650,2959 1738,2957 1826,2957 1914,2956 2002,2956"/>
                <TextEquiv>
                    <Unicode>De Weensche tooneelschrijver staat tegen-waar hij, wiil hij een hartgebrek heeft, wel</Unicode>
                </TextEquiv>
            </TextLine>
            <TextLine id="r1l82" custom="readingOrder {index:81;}">
                <Coords points="1108,3003 2007,3011 2006,2969 1925,2954 1883,2976 1107,2972"/>
                <Baseline points="1119,3001 1162,3001 1206,3002 1250,3002 1294,3002 1338,3002 1381,3002 1425,3002 1469,3002 1513,3002 1557,3001 1600,3001 1644,3000 1688,3000 1732,2999 1776,2998 1819,2997 1863,2997 1907,2996 1951,2994 1995,2993"/>
                <TextEquiv>
                    <Unicode>nooit zal terugkeeren — toevertrouwt, hoe¬</Unicode>
                </TextEquiv>
            </TextLine>
            <TextLine id="r1l83" custom="readingOrder {index:82;}">
                <Coords points="201,3025 1102,3021 1102,2971 649,2998 201,2974"/>
                <Baseline points="213,3016 259,3017 305,3017 351,3018 398,3018 444,3018 490,3018 536,3018 583,3018 629,3017 675,3017 721,3016 768,3016 814,3015 860,3015 906,3014 953,3014 999,3013 1045,3013 1092,3012"/>
                <TextEquiv>
                    <Unicode>over deze problemen gansch anders dan de</Unicode>
                </TextEquiv>
            </TextLine>
            <TextLine id="r1l84" custom="readingOrder {index:83;}">
                <Coords points="1126,3049 1811,3063 1888,3034 2016,3046 2015,2996 1125,3009"/>
                <Baseline points="1137,3037 1180,3039 1223,3039 1267,3040 1310,3040 1354,3041 1397,3041 1440,3041 1484,3041 1527,3041 1571,3040 1614,3040 1657,3039 1701,3039 1744,3038 1788,3037 1831,3036 1874,3035 1918,3035 1961,3033 2005,3032"/>
                <TextEquiv>
                    <Unicode>veel zij jaren geleden van hem gehouden heeft</Unicode>
                </TextEquiv>
            </TextLine>
            <TextLine id="r1l85" custom="readingOrder {index:84;}">
                <Coords points="196,3071 1099,3057 1098,3020 1041,3016 195,3025"/>
                <Baseline points="207,3055 251,3056 295,3057 339,3057 383,3058 427,3058 471,3058 515,3058 559,3058 603,3058 647,3058 691,3058 735,3057 779,3057 823,3056 867,3055 911,3055 955,3054 999,3053 1043,3051 1087,3050"/>
                <TextEquiv>
                    <Unicode>meeste van ziin collega’s en zelfs anders dan</Unicode>
                </TextEquiv>
            </TextLine>
            <TextLine id="r1l86" custom="readingOrder {index:85;}">
                <Coords points="1113,3080 1880,3092 2003,3078 2003,3034 1814,3060 1113,3058"/>
                <Baseline points="1123,3079 1166,3079 1210,3079 1253,3079 1297,3079 1340,3079 1384,3079 1427,3079 1471,3079 1514,3079 1558,3079 1601,3079 1645,3079 1688,3078 1732,3078 1775,3077 1819,3076 1862,3075 1906,3074 1949,3073 1993,3071"/>
                <TextEquiv>
                    <Unicode>en om welke redenen ze niet ziin „Geliebte“</Unicode>
                </TextEquiv>
            </TextLine>
            <TextLine id="r1l87" custom="readingOrder {index:86;}">
                <Coords points="199,3097 1052,3104 1100,3101 1100,3057 199,3064"/>
                <Baseline points="210,3097 254,3097 298,3097 342,3097 386,3097 430,3097 474,3097 518,3097 562,3097 606,3097 650,3098 694,3098 738,3097 782,3097 826,3097 870,3096 914,3095 958,3094 1002,3093 1046,3091 1090,3089"/>
                <TextEquiv>
                    <Unicode>vele groote dichters. 1Ijj is niet als zij, een</Unicode>
                </TextEquiv>
            </TextLine>
            <TextLine id="r1l88" custom="readingOrder {index:87;}">
                <Coords points="1119,3124 1980,3130 2004,3125 2004,3079 1119,3083"/>
                <Baseline points="1130,3118 1173,3119 1216,3119 1259,3119 1302,3119 1346,3119 1389,3119 1432,3119 1475,3119 1518,3119 1562,3119 1605,3118 1648,3118 1691,3118 1734,3117 1778,3117 1821,3116 1864,3115 1907,3114 1950,3114 1994,3112"/>
                <TextEquiv>
                    <Unicode>had willen zijn, maar zich wel aan een ander</Unicode>
                </TextEquiv>
            </TextLine>
            <TextLine id="r1l89" custom="readingOrder {index:88;}">
                <Coords points="204,3138 1065,3144 1111,3133 1111,3091 204,3107"/>
                <Baseline points="215,3136 259,3135 303,3135 347,3135 392,3135 436,3135 480,3135 525,3136 569,3136 613,3136 658,3136 702,3136 746,3136 790,3136 835,3136 879,3136 923,3135 968,3134 1012,3133 1056,3132 1101,3129"/>
                <TextEquiv>
                    <Unicode>buitenstaander, die voor korten tijd zich in</Unicode>
                </TextEquiv>
            </TextLine>
            <TextLine id="r1l90" custom="readingOrder {index:89;}">
                <Coords points="1114,3175 2017,3164 2016,3133 1953,3120 1113,3131"/>
                <Baseline points="1125,3159 1169,3159 1213,3160 1257,3160 1301,3160 1345,3160 1389,3160 1433,3160 1477,3160 1521,3160 1565,3159 1609,3159 1653,3158 1697,3158 1741,3157 1785,3156 1829,3156 1873,3155 1917,3154 1961,3153 2006,3152"/>
                <TextEquiv>
                    <Unicode>gegeven had, enz. Dat alles, ook de latere</Unicode>
                </TextEquiv>
            </TextLine>
            <TextLine id="r1l91" custom="readingOrder {index:90;}">
                <Coords points="197,3177 1051,3180 1104,3176 1104,3140 196,3146"/>
                <Baseline points="207,3175 251,3174 295,3174 339,3174 384,3174 428,3174 472,3174 517,3174 561,3174 605,3174 650,3175 694,3175 738,3175 782,3174 827,3174 871,3174 915,3173 960,3172 1004,3171 1048,3170 1093,3168"/>
                <TextEquiv>
                    <Unicode>de sfeer van de kliniek en in het denken der</Unicode>
                </TextEquiv>
            </TextLine>
            <TextLine id="r1l92" custom="readingOrder {index:91;}">
                <Coords points="1122,3212 2019,3211 2021,3158 1122,3168"/>
                <Baseline points="1132,3197 1175,3198 1219,3198 1263,3199 1307,3199 1351,3199 1395,3199 1438,3199 1482,3199 1526,3199 1570,3199 1614,3198 1658,3198 1702,3197 1745,3197 1789,3196 1833,3195 1877,3194 1921,3194 1965,3193 2009,3192"/>
                <TextEquiv>
                    <Unicode>scène tusschen Eckold en Klara, waarin blijkt,</Unicode>
                </TextEquiv>
            </TextLine>
            <TextLine id="r1l93" custom="readingOrder {index:92;}">
                <Coords points="205,3231 1093,3221 1108,3171 204,3181"/>
                <Baseline points="215,3216 259,3216 303,3216 347,3215 391,3215 435,3215 479,3215 523,3215 567,3215 611,3215 656,3215 700,3215 744,3215 788,3214 832,3214 876,3213 920,3213 964,3212 1008,3211 1052,3210 1097,3208"/>
                <TextEquiv>
                    <Unicode>geneeskundigen heeft ingewerkt, maar hij is</Unicode>
                </TextEquiv>
            </TextLine>
            <TextLine id="r1l94" custom="readingOrder {index:93;}">
                <Coords points="1122,3250 2014,3231 2013,3201 1884,3195 1121,3206"/>
                <Baseline points="1132,3240 1175,3240 1219,3239 1262,3239 1306,3239 1349,3239 1393,3239 1436,3239 1480,3238 1523,3238 1567,3238 1611,3238 1654,3237 1698,3237 1741,3236 1785,3235 1828,3234 1872,3233 1915,3232 1959,3231 2003,3229"/>
                <TextEquiv>
                    <Unicode>dat Eckold zijn vrouw jaren lang heeft ver¬</Unicode>
                </TextEquiv>
            </TextLine>
            <TextLine id="r1l95" custom="readingOrder {index:94;}">
                <Coords points="196,3251 337,3279 948,3279 983,3256 1110,3276 1110,3221 1068,3216 196,3225"/>
                <Baseline points="207,3256 251,3255 296,3254 340,3254 385,3254 429,3254 474,3254 518,3254 563,3254 607,3254 652,3254 697,3254 741,3254 786,3254 830,3254 875,3253 919,3253 964,3252 1008,3251 1053,3249 1098,3248"/>
                <TextEquiv>
                    <Unicode>in ons vak opgevoed en behoort er geheel in</Unicode>
                </TextEquiv>
            </TextLine>
            <TextLine id="r1l96" custom="readingOrder {index:95;}">
                <Coords points="1110,3289 1998,3286 2011,3231 1110,3245"/>
                <Baseline points="1121,3279 1164,3279 1208,3279 1252,3279 1296,3279 1340,3279 1384,3279 1428,3278 1472,3278 1516,3278 1560,3278 1603,3277 1647,3277 1691,3276 1735,3275 1779,3274 1823,3273 1867,3271 1911,3270 1955,3268 1999,3266"/>
                <TextEquiv>
                    <Unicode>dacht, toch een liaison met Ormin te hebben</Unicode>
                </TextEquiv>
            </TextLine>
            <TextLine id="r1l97" custom="readingOrder {index:96;}">
                <Coords points="205,3297 218,3295 229,3305 240,3307 264,3296 289,3304 295,3299 321,3303 339,3292 361,3294 360,3276 332,3275 314,3264 303,3266 283,3256 272,3256 261,3265 255,3259 228,3264 215,3255 204,3255"/>
                <Baseline points="215,3293 242,3294 269,3293 296,3292 323,3291 350,3292"/>
                <TextEquiv>
                    <Unicode>thuis.</Unicode>
                </TextEquiv>
            </TextLine>
            <TextLine id="r1l98" custom="readingOrder {index:97;}">
                <Coords points="1115,3330 2012,3319 2011,3284 1956,3276 1115,3284"/>
                <Baseline points="1125,3316 1168,3316 1212,3317 1256,3317 1300,3317 1344,3317 1387,3317 1431,3317 1475,3316 1519,3316 1563,3316 1606,3315 1650,3315 1694,3314 1738,3313 1782,3313 1825,3312 1869,3311 1913,3310 1957,3309 2001,3308"/>
                <TextEquiv>
                    <Unicode>gehad, dat alles had evengoed in een ander</Unicode>
                </TextEquiv>
            </TextLine>
            <TextLine id="r1l99" custom="readingOrder {index:98;}">
                <Coords points="239,3337 1083,3341 1111,3334 1111,3277 239,3299"/>
                <Baseline points="250,3329 292,3330 335,3332 377,3333 420,3334 462,3334 505,3335 547,3335 590,3335 632,3335 675,3334 717,3334 760,3333 802,3333 845,3332 887,3331 930,3330 972,3329 1015,3328 1057,3327 1100,3326"/>
                <TextEquiv>
                    <Unicode>Schnitzler is dus niet een tooneelschrijver,</Unicode>
                </TextEquiv>
            </TextLine>
            <TextLine id="r1l100" custom="readingOrder {index:99;}">
                <Coords points="1122,3362 1985,3361 2016,3323 1121,3329"/>
                <Baseline points="1133,3353 1176,3354 1220,3354 1263,3354 1307,3355 1351,3355 1394,3355 1438,3355 1481,3355 1525,3355 1569,3354 1612,3354 1656,3354 1699,3353 1743,3353 1787,3352 1830,3351 1874,3351 1917,3350 1961,3349 2005,3348"/>
                <TextEquiv>
                    <Unicode>milieu kunnen hebben plaats gegrepen. Ka¬</Unicode>
                </TextEquiv>
            </TextLine>
            <TextLine id="r1l101" custom="readingOrder {index:100;}">
                <Coords points="195,3359 250,3385 292,3363 448,3387 1107,3371 1107,3335 1065,3333 195,3342"/>
                <Baseline points="207,3370 251,3371 295,3373 340,3374 384,3375 429,3375 473,3376 517,3376 562,3376 606,3376 651,3375 695,3375 739,3374 784,3374 828,3373 873,3372 917,3372 961,3371 1006,3370 1050,3369 1095,3368"/>
                <TextEquiv>
                    <Unicode>die toevallig vroeger arts is geweest en die</Unicode>
                </TextEquiv>
            </TextLine>
            <TextLine id="r1l102" custom="readingOrder {index:101;}">
                <Coords points="1127,3406 2015,3403 2014,3350 1127,3367"/>
                <Baseline points="1137,3393 1180,3393 1223,3393 1267,3393 1310,3393 1353,3393 1397,3393 1440,3393 1483,3393 1527,3393 1570,3392 1613,3392 1657,3392 1700,3392 1743,3391 1787,3391 1830,3391 1873,3391 1917,3391 1960,3390 2004,3390"/>
                <TextEquiv>
                    <Unicode>rakteristiek voor Schnitzler is, dat hij dit</Unicode>
                </TextEquiv>
            </TextLine>
            <TextLine id="r1l103" custom="readingOrder {index:102;}">
                <Coords points="207,3420 1031,3422 1101,3412 1101,3373 206,3371"/>
                <Baseline points="217,3411 260,3412 304,3414 348,3415 391,3416 435,3417 479,3417 522,3417 566,3417 610,3417 654,3416 697,3416 741,3415 785,3414 828,3412 872,3412 916,3410 959,3408 1003,3407 1047,3405 1091,3403"/>
                <TextEquiv>
                    <Unicode>de in een vorige periode opgedane kennis af</Unicode>
                </TextEquiv>
            </TextLine>
            <TextLine id="r1l104" custom="readingOrder {index:103;}">
                <Coords points="1115,3437 2010,3442 2009,3400 1959,3394 1115,3397"/>
                <Baseline points="1127,3433 1170,3433 1214,3433 1257,3433 1301,3433 1345,3433 1388,3433 1432,3433 1475,3433 1519,3433 1563,3433 1606,3433 1650,3433 1693,3433 1737,3432 1781,3432 1824,3431 1868,3431 1911,3430 1955,3429 1999,3428"/>
                <TextEquiv>
                    <Unicode>milieu koos, een milieu, dat hij kent zoodat</Unicode>
                </TextEquiv>
            </TextLine>
            <TextLine id="r1l105" custom="readingOrder {index:104;}">
                <Coords points="200,3450 1110,3465 1110,3414 1052,3410 200,3420"/>
                <Baseline points="211,3451 255,3453 299,3453 344,3454 388,3455 433,3455 477,3455 521,3455 566,3455 610,3455 655,3454 699,3454 743,3453 788,3452 832,3451 877,3450 921,3449 965,3447 1010,3446 1054,3444 1099,3442"/>
                <TextEquiv>
                    <Unicode>en toen in ziin stukken te pas brengt maar hij</Unicode>
                </TextEquiv>
            </TextLine>
            <TextLine id="r1l106" custom="readingOrder {index:105;}">
                <Coords points="1209,3473 2013,3481 2013,3441 1945,3433 1209,3446"/>
                <Baseline points="1219,3471 1258,3471 1297,3472 1336,3472 1375,3472 1414,3473 1453,3473 1493,3472 1532,3472 1571,3472 1610,3472 1649,3472 1688,3471 1727,3471 1767,3471 1806,3470 1845,3470 1884,3470 1923,3470 1962,3470 2002,3470"/>
                <TextEquiv>
                    <Unicode>— geheel afgescheiden van de innerlijke</Unicode>
                </TextEquiv>
            </TextLine>
            <TextLine id="r1l107" custom="readingOrder {index:106;}">
                <Coords points="1126,3483 1152,3482 1171,3488 1176,3484 1183,3485 1192,3481 1203,3482 1205,3449 1192,3448 1182,3440 1175,3442 1162,3439 1155,3443 1151,3440 1142,3442 1138,3439 1129,3439"/>
                <Baseline points="1137,3472 1165,3474 1193,3476"/>
                <TextEquiv>
                    <Unicode>hij</Unicode>
                </TextEquiv>
            </TextLine>
            <TextLine id="r1l108" custom="readingOrder {index:107;}">
                <Coords points="202,3484 380,3513 487,3490 1041,3501 1107,3490 1107,3459 201,3451"/>
                <Baseline points="213,3491 257,3491 301,3492 345,3492 389,3492 433,3493 477,3493 522,3492 566,3492 610,3492 654,3492 698,3491 742,3491 786,3490 831,3490 875,3489 919,3488 963,3487 1007,3486 1051,3485 1096,3484"/>
                <TextEquiv>
                    <Unicode>is een artiest, die zich in ziin studietijd en ook</Unicode>
                </TextEquiv>
            </TextLine>
            <TextLine id="r1l109" custom="readingOrder {index:108;}">
                <Coords points="1117,3525 2009,3527 1987,3476 1117,3474"/>
                <Baseline points="1128,3507 1171,3509 1215,3510 1258,3511 1302,3511 1345,3512 1389,3512 1432,3513 1476,3513 1519,3512 1563,3512 1607,3512 1650,3512 1694,3511 1737,3511 1781,3511 1824,3510 1868,3510 1911,3510 1955,3510 1999,3510"/>
                <TextEquiv>
                    <Unicode>waarde van het stuk — een goed geteekende</Unicode>
                </TextEquiv>
            </TextLine>
            <TextLine id="r1l110" custom="readingOrder {index:109;}">
                <Coords points="209,3538 1108,3533 1107,3489 208,3498"/>
                <Baseline points="219,3530 262,3531 306,3531 350,3531 394,3531 438,3531 482,3531 526,3531 570,3530 614,3530 658,3529 701,3529 745,3528 789,3527 833,3526 877,3526 921,3524 965,3524 1009,3522 1053,3521 1097,3520"/>
                <TextEquiv>
                    <Unicode>daarna, geheel in dit beroep heeft ingeleerl.</Unicode>
                </TextEquiv>
            </TextLine>
            <TextLine id="r1l111" custom="readingOrder {index:110;}">
                <Coords points="1116,3555 1210,3557 1230,3573 1380,3555 1602,3566 1628,3559 1628,3524 1193,3518 1116,3531"/>
                <Baseline points="1128,3546 1153,3548 1179,3548 1205,3549 1231,3550 1256,3550 1282,3550 1308,3550 1334,3550 1360,3550 1385,3550 1411,3550 1437,3550 1463,3550 1489,3549 1514,3549 1540,3548 1566,3548 1592,3548 1618,3548"/>
                <TextEquiv>
                    <Unicode>ensceneering geven kau.</Unicode>
                </TextEquiv>
            </TextLine>
            <TextLine id="r1l112" custom="readingOrder {index:111;}">
                <Coords points="208,3582 724,3583 750,3561 806,3584 944,3558 1115,3580 1115,3527 207,3533"/>
                <Baseline points="218,3570 262,3570 306,3570 351,3570 395,3569 439,3569 484,3569 528,3569 572,3568 617,3568 661,3567 705,3567 750,3566 794,3565 838,3564 883,3563 927,3563 971,3561 1016,3560 1060,3559 1105,3557"/>
                <TextEquiv>
                    <Unicode>Hij kent de nooden en de conflicten van dit</Unicode>
                </TextEquiv>
            </TextLine>
            <TextLine id="r1l113" custom="readingOrder {index:112;}">
                <Coords points="1153,3593 1953,3602 2012,3593 2012,3551 1153,3558"/>
                <Baseline points="1163,3586 1207,3587 1251,3588 1295,3589 1339,3589 1383,3589 1427,3590 1472,3590 1516,3590 1560,3590 1604,3590 1648,3589 1692,3589 1737,3588 1781,3588 1825,3587 1869,3586 1913,3586 1957,3585 2002,3584"/>
                <TextEquiv>
                    <Unicode>En zoo is het ook in andere stukken, b. v.</Unicode>
                </TextEquiv>
            </TextLine>
            <TextLine id="r1l114" custom="readingOrder {index:113;}">
                <Coords points="203,3626 1104,3603 1103,3570 1046,3562 202,3580"/>
                <Baseline points="213,3608 257,3608 301,3608 345,3608 389,3608 433,3608 477,3607 521,3607 565,3607 609,3606 653,3606 697,3606 741,3605 785,3605 829,3604 873,3603 917,3602 961,3601 1005,3600 1049,3599 1093,3598"/>
                <TextEquiv>
                    <Unicode>bedriff, omdat hij ze aan den lijve heeft on¬</Unicode>
                </TextEquiv>
            </TextLine>
            <TextLine id="r1l115" custom="readingOrder {index:114;}">
                <Coords points="1114,3634 2017,3638 2017,3590 1962,3586 1277,3611 1114,3579"/>
                <Baseline points="1125,3629 1169,3629 1213,3629 1257,3630 1301,3630 1345,3630 1389,3630 1433,3630 1477,3630 1521,3630 1566,3630 1610,3630 1654,3629 1698,3629 1742,3629 1786,3628 1830,3627 1874,3627 1918,3626 1962,3625 2007,3624"/>
                <TextEquiv>
                    <Unicode>in „Dia Gefährtin“. In sommige stukben, b. v.</Unicode>
                </TextEquiv>
            </TextLine>
            <TextLine id="r1l116" custom="readingOrder {index:115;}">
                <Coords points="206,3669 898,3662 940,3640 1046,3670 1107,3661 1107,3603 206,3620"/>
                <Baseline points="217,3646 261,3646 305,3646 349,3646 393,3646 437,3646 481,3646 525,3646 569,3646 613,3646 657,3646 701,3646 745,3646 789,3645 833,3645 877,3644 921,3643 965,3642 1009,3641 1053,3640 1097,3639"/>
                <TextEquiv>
                    <Unicode>dervonden, maar voor alles, kent hij de sfeer</Unicode>
                </TextEquiv>
            </TextLine>
            <TextLine id="r1l117" custom="readingOrder {index:116;}">
                <Coords points="1125,3681 2013,3673 2013,3638 1968,3631 1125,3637"/>
                <Baseline points="1135,3671 1178,3671 1221,3671 1264,3671 1308,3670 1351,3670 1394,3670 1438,3670 1481,3670 1524,3670 1568,3669 1611,3669 1654,3669 1697,3668 1741,3668 1784,3667 1827,3666 1871,3665 1914,3664 1957,3663 2001,3661"/>
                <TextEquiv>
                    <Unicode>„Das vermächtnis“ hebben de hoofé ersonen</Unicode>
                </TextEquiv>
            </TextLine>
            <TextLine id="r1l118" custom="readingOrder {index:117;}">
                <Coords points="214,3699 253,3690 334,3701 391,3687 422,3700 455,3689 504,3700 543,3686 567,3691 567,3651 528,3667 497,3652 389,3661 310,3650 295,3664 281,3653 213,3662"/>
                <Baseline points="224,3685 249,3686 275,3686 300,3687 326,3687 351,3687 377,3687 402,3687 428,3687 453,3686 479,3685 504,3685 530,3684 556,3684"/>
                <TextEquiv>
                    <Unicode>van het beroep.</Unicode>
                </TextEquiv>
            </TextLine>
            <TextLine id="r1l119" custom="readingOrder {index:118;}">
                <Coords points="1126,3718 1915,3720 2007,3713 2027,3680 1126,3681"/>
                <Baseline points="1137,3708 1183,3708 1229,3709 1275,3709 1322,3709 1368,3709 1414,3709 1460,3709 1507,3709 1553,3709 1599,3709 1645,3709 1692,3709 1738,3708 1784,3708 1830,3707 1877,3707 1923,3706 1969,3705 2016,3704"/>
                <TextEquiv>
                    <Unicode>met de geneeskunde niet veel te malsen, maar</Unicode>
                </TextEquiv>
            </TextLine>
            <TextLine id="r1l120" custom="readingOrder {index:119;}">
                <Coords points="231,3716 280,3739 977,3735 1027,3710 1108,3722 1108,3661 959,3689 655,3695 574,3669 517,3697 231,3694"/>
                <Baseline points="243,3722 285,3724 328,3726 371,3726 413,3727 456,3728 499,3728 541,3728 584,3727 627,3727 670,3726 712,3725 755,3724 798,3723 840,3722 883,3721 926,3720 968,3718 1011,3717 1054,3716 1097,3715"/>
                <TextEquiv>
                    <Unicode>Schnitzler kent den arts, hij heeft de at¬</Unicode>
                </TextEquiv>
            </TextLine>
            <TextLine id="r1l121" custom="readingOrder {index:120;}">
                <Coords points="1115,3755 1992,3756 2025,3745 2025,3705 1115,3718"/>
                <Baseline points="1127,3745 1171,3746 1215,3746 1259,3746 1304,3747 1348,3747 1392,3747 1437,3747 1481,3747 1525,3747 1570,3747 1614,3747 1658,3747 1702,3746 1747,3746 1791,3745 1835,3745 1880,3744 1924,3743 1968,3742 2013,3740"/>
                <TextEquiv>
                    <Unicode>worden toch een of meer artsen op het tooneel</Unicode>
                </TextEquiv>
            </TextLine>
            <TextLine id="r1l122" custom="readingOrder {index:121;}">
                <Coords points="210,3775 1078,3772 1104,3724 209,3736"/>
                <Baseline points="221,3764 264,3765 308,3765 351,3765 395,3766 438,3766 482,3765 525,3765 569,3765 612,3764 656,3764 700,3763 743,3762 787,3762 830,3761 874,3760 917,3759 961,3758 1004,3757 1048,3757 1092,3756"/>
                <TextEquiv>
                    <Unicode>mospheer van de kliniek ingezogen en is</Unicode>
                </TextEquiv>
            </TextLine>
            <TextLine id="r1l123" custom="readingOrder {index:122;}">
                <Coords points="1120,3798 1981,3797 2016,3753 1120,3756"/>
                <Baseline points="1131,3786 1174,3786 1218,3786 1262,3787 1306,3787 1349,3787 1393,3787 1437,3787 1481,3787 1524,3787 1568,3787 1612,3787 1656,3786 1699,3786 1743,3786 1787,3785 1831,3784 1874,3783 1918,3782 1962,3782 2006,3780"/>
                <TextEquiv>
                    <Unicode>gebracht en de woorden, die zi daar te zeg¬</Unicode>
                </TextEquiv>
            </TextLine>
            <TextLine id="r1l124" custom="readingOrder {index:123;}">
                <Coords points="215,3812 942,3818 1109,3805 1111,3765 214,3773"/>
                <Baseline points="225,3804 268,3805 312,3806 356,3806 400,3806 444,3806 487,3806 531,3806 575,3805 619,3805 663,3804 706,3803 750,3802 794,3801 838,3800 882,3799 925,3798 969,3797 1013,3796 1057,3796 1101,3795"/>
                <TextEquiv>
                    <Unicode>duardoor in staat tafereelen te scheppen, fiine</Unicode>
                </TextEquiv>
            </TextLine>
            <TextLine id="r1l125" custom="readingOrder {index:124;}">
                <Coords points="1118,3840 1573,3820 1997,3844 2015,3794 1118,3798"/>
                <Baseline points="1129,3825 1172,3825 1216,3825 1260,3825 1304,3825 1348,3825 1391,3825 1435,3825 1479,3825 1523,3825 1567,3825 1610,3824 1654,3824 1698,3824 1742,3823 1786,3823 1829,3823 1873,3822 1917,3821 1961,3821 2005,3820"/>
                <TextEquiv>
                    <Unicode>gen hebben, ziin steeds weer bewijzen, hoezeer</Unicode>
                </TextEquiv>
            </TextLine>
            <TextLine id="r1l126" custom="readingOrder {index:125;}">
                <Coords points="213,3848 1110,3854 1109,3802 212,3811"/>
                <Baseline points="223,3843 266,3843 310,3843 354,3844 398,3844 442,3844 485,3845 529,3845 573,3845 617,3845 661,3845 704,3844 748,3844 792,3843 836,3842 880,3841 923,3840 967,3838 1011,3836 1055,3834 1099,3831"/>
                <TextEquiv>
                    <Unicode>nuanceeringen aan te geven, zooals nauwe¬</Unicode>
                </TextEquiv>
            </TextLine>
            <TextLine id="r1l127" custom="readingOrder {index:126;}">
                <Coords points="1115,3874 1236,3882 1332,3860 1721,3876 1787,3862 1787,3832 1115,3834"/>
                <Baseline points="1125,3863 1157,3863 1190,3862 1222,3862 1255,3862 1288,3862 1320,3862 1353,3862 1385,3862 1418,3862 1451,3862 1483,3862 1516,3862 1548,3862 1581,3862 1614,3862 1646,3861 1679,3861 1711,3860 1744,3859 1777,3858"/>
                <TextEquiv>
                    <Unicode>Schnitzler deze zaken beheerscht.</Unicode>
                </TextEquiv>
            </TextLine>
            <TextLine id="r1l128" custom="readingOrder {index:127;}">
                <Coords points="210,3894 698,3884 698,3851 672,3844 446,3860 210,3845"/>
                <Baseline points="221,3882 246,3882 272,3883 298,3883 324,3883 350,3884 376,3884 402,3884 428,3884 454,3884 480,3884 506,3883 532,3883 558,3883 584,3883 610,3882 636,3882 662,3882 688,3881"/>
                <TextEquiv>
                    <Unicode>lijks een ander dat kan.</Unicode>
                </TextEquiv>
            </TextLine>
            <TextLine id="r1l129" custom="readingOrder {index:128;}">
                <Coords points="1149,3916 2013,3907 2012,3872 1966,3857 1149,3874"/>
                <Baseline points="1159,3902 1201,3903 1243,3903 1285,3904 1327,3904 1369,3904 1411,3904 1453,3904 1495,3903 1537,3903 1580,3902 1622,3902 1664,3901 1706,3901 1748,3900 1790,3900 1832,3899 1874,3899 1916,3898 1958,3898 2001,3898"/>
                <TextEquiv>
                    <Unicode>In „Die letzten Masken“ geeft Snitzler</Unicode>
                </TextEquiv>
            </TextLine>
            <TextLine id="r1l130" custom="readingOrder {index:129;}">
                <Coords points="237,3926 1118,3917 1117,3857 909,3885 768,3860 700,3892 237,3893"/>
                <Baseline points="247,3919 290,3921 333,3922 376,3923 419,3923 462,3924 505,3924 548,3924 591,3923 634,3923 677,3922 720,3921 763,3920 806,3918 849,3917 892,3916 935,3915 978,3913 1021,3911 1064,3910 1107,3909"/>
                <TextEquiv>
                    <Unicode>In een zeker opzicht is hij de historieschrif¬</Unicode>
                </TextEquiv>
            </TextLine>
            <TextLine id="r1l131" custom="readingOrder {index:130;}">
                <Coords points="1118,3952 2015,3954 2002,3906 1118,3902"/>
                <Baseline points="1130,3941 1173,3941 1217,3942 1261,3942 1304,3942 1348,3942 1392,3942 1435,3941 1479,3941 1523,3941 1567,3941 1610,3940 1654,3940 1698,3940 1741,3940 1785,3940 1829,3940 1872,3940 1916,3940 1960,3940 2004,3940"/>
                <TextEquiv>
                    <Unicode>meer de psychologie van den stervende en van</Unicode>
                </TextEquiv>
            </TextLine>
            <TextLine id="r1l132" custom="readingOrder {index:131;}">
                <Coords points="217,3960 1112,3972 1111,3917 217,3925"/>
                <Baseline points="228,3958 271,3960 315,3961 358,3962 402,3962 446,3962 489,3962 533,3962 576,3962 620,3961 664,3961 707,3960 751,3960 794,3959 838,3958 882,3957 925,3956 969,3956 1012,3955 1056,3954 1100,3954"/>
                <TextEquiv>
                    <Unicode>ver van de geneeskundigen van onzen tijd.</Unicode>
                </TextEquiv>
            </TextLine>
            <TextLine id="r1l133" custom="readingOrder {index:132;}">
                <Coords points="1130,3992 1957,3994 2025,3987 2025,3947 1130,3955"/>
                <Baseline points="1142,3982 1185,3982 1229,3982 1272,3982 1316,3982 1359,3982 1403,3982 1446,3982 1490,3981 1533,3981 1577,3981 1621,3981 1664,3980 1708,3980 1751,3979 1795,3979 1838,3979 1882,3978 1925,3978 1969,3977 2013,3977"/>
                <TextEquiv>
                    <Unicode>den zieke, dan die van den arts, maar ook hier</Unicode>
                </TextEquiv>
            </TextLine>
            <TextLine id="r1l134" custom="readingOrder {index:133;}">
                <Coords points="213,4006 942,4017 1107,4005 1107,3965 212,3967"/>
                <Baseline points="223,4001 266,4001 310,4001 353,4000 397,4000 441,4000 484,4000 528,4000 571,4000 615,4000 659,3999 702,3999 746,3999 789,3998 833,3998 877,3997 920,3996 964,3995 1007,3994 1051,3993 1095,3991"/>
                <TextEquiv>
                    <Unicode>Maar alleen in een zeker opzicht. Hij is de</Unicode>
                </TextEquiv>
            </TextLine>
            <TextLine id="r1l135" custom="readingOrder {index:134;}">
                <Coords points="1123,4032 2016,4042 2015,3987 1978,3983 1123,3993"/>
                <Baseline points="1135,4022 1178,4022 1222,4022 1265,4022 1309,4022 1352,4022 1396,4021 1439,4021 1483,4021 1526,4020 1570,4020 1613,4019 1657,4019 1700,4019 1744,4018 1787,4018 1831,4018 1874,4018 1918,4018 1961,4018 2005,4019"/>
                <TextEquiv>
                    <Unicode>toont hij zich, jnist in het aanbrengen van de</Unicode>
                </TextEquiv>
            </TextLine>
            <TextLine id="r1l136" custom="readingOrder {index:135;}">
                <Coords points="220,4052 1112,4044 1112,4006 1079,4000 220,4006"/>
                <Baseline points="230,4040 273,4039 317,4039 360,4039 404,4039 448,4039 491,4039 535,4039 578,4039 622,4039 666,4038 709,4038 753,4038 796,4037 840,4037 884,4036 927,4035 971,4034 1014,4032 1058,4030 1102,4028"/>
                <TextEquiv>
                    <Unicode>man die schetst, hoe wij werken, niet de</Unicode>
                </TextEquiv>
            </TextLine>
            <TextLine id="r1l137" custom="readingOrder {index:136;}">
                <Coords points="1121,4063 1174,4087 1849,4078 1833,4023 1603,4044 1565,4024 1121,4032"/>
                <Baseline points="1133,4058 1168,4058 1203,4058 1238,4059 1273,4059 1309,4059 1344,4060 1379,4060 1414,4060 1449,4061 1485,4061 1520,4061 1555,4061 1590,4060 1625,4060 1661,4059 1696,4058 1731,4058 1766,4056 1801,4054 1837,4052"/>
                <TextEquiv>
                    <Unicode>entourage voor dit stuk, een meester.</Unicode>
                </TextEquiv>
            </TextLine>
            <TextLine id="r1l138" custom="readingOrder {index:137;}">
                <Coords points="213,4088 1086,4085 1116,4034 213,4055"/>
                <Baseline points="224,4080 268,4079 312,4078 356,4078 400,4078 444,4078 488,4078 532,4078 576,4078 620,4078 664,4078 708,4078 752,4078 796,4077 840,4077 884,4076 928,4074 972,4073 1016,4071 1060,4068 1104,4066"/>
                <TextEquiv>
                    <Unicode>man, die wect bloot te leggen en te analy¬</Unicode>
                </TextEquiv>
            </TextLine>
            <TextLine id="r1l139" custom="readingOrder {index:138;}">
                <Coords points="1025,4131 1036,4130 1045,4134 1076,4100 1092,4105 1124,4103 1123,4083 1103,4087 1094,4079 1085,4077 1074,4085 1052,4084 1042,4088 1032,4084 1022,4085"/>
                <Baseline points="1034,4108 1060,4105 1087,4102 1114,4102"/>
                <TextEquiv>
                    <Unicode></Unicode>
                </TextEquiv>
            </TextLine>
            <TextEquiv>
                <Unicode>box 37/7
2. Cuttings
 sesversnnaden

S
A

(atne TTrüNes-AusseAngr adae
„O 16. RUNGESTRASSE 22-24
sche und ausländische Presse auch auf Inserate.
geplante Bauten aller Art. Geschäftseroffnungen.
Festlichkeiten usw.
De Telegraaf

Amsterdam
Ausschnitt aus der Nummer vom¬
—
4. MAl
—1
B
KUNSTEN LETTEREN.
de wonden kunnen zeer gevaarlijke bacterien
ARTHUR SCHNITZLER EN DE
bevatten, die men niet bij voorkeur op ontsto¬
ken oogleden zou brengen. Maar de lijken die
GENEESKUNDE
de student had aangeraakt, waren — want hij
had geholpen met het reddingswerk bij een
DOOR
kersversch, nog geen nur
grooten brand
aud, daar kon toch onmogelijk ontwikkeling
PROF. W. STORM VAN LEEUWEN.
van gevaarlijke bacterièn hebben plaats ge¬
had.
Ik weet wel, voor het geheele werk doet
De historieschrifver van het ge¬
deze cene kleine fout er niet veel toe, ik noem
neeskundig milien.
het alleen als voorbeeld, hoe zeifs een man
als Strindberg hier een onjuiste nuance geeft
Zooals steeds, wanneer ik in deze rubriek
en dus een kleine zwakte vertoonde, juist
over een kunstenaar wil schrijven, moet ik
daar, waar Schnitzler het sterkste 18.
cerst mij verdedigen tegen de aanklacht dat
Aan Schnitzler zou zoo iets nooit overko¬
ik miin competentie te buiten zou gaan. Wel¬
men. Hij is een meester in het scheppen van
nu, Schnitzler is arts, in ziin novellen en co¬
een „medische“' sfeer.
medies brengt hij zeer veel artsenpsychologie
En van dit meesterschap maakt hij ruim¬
en psychologie van den patient en het is
schoots gebruik. Tal van stukken spelen in
vooral dat gedeelte van zijn werk, dat ik
een kliniek of in het huis van een arts, en de
hier wil bespreken. Waar ik dus hier niet wil
arts, die het leest, of opvoeren ziet, voelt hoe
onderzoeken de artistieke waarde van Schnitz¬
goed het geteekend is, voelt, hoe dat alles
ler’s werk, maar de vraag wil trachten te be¬
antwoorden, in hoeverre hij er in geslaagd is
De „Stunde des Erkennens' waarin profes¬
de verhouding tusschen patient en arts — dus
sor Ormin, de arts Eckold en diens vrouw
tusschen den lijdenden mensch en hem, die
Klara de hoofdpersonen zijn, had even goed
geroepen is, leed te verzachten — waardig en
in een ander milieu kunnen spelen. Ormin
waar te schetsen, daar zou vanuit dit oog¬
vriend
brengt een afscheidsbezoek bij ziin
punt beschouwd, bijvoorbeeld Molière's on¬
Eckold, hij is een oogenblik met Klara alleen,
sterfelijke „Malade imaginaire“ minder ge¬
die hem — nu hij op het punt staat met een
wichtig voor mij zijn dan Schnitzler’s alte
ambulance naar Japan te vertrekken, van¬
sterfelijke „Professor Bernhardi“.
De Weensche tooneelschrijver staat tegen-waar hij, wiil hij een hartgebrek heeft, wel
nooit zal terugkeeren — toevertrouwt, hoe¬
over deze problemen gansch anders dan de
veel zij jaren geleden van hem gehouden heeft
meeste van ziin collega’s en zelfs anders dan
en om welke redenen ze niet ziin „Geliebte“
vele groote dichters. 1Ijj is niet als zij, een
had willen zijn, maar zich wel aan een ander
buitenstaander, die voor korten tijd zich in
gegeven had, enz. Dat alles, ook de latere
de sfeer van de kliniek en in het denken der
scène tusschen Eckold en Klara, waarin blijkt,
geneeskundigen heeft ingewerkt, maar hij is
dat Eckold zijn vrouw jaren lang heeft ver¬
in ons vak opgevoed en behoort er geheel in
dacht, toch een liaison met Ormin te hebben
thuis.
gehad, dat alles had evengoed in een ander
Schnitzler is dus niet een tooneelschrijver,
milieu kunnen hebben plaats gegrepen. Ka¬
die toevallig vroeger arts is geweest en die
rakteristiek voor Schnitzler is, dat hij dit
de in een vorige periode opgedane kennis af
milieu koos, een milieu, dat hij kent zoodat
en toen in ziin stukken te pas brengt maar hij
— geheel afgescheiden van de innerlijke
hij
is een artiest, die zich in ziin studietijd en ook
waarde van het stuk — een goed geteekende
daarna, geheel in dit beroep heeft ingeleerl.
ensceneering geven kau.
Hij kent de nooden en de conflicten van dit
En zoo is het ook in andere stukken, b. v.
bedriff, omdat hij ze aan den lijve heeft on¬
in „Dia Gefährtin“. In sommige stukben, b. v.
dervonden, maar voor alles, kent hij de sfeer
„Das vermächtnis“ hebben de hoofé ersonen
van het beroep.
met de geneeskunde niet veel te malsen, maar
Schnitzler kent den arts, hij heeft de at¬
worden toch een of meer artsen op het tooneel
mospheer van de kliniek ingezogen en is
gebracht en de woorden, die zi daar te zeg¬
duardoor in staat tafereelen te scheppen, fiine
gen hebben, ziin steeds weer bewijzen, hoezeer
nuanceeringen aan te geven, zooals nauwe¬
Schnitzler deze zaken beheerscht.
lijks een ander dat kan.
In „Die letzten Masken“ geeft Snitzler
In een zeker opzicht is hij de historieschrif¬
meer de psychologie van den stervende en van
ver van de geneeskundigen van onzen tijd.
den zieke, dan die van den arts, maar ook hier
Maar alleen in een zeker opzicht. Hij is de
toont hij zich, jnist in het aanbrengen van de
man die schetst, hoe wij werken, niet de
entourage voor dit stuk, een meester.
man, die wect bloot te leggen en te analy¬
</Unicode>
            </TextEquiv>
        </TextRegion>
        <TextRegion orientation="0.0" id="r2" custom="readingOrder {index:1;}">
            <Coords points="2017,1366 2017,4114 3278,4114 3278,1366"/>
            <TextLine id="r2l1" custom="readingOrder {index:0;}">
                <Coords points="2006,1401 2834,1412 2898,1403 2898,1331 2718,1357 2527,1331 2368,1359 2006,1352"/>
                <Baseline points="2017,1387 2060,1387 2104,1387 2147,1388 2191,1388 2234,1388 2278,1389 2321,1389 2365,1389 2408,1389 2452,1390 2496,1390 2539,1390 2583,1390 2626,1389 2670,1389 2713,1389 2757,1388 2800,1387 2844,1387 2888,1386"/>
                <TextEquiv>
                    <Unicode>gevolgen van dit conflict aan den lijve had er¬</Unicode>
                </TextEquiv>
            </TextLine>
            <TextLine id="r2l2" custom="readingOrder {index:1;}">
                <Coords points="2914,1399 3266,1399 3266,1361 3234,1346 3198,1356 3183,1343 3139,1347 3091,1328 3032,1337 2966,1327 2952,1340 2915,1331"/>
                <Baseline points="2926,1387 2951,1389 2976,1390 3001,1390 3027,1392 3052,1392 3077,1393 3103,1394 3128,1394 3153,1394 3179,1393 3204,1393 3229,1392 3255,1390"/>
                <TextEquiv>
                    <Unicode>meen ik, dat juist</Unicode>
                </TextEquiv>
            </TextLine>
            <TextLine id="r2l3" custom="readingOrder {index:2;}">
                <Coords points="2892,1456 2958,1434 2989,1450 3031,1432 3206,1443 3224,1429 3272,1443 3272,1401 3129,1405 3096,1392 2892,1404"/>
                <Baseline points="2903,1431 2928,1430 2954,1429 2979,1429 3005,1429 3030,1429 3056,1429 3082,1429 3107,1430 3133,1430 3158,1430 3184,1430 3209,1429 3235,1429 3261,1427"/>
                <TextEquiv>
                    <Unicode>moet onthouden v</Unicode>
                </TextEquiv>
            </TextLine>
            <TextLine id="r2l4" custom="readingOrder {index:3;}">
                <Coords points="2018,1442 2858,1431 2858,1404 2805,1393 2018,1400"/>
                <Baseline points="2029,1426 2069,1427 2110,1429 2151,1430 2192,1430 2233,1431 2274,1432 2315,1433 2356,1433 2397,1433 2438,1434 2478,1434 2519,1434 2560,1433 2601,1433 2642,1432 2683,1432 2724,1431 2765,1430 2806,1429 2847,1428"/>
                <TextEquiv>
                    <Unicode>varen, het koos als basis voor een drama.</Unicode>
                </TextEquiv>
            </TextLine>
            <TextLine id="r2l5" custom="readingOrder {index:4;}">
                <Coords points="2910,1474 2985,1483 3000,1470 3026,1471 3068,1484 3279,1474 3279,1443 3242,1442 3225,1429 3207,1442 3132,1432 3090,1443 3031,1431 3000,1448 2959,1435 2910,1443"/>
                <Baseline points="2921,1465 2947,1466 2974,1467 3001,1468 3027,1469 3054,1469 3081,1470 3107,1471 3134,1471 3161,1471 3187,1471 3214,1470 3241,1469 3268,1468"/>
                <TextEquiv>
                    <Unicode>een bepaald ooge</Unicode>
                </TextEquiv>
            </TextLine>
            <TextLine id="r2l6" custom="readingOrder {index:5;}">
                <Coords points="2033,1470 2897,1480 2897,1434 2862,1432 2033,1439"/>
                <Baseline points="2045,1466 2087,1468 2129,1469 2171,1470 2213,1471 2255,1472 2297,1473 2339,1473 2381,1473 2423,1473 2465,1473 2507,1472 2549,1472 2591,1471 2633,1470 2675,1470 2717,1469 2759,1468 2801,1467 2843,1466 2885,1465"/>
                <TextEquiv>
                    <Unicode>Maar jammer is, dat juist daar, waar in een</Unicode>
                </TextEquiv>
            </TextLine>
            <TextLine id="r2l7" custom="readingOrder {index:6;}">
                <Coords points="2009,1518 2903,1509 2903,1483 2811,1470 2332,1493 2009,1461"/>
                <Baseline points="2020,1502 2063,1504 2107,1506 2150,1507 2194,1508 2238,1509 2281,1509 2325,1509 2368,1509 2412,1509 2456,1509 2499,1508 2543,1508 2586,1507 2630,1506 2674,1506 2717,1505 2761,1504 2804,1504 2848,1503 2892,1503"/>
                <TextEquiv>
                    <Unicode>tendenzstuk als „Professor Bernhardi’ daar¬</Unicode>
                </TextEquiv>
            </TextLine>
            <TextLine id="r2l8" custom="readingOrder {index:7;}">
                <Coords points="2907,1516 2995,1504 3043,1523 3076,1508 3234,1519 3283,1511 3283,1471 3237,1482 3217,1472 3149,1482 2996,1465 2907,1472"/>
                <Baseline points="2918,1504 2943,1504 2968,1504 2993,1504 3019,1504 3044,1505 3069,1506 3095,1506 3120,1507 3145,1507 3170,1508 3196,1508 3221,1508 3246,1508 3272,1507"/>
                <TextEquiv>
                    <Unicode>ten van een katho</Unicode>
                </TextEquiv>
            </TextLine>
            <TextLine id="r2l9" custom="readingOrder {index:8;}">
                <Coords points="2914,1556 2963,1545 3013,1559 3048,1548 3275,1554 3275,1512 3233,1519 3145,1507 3101,1518 3077,1509 3046,1522 2989,1506 2915,1512"/>
                <Baseline points="2926,1541 2952,1542 2978,1542 3004,1543 3030,1543 3056,1543 3082,1543 3108,1543 3134,1543 3160,1543 3186,1543 3212,1544 3238,1544 3264,1545"/>
                <TextEquiv>
                    <Unicode>in het algemeen</Unicode>
                </TextEquiv>
            </TextLine>
            <TextLine id="r2l10" custom="readingOrder {index:9;}">
                <Coords points="2014,1551 2753,1567 2819,1542 2902,1555 2902,1509 2014,1514"/>
                <Baseline points="2025,1541 2068,1543 2111,1544 2154,1545 2198,1546 2241,1547 2284,1548 2328,1548 2371,1548 2414,1548 2458,1548 2501,1548 2544,1548 2587,1547 2631,1547 2674,1546 2717,1545 2761,1544 2804,1542 2847,1541 2891,1539"/>
                <TextEquiv>
                    <Unicode>door werd, nanwkeurigheid bij het stellen van</Unicode>
                </TextEquiv>
            </TextLine>
            <TextLine id="r2l11" custom="readingOrder {index:10;}">
                <Coords points="2916,1589 3116,1589 3131,1598 3189,1579 3206,1595 3223,1599 3239,1586 3281,1602 3281,1556 3244,1544 3180,1557 3048,1549 3013,1559 2963,1545 2916,1556"/>
                <Baseline points="2926,1582 2952,1582 2978,1582 3005,1582 3031,1583 3058,1583 3084,1584 3111,1585 3137,1585 3164,1585 3190,1586 3217,1585 3243,1585 3270,1585"/>
                <TextEquiv>
                    <Unicode>arts der ziel) bet</Unicode>
                </TextEquiv>
            </TextLine>
            <TextLine id="r2l12" custom="readingOrder {index:11;}">
                <Coords points="2017,1591 2898,1595 2878,1549 2017,1549"/>
                <Baseline points="2028,1584 2073,1584 2118,1584 2163,1584 2208,1585 2254,1585 2299,1586 2344,1586 2389,1587 2434,1587 2480,1587 2525,1587 2570,1587 2615,1587 2660,1586 2706,1586 2751,1585 2796,1583 2841,1582 2887,1579"/>
                <TextEquiv>
                    <Unicode>het conflict, de hoogste plicht was, zoowel</Unicode>
                </TextEquiv>
            </TextLine>
            <TextLine id="r2l13" custom="readingOrder {index:12;}">
                <Coords points="2905,1634 3035,1627 3052,1636 3072,1620 3129,1638 3213,1620 3254,1633 3289,1627 3289,1605 3248,1589 3204,1594 3182,1578 3131,1598 3083,1587 3074,1596 2905,1592"/>
                <Baseline points="2915,1620 2940,1620 2966,1621 2992,1621 3018,1621 3044,1621 3070,1622 3096,1622 3122,1622 3148,1622 3174,1622 3200,1621 3226,1620 3252,1620 3278,1618"/>
                <TextEquiv>
                    <Unicode>kunnen slechts om</Unicode>
                </TextEquiv>
            </TextLine>
            <TextLine id="r2l14" custom="readingOrder {index:13;}">
                <Coords points="2009,1622 2897,1629 2897,1594 2853,1588 2009,1593"/>
                <Baseline points="2019,1621 2062,1622 2105,1623 2149,1623 2192,1624 2235,1625 2279,1626 2322,1626 2365,1627 2409,1627 2452,1627 2495,1627 2539,1627 2582,1627 2625,1627 2669,1626 2712,1626 2755,1625 2799,1623 2842,1622 2886,1620"/>
                <TextEquiv>
                    <Unicode>voor den dramaschrijver als voor den arts</Unicode>
                </TextEquiv>
            </TextLine>
            <TextLine id="r2l15" custom="readingOrder {index:14;}">
                <Coords points="2913,1677 2981,1665 3150,1666 3161,1675 3271,1667 3271,1634 3210,1621 3175,1636 3087,1635 3069,1622 3045,1635 2992,1625 2913,1636"/>
                <Baseline points="2925,1658 2950,1658 2976,1657 3002,1657 3028,1657 3054,1657 3080,1657 3105,1658 3131,1658 3157,1659 3183,1659 3209,1659 3235,1660 3261,1660"/>
                <TextEquiv>
                    <Unicode>dellijk levensgevan</Unicode>
                </TextEquiv>
            </TextLine>
            <TextLine id="r2l16" custom="readingOrder {index:15;}">
                <Coords points="2007,1665 2899,1675 2899,1629 2007,1644"/>
                <Baseline points="2018,1658 2061,1660 2105,1661 2148,1663 2192,1663 2235,1665 2279,1666 2322,1666 2366,1667 2409,1667 2453,1667 2496,1667 2540,1667 2583,1667 2627,1666 2670,1666 2714,1664 2757,1664 2801,1662 2844,1660 2888,1658"/>
                <TextEquiv>
                    <Unicode>dat juist daar Schnitzler (vermoedelijk onde:</Unicode>
                </TextEquiv>
            </TextLine>
            <TextLine id="r2l17" custom="readingOrder {index:16;}">
                <Coords points="2947,1704 2967,1698 2989,1712 3026,1703 3061,1713 3088,1702 3112,1714 3180,1704 3219,1725 3250,1703 3275,1704 3275,1673 3258,1666 3216,1665 3194,1676 3150,1666 2948,1671"/>
                <Baseline points="2959,1697 2984,1697 3009,1697 3035,1697 3060,1697 3085,1698 3111,1699 3136,1699 3161,1700 3187,1701 3212,1701 3237,1701 3263,1701"/>
                <TextEquiv>
                    <Unicode>Wanneer nu Sch</Unicode>
                </TextEquiv>
            </TextLine>
            <TextLine id="r2l18" custom="readingOrder {index:17;}">
                <Coords points="2015,1709 2907,1727 2907,1670 2883,1668 2015,1670"/>
                <Baseline points="2026,1699 2069,1700 2113,1702 2156,1703 2200,1704 2243,1705 2287,1705 2330,1706 2374,1706 2417,1706 2461,1706 2504,1706 2548,1705 2591,1705 2635,1705 2678,1704 2722,1703 2765,1703 2809,1702 2852,1701 2896,1700"/>
                <TextEquiv>
                    <Unicode>invloed van subjectieve momenten) eenigszins</Unicode>
                </TextEquiv>
            </TextLine>
            <TextLine id="r2l19" custom="readingOrder {index:18;}">
                <Coords points="2919,1745 2965,1754 3013,1736 3051,1753 3167,1741 3279,1752 3279,1701 3215,1712 3018,1705 3007,1716 2941,1697 2919,1703"/>
                <Baseline points="2929,1739 2955,1740 2981,1741 3007,1742 3033,1742 3059,1742 3085,1742 3112,1742 3138,1742 3164,1741 3190,1740 3216,1740 3242,1738 3269,1737"/>
                <TextEquiv>
                    <Unicode>ting heeft over ee</Unicode>
                </TextEquiv>
            </TextLine>
            <TextLine id="r2l20" custom="readingOrder {index:19;}">
                <Coords points="2017,1767 2044,1767 2050,1772 2061,1763 2079,1759 2090,1768 2103,1766 2112,1772 2127,1761 2145,1757 2151,1764 2167,1764 2167,1727 2143,1726 2119,1709 2092,1708 2077,1717 2051,1710 2018,1710"/>
                <Baseline points="2029,1742 2054,1743 2079,1744 2104,1744 2129,1743 2155,1744"/>
                <TextEquiv>
                    <Unicode>faalde.</Unicode>
                </TextEquiv>
            </TextLine>
            <TextLine id="r2l21" custom="readingOrder {index:20;}">
                <Coords points="2912,1781 3053,1780 3095,1793 3134,1783 3277,1786 3277,1751 3259,1747 3171,1741 3050,1754 3015,1736 2963,1750 2912,1742"/>
                <Baseline points="2923,1780 2949,1780 2975,1780 3002,1780 3028,1780 3055,1780 3081,1780 3108,1780 3134,1779 3161,1779 3187,1778 3214,1778 3240,1777 3267,1776"/>
                <TextEquiv>
                    <Unicode>in zijn comedie in</Unicode>
                </TextEquiv>
            </TextLine>
            <TextLine id="r2l22" custom="readingOrder {index:21;}">
                <Coords points="2920,1819 2973,1828 3050,1828 3085,1815 3138,1830 3274,1826 3274,1787 3226,1780 3195,1791 2920,1782"/>
                <Baseline points="2931,1815 2956,1816 2982,1816 3007,1817 3033,1817 3058,1818 3084,1818 3109,1819 3135,1819 3160,1818 3186,1818 3211,1817 3237,1815 3263,1813"/>
                <TextEquiv>
                    <Unicode>dat voor mij geen</Unicode>
                </TextEquiv>
            </TextLine>
            <TextLine id="r2l23" custom="readingOrder {index:22;}">
                <Coords points="2913,1855 2988,1868 3052,1860 3076,1871 3157,1862 3192,1877 3245,1858 3287,1860 3287,1825 3258,1820 3102,1827 3087,1814 3058,1833 3021,1818 2999,1829 2913,1820"/>
                <Baseline points="2923,1853 2948,1854 2973,1855 2998,1856 3023,1856 3048,1857 3073,1857 3099,1858 3124,1858 3149,1858 3174,1857 3199,1857 3224,1855 3249,1854 3275,1853"/>
                <TextEquiv>
                    <Unicode>er een principieel</Unicode>
                </TextEquiv>
            </TextLine>
            <TextLine id="r2l24" custom="readingOrder {index:23;}">
                <Coords points="2922,1900 2996,1907 3032,1890 3056,1905 3073,1894 3128,1910 3166,1903 3190,1881 3210,1899 3254,1903 3282,1895 3282,1860 2922,1861"/>
                <Baseline points="2933,1893 2959,1893 2985,1892 3011,1893 3037,1893 3063,1893 3089,1894 3115,1894 3141,1895 3167,1895 3193,1894 3219,1894 3245,1893 3272,1891"/>
                <TextEquiv>
                    <Unicode>hier is het wat</Unicode>
                </TextEquiv>
            </TextLine>
            <TextLine id="r2l25" custom="readingOrder {index:24;}">
                <Coords points="2043,1914 2834,1921 2909,1915 2909,1866 2724,1842 2645,1884 2511,1862 2476,1882 2408,1853 2311,1882 2043,1875"/>
                <Baseline points="2055,1903 2097,1904 2139,1905 2181,1906 2223,1908 2265,1909 2307,1909 2349,1910 2391,1911 2433,1911 2476,1912 2518,1912 2560,1912 2602,1911 2644,1911 2686,1910 2728,1909 2770,1907 2812,1905 2854,1903 2897,1900"/>
                <TextEquiv>
                    <Unicode>Prof. Bernhardi heeft als jong arts zich ver¬</Unicode>
                </TextEquiv>
            </TextLine>
            <TextLine id="r2l26" custom="readingOrder {index:25;}">
                <Coords points="2927,1941 2986,1936 3015,1954 3048,1936 3272,1942 3272,1901 3212,1907 3175,1896 3151,1910 3074,1894 3061,1905 2927,1901"/>
                <Baseline points="2938,1933 2964,1933 2991,1933 3018,1933 3045,1933 3072,1934 3099,1934 3125,1934 3152,1933 3179,1933 3206,1933 3233,1932 3260,1932"/>
                <TextEquiv>
                    <Unicode>voorkomen, alsof</Unicode>
                </TextEquiv>
            </TextLine>
            <TextLine id="r2l27" custom="readingOrder {index:26;}">
                <Coords points="2008,1954 2179,1963 2241,1935 2366,1970 2498,1939 2825,1959 2913,1953 2913,1915 2008,1917"/>
                <Baseline points="2019,1945 2063,1946 2107,1947 2151,1948 2195,1948 2239,1949 2283,1949 2327,1950 2371,1950 2415,1950 2460,1950 2504,1950 2548,1949 2592,1949 2636,1949 2680,1949 2724,1948 2768,1948 2812,1947 2856,1947 2901,1947"/>
                <TextEquiv>
                    <Unicode>zet tegen de officieele Weensche clique, hij</Unicode>
                </TextEquiv>
            </TextLine>
            <TextLine id="r2l28" custom="readingOrder {index:27;}">
                <Coords points="2919,1977 2974,1985 3013,1972 3086,1975 3108,1986 3119,1975 3176,1973 3259,1983 3277,1981 3277,1943 2918,1937"/>
                <Baseline points="2930,1972 2955,1973 2981,1973 3007,1974 3033,1974 3059,1974 3085,1974 3110,1974 3136,1973 3162,1973 3188,1972 3214,1971 3240,1971 3266,1970"/>
                <TextEquiv>
                    <Unicode>sche ethiek Ber</Unicode>
                </TextEquiv>
            </TextLine>
            <TextLine id="r2l29" custom="readingOrder {index:28;}">
                <Coords points="2011,1992 2906,1998 2906,1954 2842,1946 2011,1955"/>
                <Baseline points="2023,1985 2066,1986 2110,1987 2153,1987 2197,1988 2241,1989 2284,1989 2328,1990 2371,1990 2415,1990 2459,1990 2502,1990 2546,1989 2589,1989 2633,1988 2677,1988 2720,1987 2764,1985 2807,1984 2851,1983 2895,1981"/>
                <TextEquiv>
                    <Unicode>heeft met enkele collega’s een eigen kliniek</Unicode>
                </TextEquiv>
            </TextLine>
            <TextLine id="r2l30" custom="readingOrder {index:29;}">
                <Coords points="2919,2015 3280,2018 3279,1977 3081,1985 3013,1970 2974,1986 2919,1978"/>
                <Baseline points="2929,2011 2955,2012 2981,2012 3007,2013 3033,2013 3059,2012 3085,2012 3112,2012 3138,2011 3164,2011 3190,2010 3216,2010 3242,2010 3269,2009"/>
                <TextEquiv>
                    <Unicode>heeft, zoodat indie</Unicode>
                </TextEquiv>
            </TextLine>
            <TextLine id="r2l31" custom="readingOrder {index:30;}">
                <Coords points="2009,2037 2802,2041 2910,2028 2910,1984 2009,1993"/>
                <Baseline points="2019,2026 2063,2027 2107,2028 2151,2028 2195,2029 2239,2030 2283,2030 2327,2031 2371,2031 2415,2031 2459,2031 2503,2031 2547,2031 2591,2031 2635,2030 2679,2030 2723,2029 2767,2027 2811,2026 2855,2024 2900,2022"/>
                <TextEquiv>
                    <Unicode>opgericht, heeft moeilijke jaren doorgemaakt,</Unicode>
                </TextEquiv>
            </TextLine>
            <TextLine id="r2l32" custom="readingOrder {index:31;}">
                <Coords points="2913,2067 2962,2056 2977,2064 2993,2051 3015,2062 3091,2053 3127,2066 3140,2055 3274,2059 3274,2018 3261,2015 3135,2025 3043,2012 2992,2023 2913,2016"/>
                <Baseline points="2925,2050 2950,2051 2976,2052 3002,2052 3028,2052 3054,2052 3080,2052 3106,2052 3132,2051 3158,2051 3184,2051 3210,2051 3236,2051 3262,2051"/>
                <TextEquiv>
                    <Unicode>hij ziin handeling</Unicode>
                </TextEquiv>
            </TextLine>
            <TextLine id="r2l33" custom="readingOrder {index:32;}">
                <Coords points="2018,2069 2912,2071 2912,2034 2882,2027 2018,2032"/>
                <Baseline points="2028,2061 2071,2063 2115,2064 2159,2065 2202,2066 2246,2067 2290,2067 2333,2068 2377,2068 2421,2068 2465,2069 2508,2069 2552,2068 2596,2068 2639,2067 2683,2067 2727,2066 2770,2065 2814,2064 2858,2062 2902,2061"/>
                <TextEquiv>
                    <Unicode>maar ten slotte ziin de opvattingen veranderd.</Unicode>
                </TextEquiv>
            </TextLine>
            <TextLine id="r2l34" custom="readingOrder {index:33;}">
                <Coords points="2916,2104 2951,2092 2969,2103 3118,2090 3140,2101 3277,2094 3276,2063 3232,2053 3140,2054 3118,2066 3091,2053 2990,2052 2975,2066 2940,2057 2916,2067"/>
                <Baseline points="2928,2090 2953,2090 2979,2090 3005,2090 3031,2090 3057,2090 3083,2089 3109,2089 3135,2088 3161,2088 3187,2087 3213,2086 3239,2086 3265,2085"/>
                <TextEquiv>
                    <Unicode>oneervolle bijgeda</Unicode>
                </TextEquiv>
            </TextLine>
            <TextLine id="r2l35" custom="readingOrder {index:34;}">
                <Coords points="2013,2103 2907,2108 2907,2066 2013,2068"/>
                <Baseline points="2023,2099 2066,2100 2110,2101 2154,2102 2197,2103 2241,2104 2285,2105 2328,2106 2372,2107 2416,2107 2460,2108 2503,2108 2547,2108 2591,2108 2634,2107 2678,2106 2722,2104 2765,2103 2809,2101 2853,2098 2897,2095"/>
                <TextEquiv>
                    <Unicode>Bernhardi’s verdiensten worden algemeen er¬</Unicode>
                </TextEquiv>
            </TextLine>
            <TextLine id="r2l36" custom="readingOrder {index:35;}">
                <Coords points="2920,2134 2970,2142 3023,2128 3056,2143 3089,2130 3122,2140 3197,2131 3274,2145 3273,2093 3190,2102 3045,2091 2919,2103"/>
                <Baseline points="2931,2127 2956,2128 2982,2129 3007,2129 3033,2130 3058,2130 3084,2130 3109,2129 3135,2129 3160,2128 3186,2127 3211,2127 3237,2125 3263,2125"/>
                <TextEquiv>
                    <Unicode>mag worden betich</Unicode>
                </TextEquiv>
            </TextLine>
            <TextLine id="r2l37" custom="readingOrder {index:36;}">
                <Coords points="2021,2154 2907,2143 2907,2108 2880,2104 2021,2108"/>
                <Baseline points="2033,2139 2076,2140 2119,2141 2162,2142 2205,2143 2248,2143 2291,2144 2334,2144 2377,2145 2420,2145 2464,2145 2507,2145 2550,2145 2593,2145 2636,2145 2679,2144 2722,2143 2765,2142 2808,2141 2851,2140 2895,2138"/>
                <TextEquiv>
                    <Unicode>kend, ziin kliniek, het „Elisabethinum“, heeft</Unicode>
                </TextEquiv>
            </TextLine>
            <TextLine id="r2l38" custom="readingOrder {index:37;}">
                <Coords points="2911,2164 2939,2180 3069,2168 3102,2179 3177,2170 3247,2181 3260,2167 3280,2176 3280,2134 3157,2141 3088,2131 3053,2142 3025,2127 2990,2140 2910,2123"/>
                <Baseline points="2921,2168 2947,2167 2974,2167 3001,2167 3027,2167 3054,2166 3081,2166 3107,2166 3134,2166 3161,2166 3187,2166 3214,2166 3241,2166 3268,2166"/>
                <TextEquiv>
                    <Unicode>hardi’s opvatting</Unicode>
                </TextEquiv>
            </TextLine>
            <TextLine id="r2l39" custom="readingOrder {index:38;}">
                <Coords points="2022,2194 2843,2190 2905,2179 2905,2143 2022,2154"/>
                <Baseline points="2032,2178 2075,2179 2118,2179 2161,2180 2204,2180 2247,2181 2290,2181 2333,2182 2376,2182 2419,2183 2462,2183 2505,2183 2548,2183 2591,2182 2634,2182 2677,2181 2720,2180 2763,2179 2806,2178 2849,2176 2893,2174"/>
                <TextEquiv>
                    <Unicode>een college van curatoren met klinkende na¬</Unicode>
                </TextEquiv>
            </TextLine>
            <TextLine id="r2l40" custom="readingOrder {index:39;}">
                <Coords points="2912,2222 2972,2211 3011,2219 3231,2212 3242,2201 3266,2205 3266,2173 3200,2170 3187,2184 3154,2171 3070,2169 3016,2182 2991,2171 2912,2178"/>
                <Baseline points="2923,2208 2948,2207 2974,2206 2999,2206 3025,2205 3050,2205 3076,2205 3101,2206 3127,2206 3152,2206 3178,2206 3203,2206 3229,2206 3255,2205"/>
                <TextEquiv>
                    <Unicode>geheel buiten de</Unicode>
                </TextEquiv>
            </TextLine>
            <TextLine id="r2l41" custom="readingOrder {index:40;}">
                <Coords points="2020,2229 2870,2229 2914,2214 2914,2167 2765,2195 2020,2190"/>
                <Baseline points="2030,2221 2073,2221 2117,2221 2161,2221 2204,2221 2248,2221 2292,2222 2335,2222 2379,2222 2423,2222 2467,2222 2510,2222 2554,2222 2598,2222 2641,2221 2685,2220 2729,2220 2772,2218 2816,2217 2860,2216 2904,2214"/>
                <TextEquiv>
                    <Unicode>men, een grootvorst, een bisschop enz. Intus¬</Unicode>
                </TextEquiv>
            </TextLine>
            <TextLine id="r2l42" custom="readingOrder {index:41;}">
                <Coords points="2927,2250 3004,2251 3019,2262 3063,2251 3085,2262 3103,2249 3193,2259 3206,2248 3248,2259 3281,2248 3281,2217 3265,2213 2927,2217"/>
                <Baseline points="2938,2244 2963,2244 2989,2243 3014,2243 3040,2243 3065,2244 3091,2244 3116,2245 3142,2245 3167,2245 3193,2245 3218,2245 3244,2245 3270,2244"/>
                <TextEquiv>
                    <Unicode>sche artsen en kat</Unicode>
                </TextEquiv>
            </TextLine>
            <TextLine id="r2l43" custom="readingOrder {index:42;}">
                <Coords points="2014,2264 2847,2271 2906,2264 2906,2227 2014,2229"/>
                <Baseline points="2025,2259 2068,2260 2112,2261 2155,2261 2199,2262 2242,2262 2286,2262 2329,2262 2373,2262 2416,2261 2460,2261 2503,2260 2547,2260 2590,2259 2634,2259 2677,2258 2721,2257 2764,2257 2808,2256 2851,2255 2895,2254"/>
                <TextEquiv>
                    <Unicode>schen heeft deze groep van joodsche medici</Unicode>
                </TextEquiv>
            </TextLine>
            <TextLine id="r2l44" custom="readingOrder {index:43;}">
                <Coords points="2925,2291 2997,2297 3030,2282 3048,2295 3140,2288 3193,2297 3274,2288 3274,2257 3257,2253 2982,2251 2973,2260 2925,2251"/>
                <Baseline points="2935,2283 2960,2284 2985,2284 3010,2284 3036,2285 3061,2285 3086,2285 3112,2285 3137,2285 3162,2285 3188,2284 3213,2284 3238,2283 3264,2282"/>
                <TextEquiv>
                    <Unicode>baar en daarom 2</Unicode>
                </TextEquiv>
            </TextLine>
            <TextLine id="r2l45" custom="readingOrder {index:44;}">
                <Coords points="2010,2310 2911,2314 2910,2264 2009,2262"/>
                <Baseline points="2020,2298 2066,2298 2112,2299 2158,2299 2205,2299 2251,2299 2297,2299 2343,2299 2390,2299 2436,2299 2482,2299 2528,2299 2575,2298 2621,2298 2667,2297 2713,2297 2760,2296 2806,2295 2852,2294 2899,2292"/>
                <TextEquiv>
                    <Unicode>nog altijd machtige vijanden vooral onder de</Unicode>
                </TextEquiv>
            </TextLine>
            <TextLine id="r2l46" custom="readingOrder {index:45;}">
                <Coords points="2922,2327 2981,2336 3098,2326 3113,2335 3139,2320 3157,2334 3225,2334 3271,2326 3271,2288 2922,2290"/>
                <Baseline points="2933,2320 2958,2320 2983,2320 3008,2321 3033,2321 3059,2321 3084,2322 3109,2322 3134,2322 3160,2322 3185,2323 3210,2323 3235,2322 3261,2322"/>
                <TextEquiv>
                    <Unicode>Schnitzler, waar </Unicode>
                </TextEquiv>
            </TextLine>
            <TextLine id="r2l47" custom="readingOrder {index:46;}">
                <Coords points="2016,2343 2878,2346 2913,2340 2913,2313 2016,2314"/>
                <Baseline points="2026,2336 2069,2336 2113,2336 2157,2336 2201,2336 2244,2337 2288,2337 2332,2337 2376,2338 2419,2338 2463,2338 2507,2338 2551,2338 2594,2338 2638,2338 2682,2337 2726,2336 2769,2335 2813,2333 2857,2332 2901,2329"/>
                <TextEquiv>
                    <Unicode>clerikalen. In de cerste acte heeft nu het vol¬</Unicode>
                </TextEquiv>
            </TextLine>
            <TextLine id="r2l48" custom="readingOrder {index:47;}">
                <Coords points="2918,2367 2984,2380 3000,2367 3116,2366 3178,2385 3206,2368 3279,2367 3279,2328 3156,2333 3138,2320 3114,2335 2918,2334"/>
                <Baseline points="2929,2361 2955,2361 2981,2361 3007,2362 3033,2362 3059,2362 3085,2362 3111,2362 3137,2362 3163,2361 3189,2361 3215,2360 3241,2359 3268,2358"/>
                <TextEquiv>
                    <Unicode>een medische kwe</Unicode>
                </TextEquiv>
            </TextLine>
            <TextLine id="r2l49" custom="readingOrder {index:48;}">
                <Coords points="2015,2384 2924,2405 2905,2335 2015,2342"/>
                <Baseline points="2025,2375 2069,2376 2113,2376 2158,2376 2202,2376 2247,2377 2291,2377 2335,2378 2380,2378 2424,2378 2469,2379 2513,2379 2557,2379 2602,2378 2646,2378 2691,2377 2735,2377 2779,2375 2824,2374 2868,2372 2913,2369"/>
                <TextEquiv>
                    <Unicode>gende voorval plaats, dat de basis vormt voor</Unicode>
                </TextEquiv>
            </TextLine>
            <TextLine id="r2l50" custom="readingOrder {index:49;}">
                <Coords points="2018,2441 2058,2437 2100,2411 2135,2433 2175,2428 2188,2440 2205,2426 2249,2422 2289,2438 2333,2422 2379,2425 2379,2398 2302,2378 2245,2394 2214,2382 2172,2391 2144,2378 2054,2391 2019,2384"/>
                <Baseline points="2029,2413 2055,2415 2081,2415 2107,2416 2133,2416 2159,2416 2185,2416 2211,2415 2237,2415 2263,2415 2289,2415 2315,2416 2341,2416 2368,2417"/>
                <TextEquiv>
                    <Unicode>hei eheele stuk.</Unicode>
                </TextEquiv>
            </TextLine>
            <TextLine id="r2l51" custom="readingOrder {index:50;}">
                <Coords points="2040,2467 2919,2480 2919,2427 2662,2439 2594,2404 2473,2407 2425,2438 2040,2438"/>
                <Baseline points="2052,2459 2094,2462 2137,2463 2180,2465 2223,2466 2266,2467 2308,2467 2351,2467 2394,2468 2437,2467 2480,2467 2522,2467 2565,2466 2608,2465 2651,2464 2694,2463 2736,2462 2779,2461 2822,2460 2865,2458 2908,2457"/>
                <TextEquiv>
                    <Unicode>Een meisje, dat in aansluiting aan een abor¬</Unicode>
                </TextEquiv>
            </TextLine>
            <TextLine id="r2l52" custom="readingOrder {index:51;}">
                <Coords points="2016,2512 2855,2515 2914,2506 2914,2471 2016,2472"/>
                <Baseline points="2027,2501 2070,2502 2114,2502 2158,2502 2202,2503 2246,2503 2289,2504 2333,2504 2377,2505 2421,2506 2465,2506 2508,2506 2552,2506 2596,2506 2640,2505 2684,2505 2727,2504 2771,2502 2815,2501 2859,2499 2903,2496"/>
                <TextEquiv>
                    <Unicode>tus bloedvergiftiging heeft gekregen, is heel</Unicode>
                </TextEquiv>
            </TextLine>
            <TextLine id="r2l53" custom="readingOrder {index:52;}">
                <Coords points="2008,2552 2914,2556 2914,2508 2883,2506 2008,2504"/>
                <Baseline points="2019,2539 2063,2541 2107,2542 2151,2544 2195,2545 2240,2546 2284,2546 2328,2547 2372,2547 2416,2547 2461,2547 2505,2546 2549,2546 2593,2545 2637,2544 2682,2543 2726,2542 2770,2541 2814,2539 2858,2537 2903,2535"/>
                <TextEquiv>
                    <Unicode>ziek en zal vermoedeljjk binnen eenige uren</Unicode>
                </TextEquiv>
            </TextLine>
            <TextLine id="r2l54" custom="readingOrder {index:53;}">
                <Coords points="2943,2546 3039,2573 3129,2552 3147,2565 3189,2555 3243,2571 3255,2560 3285,2562 3286,2512 3248,2511 3220,2491 3202,2504 3156,2491 3099,2521 3053,2527 2998,2507 2982,2520 2943,2500"/>
                <Baseline points="2954,2549 2980,2551 3007,2553 3034,2554 3060,2555 3087,2555 3114,2555 3140,2555 3167,2555 3194,2554 3220,2554 3247,2554 3274,2554"/>
                <TextEquiv>
                    <Unicode>Wanneer ik dus</Unicode>
                </TextEquiv>
            </TextLine>
            <TextLine id="r2l55" custom="readingOrder {index:54;}">
                <Coords points="2025,2591 2871,2591 2899,2586 2899,2546 2025,2550"/>
                <Baseline points="2036,2577 2078,2580 2121,2582 2163,2584 2206,2585 2249,2586 2291,2586 2334,2587 2376,2587 2419,2586 2462,2586 2504,2585 2547,2585 2589,2583 2632,2583 2675,2581 2717,2581 2760,2579 2802,2578 2845,2577 2888,2576"/>
                <TextEquiv>
                    <Unicode>sterven Zij is echter in een toestand van z.g.</Unicode>
                </TextEquiv>
            </TextLine>
            <TextLine id="r2l56" custom="readingOrder {index:55;}">
                <Coords points="2923,2603 2986,2606 3008,2586 3070,2603 3206,2605 3274,2591 3274,2554 3245,2570 3186,2555 3148,2571 3126,2556 3041,2570 2977,2562 2959,2547 2922,2552"/>
                <Baseline points="2934,2594 2959,2595 2984,2595 3009,2595 3034,2595 3060,2595 3085,2595 3110,2595 3135,2594 3161,2593 3186,2593 3211,2592 3236,2591 3262,2590"/>
                <TextEquiv>
                    <Unicode>mij — als arts -</Unicode>
                </TextEquiv>
            </TextLine>
            <TextLine id="r2l57" custom="readingOrder {index:56;}">
                <Coords points="2021,2628 2902,2628 2902,2586 2021,2589"/>
                <Baseline points="2031,2617 2074,2618 2117,2620 2160,2621 2203,2622 2246,2623 2289,2623 2332,2624 2375,2624 2418,2624 2461,2624 2504,2624 2547,2623 2590,2622 2633,2622 2676,2620 2719,2619 2762,2618 2805,2616 2848,2614 2891,2612"/>
                <TextEquiv>
                    <Unicode>euphorie gekomen (zooals dat in zulke gevallen</Unicode>
                </TextEquiv>
            </TextLine>
            <TextLine id="r2l58" custom="readingOrder {index:57;}">
                <Coords points="2927,2640 3033,2644 3090,2633 3125,2644 3167,2635 3248,2644 3281,2637 3281,2598 3235,2591 3158,2609 3068,2603 3050,2592 2984,2607 2927,2601"/>
                <Baseline points="2938,2634 2963,2634 2989,2635 3014,2635 3040,2636 3066,2637 3091,2637 3117,2637 3142,2637 3168,2636 3194,2636 3219,2635 3245,2633 3271,2631"/>
                <TextEquiv>
                    <Unicode>stukken het mees#</Unicode>
                </TextEquiv>
            </TextLine>
            <TextLine id="r2l59" custom="readingOrder {index:58;}">
                <Coords points="2027,2664 2845,2670 2902,2661 2902,2626 2027,2629"/>
                <Baseline points="2038,2656 2080,2658 2123,2659 2165,2660 2208,2661 2251,2662 2293,2662 2336,2662 2379,2663 2421,2662 2464,2662 2507,2662 2549,2661 2592,2660 2635,2659 2677,2659 2720,2657 2763,2656 2805,2655 2848,2654 2891,2652"/>
                <TextEquiv>
                    <Unicode>wel voorkomt), een soort ziekelijken overprik¬</Unicode>
                </TextEquiv>
            </TextLine>
            <TextLine id="r2l60" custom="readingOrder {index:59;}">
                <Coords points="2923,2683 3006,2672 3017,2683 3215,2676 3243,2685 3257,2672 3274,2676 3274,2639 3254,2648 3224,2637 3202,2648 3184,2637 3127,2646 3089,2632 3037,2646 2922,2639"/>
                <Baseline points="2934,2670 2959,2673 2984,2674 3010,2675 3035,2676 3060,2676 3086,2676 3111,2676 3137,2676 3162,2675 3187,2674 3213,2674 3238,2673 3264,2671"/>
                <TextEquiv>
                    <Unicode>een meester is in</Unicode>
                </TextEquiv>
            </TextLine>
            <TextLine id="r2l61" custom="readingOrder {index:60;}">
                <Coords points="2013,2703 2914,2696 2913,2654 2012,2661"/>
                <Baseline points="2023,2698 2067,2699 2111,2700 2155,2700 2199,2701 2243,2701 2287,2701 2331,2702 2375,2702 2419,2702 2463,2702 2507,2701 2551,2701 2595,2700 2639,2700 2683,2699 2727,2698 2771,2697 2815,2696 2859,2694 2903,2693"/>
                <TextEquiv>
                    <Unicode>kelingstoestand, waarin zij in het geheel niet</Unicode>
                </TextEquiv>
            </TextLine>
            <TextLine id="r2l62" custom="readingOrder {index:61;}">
                <Coords points="2927,2717 2993,2725 3004,2715 3089,2713 3147,2725 3232,2714 3246,2723 3274,2713 3273,2676 2926,2684"/>
                <Baseline points="2937,2710 2962,2713 2987,2714 3012,2715 3037,2715 3062,2715 3087,2713 3112,2713 3137,2711 3162,2710 3187,2709 3212,2707 3237,2707 3263,2707"/>
                <TextEquiv>
                    <Unicode>willen noemen e</Unicode>
                </TextEquiv>
            </TextLine>
            <TextLine id="r2l63" custom="readingOrder {index:62;}">
                <Coords points="2011,2739 2833,2748 2917,2732 2917,2701 2011,2706"/>
                <Baseline points="2023,2737 2067,2738 2111,2739 2155,2739 2199,2740 2243,2740 2287,2741 2331,2741 2375,2741 2419,2741 2464,2741 2508,2741 2552,2740 2596,2740 2640,2739 2684,2738 2728,2738 2772,2736 2816,2735 2860,2734 2905,2732"/>
                <TextEquiv>
                    <Unicode>liidt, zich uiterst gelukkig voelt; zij verbeeldt</Unicode>
                </TextEquiv>
            </TextLine>
            <TextLine id="r2l64" custom="readingOrder {index:63;}">
                <Coords points="2924,2766 2970,2757 2994,2769 3038,2753 3069,2766 3148,2751 3288,2760 3288,2716 3167,2723 3088,2711 2923,2724"/>
                <Baseline points="2935,2753 2961,2753 2987,2753 3013,2753 3040,2753 3066,2753 3092,2753 3119,2753 3145,2752 3171,2752 3198,2751 3224,2750 3250,2748 3277,2745"/>
                <TextEquiv>
                    <Unicode>geeft hij vooral oc</Unicode>
                </TextEquiv>
            </TextLine>
            <TextLine id="r2l65" custom="readingOrder {index:64;}">
                <Coords points="2019,2781 2914,2782 2913,2744 2885,2738 2019,2745"/>
                <Baseline points="2031,2774 2074,2775 2118,2776 2161,2777 2205,2778 2249,2779 2292,2779 2336,2779 2379,2779 2423,2779 2467,2779 2510,2778 2554,2778 2597,2777 2641,2776 2685,2775 2728,2774 2772,2773 2815,2772 2859,2771 2903,2770"/>
                <TextEquiv>
                    <Unicode>zich haar minnaar bij zich te hebben en heeft</Unicode>
                </TextEquiv>
            </TextLine>
            <TextLine id="r2l66" custom="readingOrder {index:65;}">
                <Coords points="2930,2797 2970,2803 2989,2782 3007,2795 3049,2796 3064,2785 3120,2801 3141,2787 3152,2798 3205,2792 3227,2802 3280,2790 3279,2757 3237,2751 3184,2753 3149,2769 3112,2752 3068,2765 3039,2752 2993,2765 2971,2756 2929,2762"/>
                <Baseline points="2941,2791 2966,2792 2991,2793 3016,2792 3041,2792 3067,2791 3092,2790 3117,2789 3142,2788 3168,2787 3193,2786 3218,2786 3243,2785 3269,2785"/>
                <TextEquiv>
                    <Unicode>op tal van plaats</Unicode>
                </TextEquiv>
            </TextLine>
            <TextLine id="r2l67" custom="readingOrder {index:66;}">
                <Coords points="2014,2823 2913,2829 2889,2778 2014,2782"/>
                <Baseline points="2026,2811 2069,2813 2113,2815 2157,2816 2201,2817 2245,2818 2288,2818 2332,2818 2376,2818 2420,2818 2464,2817 2507,2816 2551,2816 2595,2815 2639,2814 2683,2814 2726,2813 2770,2813 2814,2813 2858,2813 2902,2813"/>
                <TextEquiv>
                    <Unicode>natuurlijk in dezen toestand geen idee ervan,</Unicode>
                </TextEquiv>
            </TextLine>
            <TextLine id="r2l68" custom="readingOrder {index:67;}">
                <Coords points="2917,2840 3128,2829 3152,2839 3176,2832 3192,2845 3227,2827 3277,2834 3276,2793 3228,2803 3215,2792 3167,2802 3142,2787 3120,2798 3056,2789 3046,2798 2982,2790 2971,2802 2916,2799"/>
                <Baseline points="2927,2829 2953,2830 2979,2830 3005,2830 3031,2830 3057,2829 3083,2828 3109,2827 3135,2826 3161,2825 3187,2825 3213,2824 3239,2824 3265,2825"/>
                <TextEquiv>
                    <Unicode>schilderd met </Unicode>
                </TextEquiv>
            </TextLine>
            <TextLine id="r2l69" custom="readingOrder {index:68;}">
                <Coords points="2021,2870 2916,2864 2915,2822 2845,2813 2021,2828"/>
                <Baseline points="2033,2852 2076,2853 2120,2854 2163,2855 2207,2856 2251,2856 2294,2856 2338,2856 2381,2856 2425,2856 2469,2856 2512,2855 2556,2855 2599,2854 2643,2854 2687,2853 2730,2852 2774,2852 2817,2851 2861,2851 2905,2850"/>
                <TextEquiv>
                    <Unicode>dat zij binnenkort sterven moet. Zonder den</Unicode>
                </TextEquiv>
            </TextLine>
            <TextLine id="r2l70" custom="readingOrder {index:69;}">
                <Coords points="2925,2874 3083,2871 3106,2880 3286,2865 3285,2830 3247,2827 3191,2845 3127,2826 2925,2841"/>
                <Baseline points="2935,2868 2961,2868 2987,2868 3013,2869 3039,2868 3065,2868 3091,2868 3117,2867 3143,2866 3169,2866 3195,2865 3221,2864 3247,2863 3274,2863"/>
                <TextEquiv>
                    <Unicode>vraagstukken, die</Unicode>
                </TextEquiv>
            </TextLine>
            <TextLine id="r2l71" custom="readingOrder {index:70;}">
                <Coords points="2017,2894 2718,2909 2913,2897 2913,2853 2016,2859"/>
                <Baseline points="2027,2891 2070,2892 2114,2893 2158,2893 2202,2894 2246,2895 2289,2895 2333,2895 2377,2896 2421,2896 2465,2895 2508,2895 2552,2895 2596,2894 2640,2894 2684,2893 2727,2892 2771,2891 2815,2890 2859,2888 2903,2887"/>
                <TextEquiv>
                    <Unicode>arts ex in te kennen, heeft zuster Ludwilla</Unicode>
                </TextEquiv>
            </TextLine>
            <TextLine id="r2l72" custom="readingOrder {index:71;}">
                <Coords points="2920,2917 3188,2908 3254,2912 3285,2929 3285,2879 3265,2870 3104,2880 2920,2870"/>
                <Baseline points="2930,2908 2956,2908 2982,2908 3009,2908 3035,2908 3061,2907 3088,2907 3114,2907 3141,2907 3167,2907 3193,2907 3220,2906 3246,2906 3273,2905"/>
                <TextEquiv>
                    <Unicode>beroeren, hij heef</Unicode>
                </TextEquiv>
            </TextLine>
            <TextLine id="r2l73" custom="readingOrder {index:72;}">
                <Coords points="2020,2929 2088,2946 2121,2924 2152,2951 2912,2938 2894,2894 2020,2898"/>
                <Baseline points="2031,2930 2074,2930 2117,2931 2161,2932 2204,2933 2248,2933 2291,2933 2335,2934 2378,2934 2422,2934 2465,2934 2508,2934 2552,2933 2595,2933 2639,2932 2682,2932 2726,2931 2769,2931 2813,2929 2856,2929 2900,2928"/>
                <TextEquiv>
                    <Unicode>een priester geroepen, om aan de stervende</Unicode>
                </TextEquiv>
            </TextLine>
            <TextLine id="r2l74" custom="readingOrder {index:73;}">
                <Coords points="2920,2964 2953,2952 3034,2956 3071,2939 3107,2954 3274,2949 3273,2912 3258,2910 2919,2916"/>
                <Baseline points="2931,2948 2956,2949 2982,2949 3007,2949 3033,2949 3058,2949 3084,2949 3109,2948 3135,2948 3160,2947 3186,2946 3211,2945 3237,2944 3263,2943"/>
                <TextEquiv>
                    <Unicode>grond gebracht</Unicode>
                </TextEquiv>
            </TextLine>
            <TextLine id="r2l75" custom="readingOrder {index:74;}">
                <Coords points="2067,2983 2790,2990 2920,2974 2920,2939 2149,2949 2118,2923 2067,2952"/>
                <Baseline points="2079,2969 2120,2970 2162,2970 2203,2971 2245,2972 2286,2972 2328,2972 2369,2972 2411,2973 2452,2973 2494,2972 2536,2972 2577,2972 2619,2971 2660,2971 2702,2970 2743,2969 2785,2968 2826,2967 2868,2966 2910,2965"/>
                <TextEquiv>
                    <Unicode>die katholiek is — de laatste sacramenten</Unicode>
                </TextEquiv>
            </TextLine>
            <TextLine id="r2l76" custom="readingOrder {index:75;}">
                <Coords points="2926,2985 2957,2995 3042,2985 3109,3000 3130,2988 3181,2994 3220,2980 3276,2991 3275,2949 3257,2947 3093,2954 3073,2938 3044,2954 2926,2954"/>
                <Baseline points="2938,2984 2963,2986 2988,2987 3013,2987 3038,2988 3063,2988 3088,2988 3114,2987 3139,2986 3164,2985 3189,2984 3214,2983 3239,2983 3265,2981"/>
                <TextEquiv>
                    <Unicode>doen. Hij heeft vo</Unicode>
                </TextEquiv>
            </TextLine>
            <TextLine id="r2l77" custom="readingOrder {index:76;}">
                <Coords points="2018,3017 2073,3023 2104,3012 2132,3023 2154,3011 2198,3029 2214,3018 2227,3027 2240,3018 2275,3028 2299,3011 2317,3015 2317,2984 2302,2980 2260,2986 2247,2977 2155,2973 2137,2982 2019,2969"/>
                <Baseline points="2030,3009 2055,3008 2080,3007 2105,3007 2130,3008 2155,3008 2180,3009 2205,3009 2230,3010 2255,3011 2280,3011 2306,3011"/>
                <TextEquiv>
                    <Unicode>toe te dienen.</Unicode>
                </TextEquiv>
            </TextLine>
            <TextLine id="r2l78" custom="readingOrder {index:77;}">
                <Coords points="2925,3023 2978,3036 3007,3025 3088,3034 3119,3021 3152,3034 3187,3021 3224,3034 3281,3023 3281,2990 3182,2997 3132,2988 3108,3001 3042,2986 2961,2999 2925,2986"/>
                <Baseline points="2937,3019 2962,3021 2988,3022 3013,3023 3039,3023 3065,3023 3090,3023 3116,3023 3141,3023 3167,3022 3193,3022 3218,3021 3244,3021 3270,3020"/>
                <TextEquiv>
                    <Unicode>het doen. In dat</Unicode>
                </TextEquiv>
            </TextLine>
            <TextLine id="r2l79" custom="readingOrder {index:78;}">
                <Coords points="2053,3069 2886,3068 2915,3061 2915,2991 2811,3022 2053,3021"/>
                <Baseline points="2065,3053 2106,3054 2148,3057 2190,3058 2232,3059 2274,3060 2316,3061 2358,3061 2400,3062 2442,3062 2484,3062 2525,3061 2567,3061 2609,3060 2651,3059 2693,3058 2735,3057 2777,3055 2819,3054 2861,3051 2903,3049"/>
                <TextEquiv>
                    <Unicode>Professor Bernhardi, de „famulus“ Hoch¬</Unicode>
                </TextEquiv>
            </TextLine>
            <TextLine id="r2l80" custom="readingOrder {index:79;}">
                <Coords points="2924,3066 2997,3079 3021,3060 3049,3073 3076,3062 3109,3073 3170,3064 3280,3073 3280,3023 3223,3036 3212,3027 3133,3033 3120,3020 3096,3033 2983,3035 2924,3022"/>
                <Baseline points="2936,3057 2961,3059 2987,3060 3013,3061 3038,3062 3064,3062 3090,3062 3115,3062 3141,3062 3167,3062 3192,3061 3218,3060 3244,3060 3270,3058"/>
                <TextEquiv>
                    <Unicode>voor de geschiede</Unicode>
                </TextEquiv>
            </TextLine>
            <TextLine id="r2l81" custom="readingOrder {index:80;}">
                <Coords points="2018,3113 2398,3093 2475,3119 2750,3095 2915,3115 2915,3060 2018,3056"/>
                <Baseline points="2029,3096 2072,3096 2116,3097 2160,3097 2203,3098 2247,3099 2291,3099 2334,3099 2378,3100 2422,3100 2466,3100 2509,3100 2553,3100 2597,3100 2640,3100 2684,3099 2728,3099 2771,3098 2815,3097 2859,3096 2903,3095"/>
                <TextEquiv>
                    <Unicode>zoitspointner, de verpleegster (de eenige</Unicode>
                </TextEquiv>
            </TextLine>
            <TextLine id="r2l82" custom="readingOrder {index:81;}">
                <Coords points="2921,3116 2959,3105 2967,3114 2981,3101 3066,3113 3176,3102 3233,3123 3258,3104 3288,3110 3288,3066 3108,3074 3075,3063 3051,3074 3031,3063 2996,3079 2921,3064"/>
                <Baseline points="2933,3102 2959,3101 2985,3100 3012,3100 3038,3099 3065,3099 3091,3099 3118,3099 3144,3099 3171,3099 3197,3099 3224,3099 3250,3099 3277,3100"/>
                <TextEquiv>
                    <Unicode>is de Historiesch</Unicode>
                </TextEquiv>
            </TextLine>
            <TextLine id="r2l83" custom="readingOrder {index:82;}">
                <Coords points="2924,3152 2963,3148 2994,3165 3007,3159 3025,3165 3045,3161 3067,3143 3091,3143 3091,3113 3069,3115 3058,3104 3034,3104 3021,3113 3001,3102 2996,3106 2981,3102 2970,3113 2939,3104 2924,3108"/>
                <Baseline points="2934,3139 2963,3138 2992,3137 3021,3137 3050,3138 3080,3139"/>
                <TextEquiv>
                    <Unicode>milien.</Unicode>
                </TextEquiv>
            </TextLine>
            <TextLine id="r2l84" custom="readingOrder {index:83;}">
                <Coords points="2024,3138 2916,3149 2916,3116 2844,3101 2024,3105"/>
                <Baseline points="2034,3134 2077,3135 2121,3137 2164,3138 2208,3139 2252,3139 2295,3140 2339,3140 2382,3141 2426,3141 2470,3141 2513,3141 2557,3140 2600,3140 2644,3140 2688,3139 2731,3138 2775,3137 2818,3137 2862,3136 2906,3135"/>
                <TextEquiv>
                    <Unicode>vrouw in het stuk) en nog eenige artsen,</Unicode>
                </TextEquiv>
            </TextLine>
            <TextLine id="r2l85" custom="readingOrder {index:84;}">
                <Coords points="2027,3184 2889,3184 2917,3140 2027,3149"/>
                <Baseline points="2038,3172 2081,3174 2124,3175 2168,3177 2211,3178 2255,3179 2298,3179 2341,3180 2385,3180 2428,3180 2472,3180 2515,3180 2558,3180 2602,3179 2645,3178 2689,3177 2732,3176 2775,3174 2819,3172 2862,3170 2906,3168"/>
                <TextEquiv>
                    <Unicode>staan in een voorkamer, als juist de priester</Unicode>
                </TextEquiv>
            </TextLine>
            <TextLine id="r2l86" custom="readingOrder {index:85;}">
                <Coords points="2030,3225 2843,3215 2973,3239 2973,3184 2905,3175 2030,3181"/>
                <Baseline points="2041,3210 2087,3212 2133,3214 2179,3215 2225,3216 2271,3217 2317,3217 2363,3217 2409,3217 2455,3217 2501,3216 2547,3216 2593,3215 2639,3215 2685,3215 2731,3214 2777,3214 2823,3215 2869,3215 2915,3215 2961,3217"/>
                <TextEquiv>
                    <Unicode>binnenkomt, die de ziekenzaal wil binnen¬</Unicode>
                </TextEquiv>
            </TextLine>
            <TextLine id="r2l87" custom="readingOrder {index:86;}">
                <Coords points="2019,3266 2779,3272 2933,3256 2933,3230 2019,3235"/>
                <Baseline points="2029,3252 2073,3252 2118,3252 2162,3253 2207,3253 2252,3253 2296,3254 2341,3254 2385,3255 2430,3255 2475,3255 2519,3255 2564,3255 2608,3255 2653,3254 2698,3253 2742,3253 2787,3251 2831,3250 2876,3248 2921,3246"/>
                <TextEquiv>
                    <Unicode>gaan. Bernhardi verzoekt den priester dat niet</Unicode>
                </TextEquiv>
            </TextLine>
            <TextLine id="r2l88" custom="readingOrder {index:87;}">
                <Coords points="3098,3300 3110,3297 3114,3291 3118,3290 3125,3282 3129,3283 3135,3277 3137,3279 3148,3276 3143,3255 3130,3258 3127,3256 3126,3259 3123,3257 3115,3262 3110,3258 3106,3262 3089,3266"/>
                <Baseline points="3105,3283 3137,3275"/>
                <TextEquiv>
                    <Unicode>6 0</Unicode>
                </TextEquiv>
            </TextLine>
            <TextLine id="r2l89" custom="readingOrder {index:88;}">
                <Coords points="2030,3300 2823,3303 2924,3292 2924,3252 2030,3262"/>
                <Baseline points="2041,3291 2084,3292 2128,3293 2171,3293 2215,3294 2259,3294 2302,3295 2346,3295 2389,3295 2433,3295 2477,3295 2520,3295 2564,3295 2607,3294 2651,3294 2695,3293 2738,3292 2782,3291 2825,3290 2869,3289 2913,3287"/>
                <TextEquiv>
                    <Unicode>te doen, daar de patiènte juist nu zich volko¬</Unicode>
                </TextEquiv>
            </TextLine>
            <TextLine id="r2l90" custom="readingOrder {index:89;}">
                <Coords points="2028,3345 2933,3322 2788,3287 2028,3299"/>
                <Baseline points="2039,3331 2083,3331 2127,3332 2171,3332 2215,3333 2260,3333 2304,3334 2348,3334 2392,3334 2436,3334 2481,3334 2525,3334 2569,3334 2613,3334 2657,3333 2702,3333 2746,3332 2790,3331 2834,3329 2878,3328 2923,3326"/>
                <TextEquiv>
                    <Unicode>men gelukkig waant, terwijl het binnenkomen</Unicode>
                </TextEquiv>
            </TextLine>
            <TextLine id="r2l91" custom="readingOrder {index:90;}">
                <Coords points="2034,3381 2858,3381 2922,3362 2922,3332 2034,3341"/>
                <Baseline points="2046,3370 2089,3371 2132,3371 2175,3372 2219,3372 2262,3373 2305,3373 2348,3373 2392,3373 2435,3373 2478,3373 2521,3373 2565,3372 2608,3372 2651,3371 2694,3370 2738,3369 2781,3367 2824,3365 2867,3364 2911,3361"/>
                <TextEquiv>
                    <Unicode>van den priester haar tot het besef zou bren¬</Unicode>
                </TextEquiv>
            </TextLine>
            <TextLine id="r2l92" custom="readingOrder {index:91;}">
                <Coords points="2027,3418 2939,3418 2939,3378 2800,3368 2027,3378"/>
                <Baseline points="2039,3412 2083,3412 2127,3412 2172,3412 2216,3412 2261,3412 2305,3412 2349,3412 2394,3412 2438,3412 2483,3412 2527,3411 2571,3411 2616,3411 2660,3410 2705,3409 2749,3409 2793,3408 2838,3407 2882,3405 2927,3404"/>
                <TextEquiv>
                    <Unicode>gen, dat zij verloren is, en dus een einde aan</Unicode>
                </TextEquiv>
            </TextLine>
            <TextLine id="r2l93" custom="readingOrder {index:92;}">
                <Coords points="2022,3451 2888,3458 2947,3446 2946,3402 2021,3420"/>
                <Baseline points="2033,3449 2078,3449 2123,3450 2168,3450 2213,3450 2258,3450 2303,3450 2348,3450 2393,3450 2438,3450 2484,3450 2529,3449 2574,3449 2619,3448 2664,3447 2709,3447 2754,3445 2799,3444 2844,3443 2889,3441 2935,3439"/>
                <TextEquiv>
                    <Unicode>deze korte geluksperiode zou maken. De pries¬</Unicode>
                </TextEquiv>
            </TextLine>
            <TextLine id="r2l94" custom="readingOrder {index:93;}">
                <Coords points="2022,3502 2898,3497 2951,3488 2951,3449 2021,3451"/>
                <Baseline points="2033,3487 2078,3488 2123,3488 2168,3489 2214,3489 2259,3490 2304,3490 2350,3490 2395,3490 2440,3490 2486,3490 2531,3490 2576,3489 2621,3489 2667,3488 2712,3488 2757,3487 2803,3486 2848,3485 2893,3483 2939,3482"/>
                <TextEquiv>
                    <Unicode>ter wil toch binnen, maar Bernhardi weigert#</Unicode>
                </TextEquiv>
            </TextLine>
            <TextLine id="r2l95" custom="readingOrder {index:94;}">
                <Coords points="2029,3535 2842,3537 2932,3523 2932,3479 2029,3504"/>
                <Baseline points="2040,3529 2084,3529 2128,3529 2172,3529 2216,3529 2260,3529 2304,3529 2348,3529 2392,3529 2436,3529 2480,3528 2524,3528 2568,3528 2612,3527 2656,3527 2700,3526 2744,3525 2788,3524 2832,3523 2876,3522 2920,3521"/>
                <TextEquiv>
                    <Unicode>definitief. Gedurende deze bespreking gaat de</Unicode>
                </TextEquiv>
            </TextLine>
            <TextLine id="r2l96" custom="readingOrder {index:95;}">
                <Coords points="2024,3572 2883,3573 2936,3552 2936,3524 2024,3536"/>
                <Baseline points="2036,3568 2080,3567 2124,3567 2169,3567 2213,3567 2258,3566 2302,3566 2347,3566 2391,3566 2436,3566 2480,3565 2524,3565 2569,3565 2613,3564 2658,3564 2702,3562 2747,3561 2791,3560 2836,3558 2880,3557 2925,3555"/>
                <TextEquiv>
                    <Unicode>verpleegster naar de patiènte, vertelt haar, dat</Unicode>
                </TextEquiv>
            </TextLine>
            <TextLine id="r2l97" custom="readingOrder {index:96;}">
                <Coords points="2029,3610 2928,3614 2928,3565 2029,3571"/>
                <Baseline points="2040,3605 2083,3604 2127,3604 2171,3604 2215,3604 2259,3604 2302,3604 2346,3604 2390,3604 2434,3604 2478,3604 2521,3604 2565,3603 2609,3603 2653,3602 2697,3602 2740,3600 2784,3599 2828,3598 2872,3596 2916,3594"/>
                <TextEquiv>
                    <Unicode>de priester gekomen is, de patiènte schrikt</Unicode>
                </TextEquiv>
            </TextLine>
            <TextLine id="r2l98" custom="readingOrder {index:97;}">
                <Coords points="2032,3650 2837,3670 2913,3639 2913,3601 2032,3613"/>
                <Baseline points="2043,3643 2086,3643 2129,3643 2172,3643 2215,3643 2258,3643 2301,3643 2344,3643 2387,3643 2430,3643 2473,3643 2516,3642 2559,3642 2602,3641 2645,3641 2688,3640 2731,3640 2774,3639 2817,3638 2860,3636 2903,3635"/>
                <TextEquiv>
                    <Unicode>hevig, zegt: „moet ik dan werkelijk sterven?“</Unicode>
                </TextEquiv>
            </TextLine>
            <TextLine id="r2l99" custom="readingOrder {index:98;}">
                <Coords points="2034,3692 2056,3698 2089,3687 2113,3696 2126,3691 2141,3702 2163,3691 2181,3704 2194,3693 2205,3699 2264,3674 2291,3681 2290,3656 2273,3659 2244,3646 2222,3657 2191,3649 2143,3658 2101,3647 2064,3656 2033,3650"/>
                <Baseline points="2045,3680 2071,3681 2097,3681 2123,3680 2149,3679 2175,3678 2201,3678 2227,3678 2253,3679 2280,3681"/>
                <TextEquiv>
                    <Unicode>en sterft —</Unicode>
                </TextEquiv>
            </TextLine>
            <TextLine id="r2l100" custom="readingOrder {index:99;}">
                <Coords points="2066,3742 2894,3734 2934,3725 2933,3674 2722,3699 2425,3672 2065,3694"/>
                <Baseline points="2076,3728 2118,3729 2160,3730 2202,3731 2245,3731 2287,3731 2329,3731 2372,3731 2414,3730 2456,3730 2499,3729 2541,3728 2583,3727 2625,3726 2668,3725 2710,3724 2752,3723 2795,3722 2837,3722 2879,3721 2922,3721"/>
                <TextEquiv>
                    <Unicode>Dit voorval wordt door de vijanden van de</Unicode>
                </TextEquiv>
            </TextLine>
            <TextLine id="r2l101" custom="readingOrder {index:100;}">
                <Coords points="2035,3781 2831,3777 2934,3763 2934,3723 2035,3733"/>
                <Baseline points="2046,3774 2089,3772 2133,3771 2177,3770 2221,3769 2265,3768 2309,3768 2352,3767 2396,3767 2440,3767 2484,3767 2528,3766 2572,3766 2616,3766 2659,3766 2703,3765 2747,3765 2791,3764 2835,3763 2879,3761 2923,3760"/>
                <TextEquiv>
                    <Unicode>groep Bernhardi uitgebuit, de politici werpen</Unicode>
                </TextEquiv>
            </TextLine>
            <TextLine id="r2l102" custom="readingOrder {index:101;}">
                <Coords points="2038,3815 2827,3801 2931,3824 2930,3775 2879,3765 2038,3780"/>
                <Baseline points="2050,3810 2093,3810 2136,3811 2180,3812 2223,3812 2267,3812 2310,3812 2354,3811 2397,3811 2441,3810 2484,3809 2527,3809 2571,3807 2614,3806 2658,3805 2701,3804 2745,3803 2788,3802 2832,3801 2875,3800 2919,3799"/>
                <TextEquiv>
                    <Unicode>er zich op; de katholieke godsdienst wordt</Unicode>
                </TextEquiv>
            </TextLine>
            <TextLine id="r2l103" custom="readingOrder {index:102;}">
                <Coords points="2033,3859 2923,3838 2922,3810 2826,3800 2032,3815"/>
                <Baseline points="2043,3849 2086,3849 2129,3849 2173,3848 2216,3848 2260,3848 2303,3848 2347,3848 2390,3848 2434,3848 2477,3848 2520,3848 2564,3847 2607,3846 2651,3845 2694,3844 2738,3843 2781,3841 2825,3839 2868,3837 2912,3834"/>
                <TextEquiv>
                    <Unicode>door de joden niet gerespecteerd enz. Bernhar¬</Unicode>
                </TextEquiv>
            </TextLine>
            <TextLine id="r2l104" custom="readingOrder {index:103;}">
                <Coords points="2030,3895 2860,3894 2933,3876 2932,3832 2029,3858"/>
                <Baseline points="2041,3886 2085,3886 2129,3886 2173,3886 2217,3885 2261,3885 2305,3885 2349,3885 2393,3885 2437,3885 2481,3884 2525,3884 2569,3884 2613,3883 2657,3883 2701,3882 2745,3881 2789,3880 2833,3879 2877,3878 2921,3876"/>
                <TextEquiv>
                    <Unicode>di wordt geschorst, komt zeifs in de gevan¬</Unicode>
                </TextEquiv>
            </TextLine>
            <TextLine id="r2l105" custom="readingOrder {index:104;}">
                <Coords points="2039,3941 2887,3927 2886,3894 2825,3884 2038,3895"/>
                <Baseline points="2049,3927 2090,3926 2131,3925 2172,3924 2214,3924 2255,3923 2296,3923 2338,3922 2379,3922 2420,3922 2462,3922 2503,3921 2544,3921 2585,3921 2627,3920 2668,3920 2709,3919 2751,3918 2792,3917 2833,3916 2875,3915"/>
                <TextEquiv>
                    <Unicode>genis, later wordt hij gerehabiliteerd enz.</Unicode>
                </TextEquiv>
            </TextLine>
            <TextLine id="r2l106" custom="readingOrder {index:105;}">
                <Coords points="2062,3975 2930,3968 2930,3922 2062,3936"/>
                <Baseline points="2073,3965 2115,3963 2157,3962 2199,3961 2242,3960 2284,3959 2326,3959 2369,3959 2411,3959 2453,3959 2496,3959 2538,3959 2580,3960 2622,3960 2665,3959 2707,3959 2749,3958 2792,3957 2834,3955 2876,3954 2919,3951"/>
                <TextEquiv>
                    <Unicode>Het essentieele punt is nu, dat, volgens den</Unicode>
                </TextEquiv>
            </TextLine>
            <TextLine id="r2l107" custom="readingOrder {index:106;}">
                <Coords points="2029,4011 2932,3999 2931,3964 2863,3958 2028,3974"/>
                <Baseline points="2040,4003 2084,4003 2128,4002 2172,4001 2216,4001 2260,4000 2304,4000 2348,3999 2392,3999 2436,3998 2480,3998 2524,3997 2568,3997 2612,3997 2656,3996 2700,3996 2744,3995 2788,3994 2832,3994 2876,3993 2920,3992"/>
                <TextEquiv>
                    <Unicode>schrijver, Bernhardi volkomen in het geliik</Unicode>
                </TextEquiv>
            </TextLine>
            <TextLine id="r2l108" custom="readingOrder {index:107;}">
                <Coords points="2036,4059 2904,4048 2925,3999 2035,4011"/>
                <Baseline points="2046,4048 2089,4046 2132,4044 2176,4043 2219,4041 2263,4040 2306,4039 2349,4038 2393,4037 2436,4036 2480,4035 2523,4035 2566,4034 2610,4034 2653,4033 2697,4033 2740,4032 2783,4032 2827,4031 2870,4031 2914,4030"/>
                <TextEquiv>
                    <Unicode>was, zoodat elk weldenkend arts zou hebben</Unicode>
                </TextEquiv>
            </TextLine>
            <TextLine id="r2l109" custom="readingOrder {index:108;}">
                <Coords points="2030,4086 2933,4069 2932,4031 2030,4060"/>
                <Baseline points="2042,4086 2086,4084 2130,4082 2174,4081 2218,4079 2262,4078 2306,4077 2350,4076 2394,4076 2438,4075 2482,4074 2526,4074 2570,4073 2614,4073 2658,4073 2702,4072 2746,4071 2790,4071 2834,4070 2878,4069 2923,4068"/>
                <TextEquiv>
                    <Unicode>gehandeld als hij, terwijl de tegenstanders dit</Unicode>
                </TextEquiv>
            </TextLine>
            <TextLine id="r2l110" custom="readingOrder {index:109;}">
                <Coords points="2943,4102 3138,4100 3138,4043 3105,4046 3078,4028 3065,4037 3019,4031 2995,4033 2977,4047 2968,4040 2962,4047 2942,4047"/>
                <Baseline points="2953,4091 2982,4087 3011,4086 3040,4086 3069,4087 3098,4087 3127,4087"/>
                <TextEquiv>
                    <Unicode></Unicode>
                </TextEquiv>
            </TextLine>
            <TextLine id="r2l111" custom="readingOrder {index:110;}">
                <Coords points="2802,4107 2813,4107 2817,4110 2830,4099 2835,4099 2850,4111 2861,4105 2881,4107 2882,4079 2871,4079 2866,4076 2855,4078 2851,4082 2844,4075 2803,4076"/>
                <Baseline points="2813,4102 2841,4104 2869,4104"/>
                <TextEquiv>
                    <Unicode>grae</Unicode>
                </TextEquiv>
            </TextLine>
            <TextEquiv>
                <Unicode>gevolgen van dit conflict aan den lijve had er¬
meen ik, dat juist
moet onthouden v
varen, het koos als basis voor een drama.
een bepaald ooge
Maar jammer is, dat juist daar, waar in een
tendenzstuk als „Professor Bernhardi’ daar¬
ten van een katho
in het algemeen
door werd, nanwkeurigheid bij het stellen van
arts der ziel) bet
het conflict, de hoogste plicht was, zoowel
kunnen slechts om
voor den dramaschrijver als voor den arts
dellijk levensgevan
dat juist daar Schnitzler (vermoedelijk onde:
Wanneer nu Sch
invloed van subjectieve momenten) eenigszins
ting heeft over ee
faalde.
in zijn comedie in
dat voor mij geen
er een principieel
hier is het wat
Prof. Bernhardi heeft als jong arts zich ver¬
voorkomen, alsof
zet tegen de officieele Weensche clique, hij
sche ethiek Ber
heeft met enkele collega’s een eigen kliniek
heeft, zoodat indie
opgericht, heeft moeilijke jaren doorgemaakt,
hij ziin handeling
maar ten slotte ziin de opvattingen veranderd.
oneervolle bijgeda
Bernhardi’s verdiensten worden algemeen er¬
mag worden betich
kend, ziin kliniek, het „Elisabethinum“, heeft
hardi’s opvatting
een college van curatoren met klinkende na¬
geheel buiten de
men, een grootvorst, een bisschop enz. Intus¬
sche artsen en kat
schen heeft deze groep van joodsche medici
baar en daarom 2
nog altijd machtige vijanden vooral onder de
Schnitzler, waar 
clerikalen. In de cerste acte heeft nu het vol¬
een medische kwe
gende voorval plaats, dat de basis vormt voor
hei eheele stuk.
Een meisje, dat in aansluiting aan een abor¬
tus bloedvergiftiging heeft gekregen, is heel
ziek en zal vermoedeljjk binnen eenige uren
Wanneer ik dus
sterven Zij is echter in een toestand van z.g.
mij — als arts -
euphorie gekomen (zooals dat in zulke gevallen
stukken het mees#
wel voorkomt), een soort ziekelijken overprik¬
een meester is in
kelingstoestand, waarin zij in het geheel niet
willen noemen e
liidt, zich uiterst gelukkig voelt; zij verbeeldt
geeft hij vooral oc
zich haar minnaar bij zich te hebben en heeft
op tal van plaats
natuurlijk in dezen toestand geen idee ervan,
schilderd met 
dat zij binnenkort sterven moet. Zonder den
vraagstukken, die
arts ex in te kennen, heeft zuster Ludwilla
beroeren, hij heef
een priester geroepen, om aan de stervende
grond gebracht
die katholiek is — de laatste sacramenten
doen. Hij heeft vo
toe te dienen.
het doen. In dat
Professor Bernhardi, de „famulus“ Hoch¬
voor de geschiede
zoitspointner, de verpleegster (de eenige
is de Historiesch
milien.
vrouw in het stuk) en nog eenige artsen,
staan in een voorkamer, als juist de priester
binnenkomt, die de ziekenzaal wil binnen¬
gaan. Bernhardi verzoekt den priester dat niet
6 0
te doen, daar de patiènte juist nu zich volko¬
men gelukkig waant, terwijl het binnenkomen
van den priester haar tot het besef zou bren¬
gen, dat zij verloren is, en dus een einde aan
deze korte geluksperiode zou maken. De pries¬
ter wil toch binnen, maar Bernhardi weigert#
definitief. Gedurende deze bespreking gaat de
verpleegster naar de patiènte, vertelt haar, dat
de priester gekomen is, de patiènte schrikt
hevig, zegt: „moet ik dan werkelijk sterven?“
en sterft —
Dit voorval wordt door de vijanden van de
groep Bernhardi uitgebuit, de politici werpen
er zich op; de katholieke godsdienst wordt
door de joden niet gerespecteerd enz. Bernhar¬
di wordt geschorst, komt zeifs in de gevan¬
genis, later wordt hij gerehabiliteerd enz.
Het essentieele punt is nu, dat, volgens den
schrijver, Bernhardi volkomen in het geliik
was, zoodat elk weldenkend arts zou hebben
gehandeld als hij, terwijl de tegenstanders dit

grae</Unicode>
            </TextEquiv>
        </TextRegion>
    </Page>
</PcGts>
