3436 4448
2048 130 2381 215 —
1497 220 1957 324 box 36/7
155 236 1350 327 1. Panphletsofforints
2621 753 2778 818 Seite 9
1666 757 1975 830 „Die (uelle“
867 759 1145 847 Heft 0 u. 10
188 792 485 872 Heft 0 u. 10
840 880 2824 966 „Frau Berta Garlan“ (1901). Die vier Einakter sähe die Wahrheit ein. Die Wahrheit aber ist,
149 910 512 1011 ereits 22 Bücher
1831 929 2826 1000 daß mir meine Frau treu war — ich schwöre
851 961 1843 1026 „Lebendige Stunden“ (1902) nehmen das
180 977 505 1046 stehende Raum
1829 978 2831 1046 es bei allem, was mir heilig ist, und ich besiegle
850 1003 1835 1072 Künstlertum zum dichterischen Vorwurf und treten
196 1034 505 1095 diese Werke so
1831 1031 2841 1094 es durch meinen Tod. Auch habe ich in vielen
849 1059 1826 1117 vor allem für die hohe Stellung der Dichtkunst
220 1076 522 1139 Seinen sieben
1844 1081 2824 1154 Büchern nachgelesen, die diese schwierige und
847 1101 1824 1169 ein. Die erschütternde Krankenhausstudie „Die
186 1127 504 1201 in diesem Blatte
1842 1141 2832 1193 rätselhafte Materie behandeln, und wenn es auch
833 1152 1821 1220 letzten Masken“ und das geistsprühende Lust¬
172 1175 516 1240 ummer eingehend
1842 1181 2825 1244 Leute gibt, welche die Tatsache an sich bezweifeln,
848 1205 1659 1280 spiel „Literatur“ besitzen Dauerwert.
175 1221 519 1296 r das Schauspiel
1839 1227 2837 1294 so sind doch anderseits Gelehrte von Vedeutung
937 1238 1832 1321 „Dereinsame Weg“ (1903) ist ein Seelen¬
211 1270 521 1338 n er ein später
1838 1288 2828 1342 aufgestanden, die völlig überzeugt sind, und ich
836 1299 1826 1369 drama, wie es nur ein ins Tiefste gehender Dichter
215 1325 516 1393 Die unberührte
1837 1321 2832 1409 gedenke hierselbst Beispiele anzuführen, die jedem
838 1343 1830 1424 schreiben konnte. Es stehen darin die Worte:
294 1370 523 1437 Ehe.“ Die
1838 1382 2838 1458 Unparteiischen als unwidersprechlich erscheinen
854 1394 1827 1457 „Wir führen ja doch nur einen Kampf um unsere
338 1423 513 1488 chüttern¬
1849 1440 2018 1509 müssen.
836 1452 1836 1504 Ki der, von dem Augenblick an, da sie überhaupt
336 1469 521 1529 en Todes
1912 1462 2828 1537 So erzählt Malebranche, daß eine Frau an¬
839 1493 1839 1559 da sind — und einen aussichtslosen obendrein.
327 1515 512 1590 ählich er¬
1841 1534 2824 1589 läßlich der Kanonisationsfeier des heiligen Pius
845 1542 1828 1603 Das liegt im Laufe der Welt, sie können uns ja
340 1568 516 1633 wie die
1848 1590 2833 1635 dessen Bildnis so scharf betrachtete, daß der
849 1587 1826 1654 nicht gehören.“ Die Novellen „Die griechische
368 1620 517 1681 n und
1845 1622 2843 1690 Knabe, den sie bald darauf zur Welt brachte,
841 1645 1838 1707 Tänzerin“ (1904) zeigen den Dichter auf der
403 1665 505 1727 lei“
1838 1679 2832 1742 diesem Heiligen vollkommen glich; — ja sein
845 1683 1837 1762 Höhe novellistischer Kleinkunst, wie das Meister¬
413 1706 520 1774 aus
1850 1714 2833 1799 Antlitz zeigte die müden Züge des Alters, seine
854 1737 1832 1807 werk „Der blinde Geronimo und sein
388 1767 526 1828 n. Die
1848 1766 2841 1839 Arme waren über die Brust gekreuzt, seine Augen
852 1783 1834 1850 Bruder“ und die vorliegende Novelle beweist.
441 1817 525 1878 eine
1845 1830 2835 1887 gen Himmel gerichtet, und zum Überfluß zeigte
854 1836 1832 1903 Das Probiem einer Künstlerehe behandelt die
468 1871 541 1925 in
1941 1868 2845 1938 noch auf seiner Schulter in Gestalt eines
1851 1883 1950 1944 sich
844 1882 1844 1946 Komödie „Zwischenspiel“ (1905). Motive aus
1846 1921 2654 1985 Muttermales die herabhängende Mütze.
845 1930 1835 2003 früheren Werken tauchen in dem Schauspiel „Der
1923 1953 2826 2040 Wem aber diese Erzählung trotz der Autorität
851 1983 1834 2047 Ruf des Lebens“ (1905) auf, das auch eine
1843 2015 2840 2079 des Zeugen, der ein Nachfolger des berühmten
849 2032 1836 2097 reichere Handlung aufweist, aber mit seinen
1851 2078 2821 2135 Philosophen Cartesius war, nicht genügend be¬
845 2097 1842 2153 kranken Menschen zu stark an Ibsen gemahnt.
1850 2112 2832 2183 glaubigt erscheint, dem wird vielleicht Martin
861 2131 1839 2198 „Laßt mich spazieren gehen, Freunde, und mit
1838 2162 2590 2231 Luther als Gewährsmann genügen.
857 2184 1841 2248 Menschen spielen.“ Dieser Spieltrieb findet in
1924 2208 2838 2290 Luther nämlich — so ist in seinen Tischreden
858 2226 1837 2305 den drei Einaktern „Marionetten“ (1906)
2092 2261 2835 2333 — hat in Wittenberg einen Bürger
1853 2268 2101 2346 nachzulesen
857 2285 1400 2366 seinen stärksten Ausdruck.
1846 2312 2824 2371 mit einem Totenkopf gekannt, und es war er¬
931 2312 1841 2401 Der träumende, weiche Stimmungsmensch
1856 2366 2833 2421 wiesen, daß die Mutter dieses bedauernswerten
858 2373 1831 2457 Schnitzler hat die Novellen „Dämmerseelen“
1849 2409 2844 2481 Mannes während ihrer Schwangerschaft durch
861 2423 1838 2504 (1907) geschrieben, die einer geheimnisvollen Ge¬
1851 2465 2840 2540 den Anblick eines Leichnams aufs heftigste erschreckt
864 2471 1837 2549 setzmäßigkeit zustreben. Die Perle des Buches ist
1859 2520 2150 2581 worden war.
859 2535 1837 2587 das „Neue Lied“. — Der Roman „Der Weg
1925 2537 2834 2613 Die Geschichte aber, die mir am wichtigsten
863 2570 1840 2639 ins Freie“ (1908) ist ein Bekenntnisbuch des
1853 2607 2833 2668 erscheint und an der zu zweifeln kein vernünftiger
865 2639 1852 2683 Dichters, eine Beichte, wie er über die Probleme
1861 2650 2843 2719 Anlaß vorliegt, wird von Heliodor in den „Libri
869 2664 1844 2748 seiner Zeit denkt. Die Judenfrage wird hier auf¬
1859 2704 2837 2772 acthiopicorum“ berichtet. Diesem geschi zten Autor
863 2712 1848 2790 gerollt und der Dichter sagt: „Jede Rasse als
1857 2768 2842 2816 nach hat die Königin Persina nach zehnjähriger
866 2768 1846 2848 solche ist natürlich widerwärtig, nur der einzelne
1849 2808 2841 2874 kinderloser Ehe ihrem Gatten, dem Athioperkönig
856 2825 1841 2882 vermag es zuweilen, durch persönliche Vorzüge
1861 2850 2842 2928 Hydaspes, eine weiße Tochter geboren, die sie aus
860 2871 1839 2941 mit den Widerlichkeiten seiner Rasse zu versöhnen.“
1852 2898 2840 2970 Angst vor dem voraussichtlichen Zorn ihres Ge¬
864 2916 1839 2987 Aus Situationskomik und einem glänzenden Dia¬
1856 2957 2850 3016 mahls gleich nach der Geburt aussetzen ließ. Doch
868 2962 1844 3047 log setzt sich die Komödie „Komtesse Mizzi
1855 3001 2857 3065 gab sie ihr einen Gürtel mit, auf dem der wahre
864 3025 1847 3084 oder der Familientag" (1909) zusammen.
1861 3052 2851 3112 Grund des verhängnisvollen Zufalls angegeben
869 3071 1856 3144 „Derjunge Medardus“ ist gelegentlich seiner
502 3105 558 3152 er
1868 3103 2848 3166 war: im Garten des königlichen Palastes, wo
863 3113 1846 3194 Uraufführung am Burgtheater ausführlich be¬
1858 3158 2860 3208 die Königin die Umarmungen ihres schwarzen
861 3157 1858 3239 sprochen worden, so daß hier von einer Analyse
420 3197 570 3257 us. In
1857 3202 2857 3259 Ehegemahls empfing, waren herrliche Marmor¬
273 3206 319 3266 at
870 3212 1853 3286 des im einzelnen ausgezeichneten Werkes abgesehen
455 3242 554 3308 ice“
1874 3261 2856 3315 statuen griechischer Götter und Göttinnen aufge¬
276 3251 382 3306 er Be
858 3274 1178 3352 werden kann.
1878 3292 2856 3369 stellt gewesen, auf die Persina ihre entzückten
247 3278 581 3365 Nenschen in das
201 3346 586 3412 idet. „Das Leben
1876 3354 2349 3422 Blicke gerichtet hatte.
874 3357 1855 3459 Audreas Thameners letzter Prief.
1947 3378 2852 3467 Aber noch weiter geht die Macht des Geistes
235 3395 581 3462 , verkündet der
1873 3440 2863 3510 und nicht nur Abergläubische oder Ungebildete
1091 3442 1640 3529 Von Arthur Schnitzler.*)
209 3448 583 3512 in Seelengemälde
1867 3502 2864 3560 huldigen dieser Anschauung, wie die folgende Ge¬
205 3494 585 3562 ichnet und zugleich
945 3481 1858 3574 Keineswegs kann ich weiterleben. Denn solange
1879 3529 2861 3621 schichte beweist, die sich im Jahre 1637 in Frank¬
203 3543 588 3610 Standesvorurteile
871 3560 1856 3632 ich lebe, würden die Leute höhnen, und niemand
194 3593 569 3657 kutnant Gustl“
1869 3603 2161 3668 reich zutrug.
961 3610 1826 3695 *) Aus „Dämmerseelen“. (Novellen.) Preis Mk. 3.—
188 3642 583 3712 Flackern der Jugend¬
1951 3608 2865 3703 Dortselbst gebar ein Weib nach vierjähriger
884 3672 1859 3750 geb. Mk. 4.—. Fast alle Werke Schnitzlers erschienen im
202 3686 606 3768 zeichnet Schnitzler
1868 3679 2888 3769 Abwesenheit ihres Gatten einen Knaben und
875 3717 1410 3801 Verlage S. Fischer, Berlin.
202 3741 614 3821 der Prachtnovelle
