3436 4448
2101 132 2268 215 —
1496 225 1959 316 box 36/7
159 245 1354 347 1. PanphletsOffarints
2381 703 2546 773 Seite 7
1435 698 1751 780 „Die Quelle“
633 695 916 783 Heft 9 u. 10
1058 834 2152 929 Drei Meisterbilder des „Kunstwark“
1199 917 1993 990 Verlag von G. D. W. Callwer, München.
1328 1008 1408 1118 *
1756 1586 1866 1699 2
1994 1677 2494 1771 5. Hieronpmus Holzschuher.
608 1704 1848 1774 Albrecht Dürer: 1. Selbstporträt. 2. Ritter, Tod und Tenfel.
1023 1788 2199 1888 Korl Schönherr und Arthur Schnitzler.
1273 1880 1942 1966 Zwei österreichische Dramatiker.
1260 1942 1949 2033 Von Josef Karl Ratislav, Wien.
1611 1997 2601 2077 aber ist auch als Dichter Arzt geblieben und er
670 2009 1595 2092 Trotz der fortschreitenden Operettenüberflutung,
1606 2067 2609 2124 hat Bücher geschrieben, die nur ein Arzt schreiben
615 2078 1597 2150 an der Wien in dieser Saison genug zu leiden
1609 2116 2601 2175 konnte, Schönherr verrät — mit einigen Aus¬
610 2126 1597 2199 hatte, ist es doch zwei Bühnen gelungen, mit zwei
1606 2160 2595 2243 nahmen — seinen Beruf nicht in so deutlicher Art.
603 2183 1605 2240 echten Dichterwerken einen unbestrittenen Erfolg
1678 2219 2606 2276 Als Künstler sind beide Dichter gänzlich ver¬
611 2228 1601 2305 zu erringen, der sich weit über die Grenzen des
1614 2251 2607 2322 schieden, ihre Sphären berühren sich nirgends.
611 2276 1611 2344 Reiches hinaus fühlbar machte. Das Deutsche
1620 2321 2604 2374 Eine Gegenüberstellung ihrer letzten großen Werke,
611 2319 1611 2384 Volkstheater hat mit Schönherrs „Glaube
1610 2376 2607 2444 die man in gewisser Hinsicht ganz gut historische
606 2368 1601 2425 und Heimat“, das Burgtheater mit Schnitzlers
1618 2418 2610 2488 Stücke nennen kann, zeigt vielleicht am besten den
613 2425 1605 2496 „Der junge Medardus“ bewiesen, daß auch
1624 2460 2612 2520 Unterschied. Schönherr stellt an einigen wenigen
612 2469 1602 2528 in unserer Zeit ein echt dichterisches Werk noch
1625 2509 2605 2579 Menschen die Tragödie eines Volkes dar, Schnitzler
610 2520 1602 2576 lebensfähig ist. Für beide Dichter sind diese
1616 2556 2610 2629 gibt eine breitangelegte oramatische Historie, die
613 2569 1600 2628 Aufführungen von Bedeutung geworden: ihr
1607 2607 2604 2681 in bunten, lebendigen Bildern mit einer Fülle von
616 2624 1596 2684 Name ist nicht mehr ein unbekannter, sie ge¬
1611 2650 2605 2717 Personen und Geschehnissen an unseren Augen
614 2659 1599 2751 hören zu den Großen der modernen Lite¬
1614 2704 2609 2770 vorüverzieht. Schönherr gibt einen Kampf zwi¬
612 2712 1587 2795 ratur. Beide Dichter entstammen dem vielge¬
1616 2749 2616 2816 schen Glaube und Heimat in wenigen auf das
620 2766 1069 2846 schmähten Österreich.
1615 2802 2615 2857 Außerste zusammengedrängten Akten, Schnitzler
701 2797 1612 2876 Schönherr, der Dichter der „Erde“, 1868
1611 2855 2601 2914 zeichnet einen zwischen Liebe und Pflicht hin= und
621 2860 1606 2934 zu Axams geboren, ist ein Tiroler. Aber er blieh
1611 2898 2616 2976 hertaumelnden Jüngling und findet dabei Zeit
616 2911 1613 2971 nicht ein Heimatskünstler, er wuchs über die Tiroler
1621 2946 2606 3023 genug, eine Unzahl anderer Personen in seiner
620 2963 1612 3027 Berge empor — zu einer ewigen, über Zeit und
1624 3003 2617 3054 trefflichen Weise zu charakterisieren. Beide Dramen
621 3017 1616 3072 Ort stehenden Kunst, die sich am schönsten in
1625 3058 2612 3113 haben einen opernhaften Schluß: in Glaube und
613 3056 1615 3132 „Glaube und Heimat“ erschließt. Schnitzler
1627 3101 2600 3160 Heimat“ zerbricht der wilde Reiter sein Schwert,
618 3121 1608 3179 galt lange Zeit nur als der Meister des erotischen
1613 3156 2608 3204 unter dem Friedensgeläute der Glocken wird
614 3162 1616 3224 Einakters. Wie tief aber gerade er, der 1862 zu
1625 3192 2618 3255 Medardus Klähr erschossen „als dieses Krieges
622 3197 1617 3282 Wien geboren ist, das Wesen Wiens und der
1628 3244 2227 3321 letzter und seltsamster Held“.
626 3255 1609 3314 Wiener erfaßte, wie er seine genaueste Kenntnis
1695 3282 2601 3359 Karl Schönherr ist im Jahre 1895 mit drei
613 3311 1612 3369 dieses so eigenartigen Menschenschlages in Kunst
1615 3346 2607 3406 Büchern hervorgetreten, in denen die derblustige
622 3362 1609 3425 umsetzte, das hat man erst in der letzten Zeit ein¬
1616 3399 2616 3454 Natur des Tirolers vorherrscht und die im Tiroler
621 3399 1613 3467 zusehen begonnen. Schnitzler und Schönherr sind
1615 3436 2612 3506 Dialekt geschrieben sind. Die „Inntaler Schnal¬
625 3450 1605 3521 ihrem Beruf nach Arzte und es ist interessant,
1622 3491 2607 3562 zer“ und die „Tiroler Marterln für ab¬
621 3503 1614 3574 zu verfolgen, wie beide vom Standpunkt des
1619 3531 2614 3595 gestürzte Bergkraxler“ gehören mit der
616 3559 1618 3616 Künstlers aus sich zu ihrem Berufe stellen. Die
618 3621 2612 3668 Figur des Acztes kehrt in ihren Stücken immer, trefflichen Sammlung „Allerhand Kreuzköpf“
624 3648 2626 3728 wieder — besonders oft bei Schnitzler. Dieser zum Besten, was in dieser Art aus Tirol kam.
