3344 4352
647 60 1838 137 e e
101 77 627 155 n de sehenechter de
1835 103 3048 170 geistvollsten Bücher, der (1906 bei S. Fischer in Berlin
625 114 1835 187 Aber auch in den Charakteren dee nier Träger der Hand¬
101 134 630 201 euenderes? Also Dorothy
1844 155 3051 213 erschienenen) Einaktersammlung „Marionetten“ entnommen.
632 169 1838 228 lung finden sich neben den kolportagehaft=romantischen
98 193 623 256 old Faringay. Dieser im
1840 204 3057 266 Von den drei Schauspielen, die in diesem Buche vereinigt
625 216 1838 265 Hauptzügen so viel mit feinem Blicke dem tieferen Innen¬
95 229 630 310 ithisch erscheinende junge
1837 248 3057 317 sind, sind das erste, die Studie „Der Puppenspieler“ und
624 255 1837 318 leben abgelauschte echte Züge, daß im Zuschauer eine ver¬
102 295 628 352 haftes Animierbureau zu
1838 282 3048 370 das dritte, die Burleske „Zum großen Wurstel“ nicht rich¬
627 316 1840 372 ärgerte Stimmung nicht aufkommt, daß vielmehr in ihm
99 333 625 395 führen lassen und hat, als
1843 333 3049 409 tige Marionettenspiele, sondern Dramen für die gewöhn¬
628 364 1831 426 den größeren Teil des Theaterabends ein Gefühl des un¬
111 380 617 452 iß gefordert wurde, drei¬
1833 396 3059 460 liche Schaubühne. Als solche wurden sie auch in Wien schon
630 415 1833 486 gemischten Behagens herrscht. Und seien wir ehrlich! Daß
102 428 628 503 einer Firma veruntreut,
1839 442 3055 504 aufgeführt: den „Puppenspieler“ hat 1904 Jarno und 1906
629 467 1829 516 sich zwei, die eina# er lieb haben, zuletzt fürs Leben be¬
124 482 621 551 genießt. (Das Geschäft¬
1827 502 3050 557 Bassermann verkörpert, und der symbolische Spaß „Zum
612 510 1832 563 kommen, daß ein einmal Gefallener durch seinen Fehl¬
103 528 616 603 ama steht auf sehr schwa¬
1837 546 3050 623 großen Wurstel“ ist ebenfalls 1906 im Lustspieltheater zum
617 560 1833 627 tritt nicht für immer vernichtet, sondern von einer gütigen
120 582 614 653 Defraudation brav bis
1833 597 3039 664 unheimlichen Leben erweckt worden. Wenn diese zwei Ein¬
621 611 1834 683 Hand wieder auf den rechten Weg geleitet wird, daß der
104 633 630 702 chwesterchen Dorothy sind
1837 642 3050 714 akter in einem Marionettenbuch erscheinen, so ist der Titel
624 659 1831 734 Dichter nicht den Tod der schönen Sünderin will, sondern
104 689 617 748 y in aufopferungsvollster
1835 702 3055 772 mit einem bei Schnitzler oft wiederkehrenden Gedanken nur
619 710 1832 786 daß sie lebe und sich bekehre: das freut uns auf der Bühne
116 738 612 805 ersetzt. Darum hat De¬
1836 746 3046 814 metaphorisch gemeint: wir alle gleichen in unserem Tun
629 759 1820 829 stets, wenn es vom Verfasser nur einigermaßen so arran¬
103 776 617 856 ken: ihn zu retten. Nur
1836 796 3043 874 und Leiden so häufig Mationetten, deren Drähte der große
617 804 1833 875 giert wird, daß es sich mit unserem modernen Empfinden
103 829 613 897 d kann bei einer bevor¬
1827 837 3053 899 Unsichtbare lenkt! Und gerade dem Auge des Dichters
617 836 848 928 verträgt!
114 872 620 942 ng entdecken. Thursfield
1832 897 3061 959 Schnitzler stellt sich das Leben gern als ein sellsames Spiel
698 878 1827 960 Als Dorothy debülierte Fräulein Malberg, die sich
114 924 613 992 beim Wintersport etwas
1832 937 3042 1006 dar, dessen Zweck, Verlauf und Ausgang keiner der Mit¬
606 940 1833 1022 im Deutschen Volkstheater langsam zu einem Liebling der
101 975 604 1043 h. sucht seine Bekannt¬
1822 986 3049 1054 tuenden kennt oder gar bestimmen kann. Man denke an den
610 1000 1830 1072 Wiener emporgearbeitet hat. Ihr fehlt der große tragische
110 1025 612 1100 erlobt sich mit ihm. Sie
1832 1044 3045 1112 „Grünen Kakadu“ oder an die „Letzten Masken“. Im be¬
612 1042 1826 1119 Aufschrei, wahrscheinlich auch (im eigenen Leben) die Lei¬
113 1075 610 1150 Bitte abschlagen wird.
1835 1087 3051 1162 sonderen ist „Der Puppenspieler“ ein Dichter, der dei
617 1098 1830 1180 denschaft des Herzens. Aber sie besitzt dafür einen fast voll¬
114 1123 613 1194 neck! — mit einem Ju¬
1823 1136 3049 1213 lieben Gott ins Handwerk pfuscht und sich vermißt, mit
608 1144 1825 1222 wertigen Ersatz: die mertwürdige Gabe, auf dem Theater
120 1170 604 1235 Gresham, verlobt. Aber
1829 1188 3042 1246 Menschenschicksalen zu spielen; in der Burleske des Wurstel¬
614 1198 1821 1275 immer so zu erscheinen, als sei sie aller Leidenschaften des
2794 1231 2849 1266 7
106 1222 602 1293 issen Revision wird Do¬
1832 1238 3049 1307 theaters uber erscheinen auf einer Bühne auf der Bühne Dar¬
605 1249 1831 1311 menschlichen Herzens randvoll und als hindere sie in jedem
127 1271 610 1351 geben. Es handelt sich
1831 1285 3034 1356 steller, die an Drähten zu hängen und Marionetten darzu¬
605 1302 1821 1363 einzelnen Augenblicke nur eine übermenschliche Selbstzucht,
109 1317 615 1401 n nicht zufällig von der
1833 1339 3040 1407 stellen haben. „Der topfere Cassian“ ist das erste und ein¬
605 1350 1822 1423 eine durch hohe Kultur erworbene Bändigung feelischer
109 1375 605 1444 und umgekehrt. So viel
1821 1365 3048 1456 zige wirkliche Puppenspiel, das Schnitzler bisher geschrieben
604 1397 1821 1478 Eruptionen, das Meer ihres Herzens überfließen und aus¬
118 1426 612 1491 Rührkomödien, die gut
1821 1433 3047 1510 hat. Es ist ein entzückendes, ein bezauberndes Spiel. Dieses
602 1449 1822 1514 strömen zu lassen. So sagt diese Künstlerin mit einem
122 1482 605 1541 rzens alle handelnden
1816 1488 3039 1552 freundliche Urteil wird dadurch kaum beeinträchtigt, daß an
598 1495 1825 1576 schlichten Wort, einem leisen Zucken um die Mundwinkel
109 1526 612 1598 kr ersten Aufregung und
1825 1541 3035 1602 gewissen technischen Mängeln zu erkennen ist, daß der Dichter
613 1549 1820 1622 dem Zuschauer oft mehr als eine stelzbeinige Tragödin mit
108 1577 611 1650 ers zutage. Doch schon
1818 1584 3044 1658 da auf einem ihm noch neuen Felde gearbeitet hat. Er mutet
610 1598 1817 1662 zehn Wolterschreien. Fräulein Marberg wurde vom Publi¬
116 1623 612 1697 n englischen Geschichten
1810 1633 3033 1694 nämlich den Püppchen Dinge zu, die ihnen unmöglich sind,
600 1652 1820 1723 kum sehr gefeiert. Als Debütantin durfte sie ja nach altem
116 1674 612 1759 der Autor hinaus will,
1823 1683 3036 1752 und nutzt anderseits die speziellen komischen Möglichkeiten
607 1696 1820 1761 Burgtheaterbrauche vor den Zuscheuern erscheinen, eine
110 1715 610 1797 hr viel Furcht und Mit¬
1823 1734 3040 1802 der Holz= oder Porzellanpuppe nicht voll aus. Eine Ma¬
604 1743 1814 1821 Gunst, die den Hofschauspielern Wiens sonst versagt ist und
118 1779 608 1847 den Jugendfreund gar
1811 1778 3028 1833 rionette kann nicht „betreten", „unruhig“ oder „staunend“
604 1803 1818 1866 die diesmal Herrn Sutro sehr zustatten kam. Neben ihr
125 1834 608 1897 e Selbsttäuschung. Erst
1812 1832 3035 1900 dreinschauen, wie Schnitzler das vorschreibt, sie kann auch
607 1844 1817 1929 bewährten sich Thimig, der in der fein angelegten Ge¬
123 1876 606 1947 evle Spiel wird für sie
1816 1885 3035 1948 nur sehr schwer einen Dukaten in die Westentasche stecken,
601 1894 1811 1969 stalt des sarkastischen Chefs zeigte, daß er an der Hand
111 1931 598 2000 hsel muß demnach ohne
1812 1928 3041 2006 eine Halskrause küssen oder Würfel spielen. Es taugt auch
599 1944 1808 2016 einer tauglichen Rolle sofort aus seiner Erstarrung heraus¬
116 1973 599 2050 im korrekten England)
1810 1978 3033 2062 nicht, sie allzu lyrisch reden zu lassen. Dagegen kann man
594 1981 1810 2065 findet, und — überraschenderweise — Frau Lewinsky,
116 2021 596 2088 h Sutro leicht. Edward
1821 2029 3024 2088 ihr gar nicht genug Gelegenheit für den drastischen
601 2042 1802 2125 die ihre Tante mit gutem Humor gestaltete und die nur
123 2082 599 2143 Blute so roten Edward;
1805 2074 3031 2145 Ausdruck der verschiedenartigsten Gefühle und Stimmungen
599 2092 1815 2160 nicht mehr dadurch lächerlich gemacht werden sollte, daß man
132 2126 596 2195 noch viel großmütiger,
1810 2132 3024 2203 geben. Wo es Schnitzler daran fehlen läßt, da half die Inter¬
608 2144 1809 2227 sie klassische Heroinen spielen und Verse sprechen läßt. Herrn
1817 2178 3034 2253 pretation kräftig nach. Eine rechte Marionettenfigur ist
130 2185 600 2247 rgedacht hat. Er wartet
602 2201 1803 2268 [Paulsens edle Männlichkeit ist in der Figur des Thurs¬
117 2228 607 2298 hhlt den defraudierten
1806 2221 3026 2302 der tapfere Cassian selbst, ein Bramarbas, Eisenfresser,
611 2249 1804 2319 field ziemlich glaubhaft und erträglich. Ganz unmöglich
1810 2278 3023 2327 miles gloriosus. Sein kleiner Vetter Martin, der Stu¬
107 2283 593 2344 Ehr als die Hälfte min¬
600 2297 1804 2366 bleibt nach wie vor der hilflose Herr Frank, dem der
1814 2326 3021 2401 dent, und das Fräulein Sophie, das Cassian im Verlauf
117 2337 607 2401 pthy diesen Edelmut zu
596 2353 1803 2408 Sündenbock Arnold zugesallen war. Die Regie Thimigs
1810 2376 3019 2451 der Handlung dem Martin wegnimmt, sind etwas zu
118 2388 595 2440 viel. Sie fordert von
605 2395 1805 2484 übersah nichts und Leflers Gestaltung des Bühnenbildes
1804 2416 3024 2495 lyrisch ausgefallen. Aber Cassian in seiner phantastischen
125 2423 599 2497 . Walter hat schon ein¬
597 2440 1328 2517 ließ auch keinen Wunsch unerfüllt.
1807 2472 3020 2549 Uniform, Cassian, der schon, als er dreizehn Jahre alt
131 2480 604 2545 i Spekulationsverlusten
673 2500 1796 2565 Einige Tage vor dieser Premiere hat das Burgtheater
1799 2516 3026 2588 war, zwei Räuber totschlug, dem ein menschliches Leben
118 2529 595 2588 den Dieb Arnold nicht
600 2519 1807 2615 die 25. Aufführung des „Jungen Medardus“ feiern
1815 2573 3018 2640 nicht mehr wert ist als das Dasein einer Fliege, der ist
119 2579 602 2651 n zweitausend Pfund
602 2594 1799 2654 können. Es ist darüber geklagt worden, daß der „Medardus“
1807 2626 3030 2693 der wahre Marionettenheld. Man muß nur hören, wie
124 2618 607 2693 nicht; daher muß ich
602 2646 1795 2722 in Wien nicht das Echo gefunden habe, das dem „Odipus“
1806 2671 3019 2746 der tapfere Cassian „mit wenigen Worten“ seine Aben¬
109 2672 599 2751 Das klärt alles: Walter
593 2683 1799 2750 Reinhardts in Berlin beschieden war. Nun — ganz abge¬
1807 2718 3021 2783 teuer schildert, nachdem er „schweren Schrittes“ wie der
134 2726 601 2794 ihn niemals wahrhaft
604 2745 1804 2813 sehen davon, daß eine vom regulären Theaterbetriebe voll¬
1811 2757 3009 2838 steinerne Gast, bei seinem Vetter Martin und dessen süßem
146 2783 603 2849 und strahlend tritt
599 2794 1802 2857 ständig abweichende Aufführung einer griechischen Tragödie
1802 2811 3015 2882 Mädel Sophie eingekehrt ist. „Ich komme aus einer
120 2825 600 2904 ter eben entrüstet fort¬
597 2846 1801 2917 in einem Zirkus vor Tausenden von amphitheatralisch
1808 2865 3017 2944 Schlacht, wo mir zwei Pferde unterm Leib und drei
117 2876 601 2950 einzunehmen. Noch ist
596 2900 1803 2966 gesetzten Zusehern und mit einem mitwirkenden Chore von
1808 2908 3025 2987 Mützen vom Schädel weggeschossen wurden. Des fernern
129 2927 593 3005 vorgeschritten, daß der
602 2952 1799 3018 Hunderten von Statisten schon infolge dieser äußeren, äußer¬
1796 2968 3009 3039 komm' ich aus der Gefangenschaft, wo etliche brave Ka¬
121 2982 597 3047 m sich Dorothy rüstet,
593 3001 1806 3068 lichen Umstände mehr Aufsehen erregen muß als eine in
1808 3014 3018 3068 meraden verhungert und von Ratten aufgefressen worden
120 3037 600 3104 er sich die Sache über¬
595 3051 1736 3107 gewöhnlichem Theaterrahmen ablaufende Vorstellung -
1807 3062 3008 3132 sind. Ferner vom Richtplatz, wo sieben an meiner Seite
124 3081 601 3150 ill, zurückkommen und
596 3099 1796 3165 man wird nicht leicht eine Burgtheaternovität ausfindig
1801 3112 3001 3184 füsiliert und ich mit ihnen für tot in eine Grube gewor¬
125 3133 590 3191 flärt aufeinanderplatzen.
597 3143 1794 3213 machen, der in einer so kurzen Frist (kaum vier Monate
1800 3163 3014 3231 fen wurde, obwohl alle Kugeln an mir vorbeigepfiffen
113 3185 586 3238 lusse des dritten Aktes
588 3191 1791 3250 sind seit der Premiere verstrichen gewesen!) so viele Vor¬
1795 3210 3005 3279 waren. Ferner aus den Krallen eines Geiers, der mich
131 3224 589 3299 tda. Aber Sutro ver¬
598 3245 1798 3318 stellungen gegönnt waren, wenn man überhaupt eine findet.
1793 3260 3006 3313 für Aas hielt, wie die andern, die sich an meiner Seite
135 3272 598 3347 n vierten Akt schweben
596 3292 1790 3358 Was will man da sonst noch für ein Echo? Jede Aufführung
1793 3310 3010 3377 bereit hielten zu verwesen, und der mich aus Bergeshöhe
125 3328 592 3402 lichen Sorge, Edward
588 3345 1798 3413 des „Medardus“ war bisher und ist noch ner ausver¬
1792 3360 3002 3433 auf die Erde herunterfallen ließ, — glücklicherweise, auf
130 3378 590 3443 zu Rhodesias Wasser¬
593 3385 1799 3468 kauft. Essays darüber (über das Werk, sein. Stellung in
1792 3405 3012 3473 einen Heuschober. Ferner aus einem Wald, wo mich ein
130 3424 597 3499 rem und des Autors
585 3433 1804 3497 Schnitzlers Schaffen, seine Inszenierung, seinen Erfolg, seine
1799 3455 3005 3538 paar Kaufleute für ein Gespenst ansahen und mir in
132 3472 596 3554 r Stunde doch noch,
595 3494 1802 3562 historischen Voraussetzungen usw.) sind in Menge geschrie¬
1794 3506 3004 3583 ihrem Schrecken allerlei gutes Zeug und Bargeld zurück¬
146 3529 584 3602 zu überzeugen, und
592 3538 1802 3618 ben worden. In den Rauchtheatern spielte man mehr oder
1786 3543 2994 3611 ließen. Ferner aus einem gar lustigen Haus, wo Kroatin¬
118 3584 579 3646 ch Rhodesia begleiten.
588 3584 1791 3655 minder gelungene Parodien. Herz was willst du noch mehr?
1790 3604 3004 3673 nen und Tscherkessinnen und Spanierinnen meinethalb
131 3628 591 3693 tettung“! Gereitet ist
669 3648 1791 3701 Eins muß der Gerechte Herrn Direktor Berger zu¬
1790 3647 3010 3733 mit den Dolchen aufeinander losgingen und ihre Galaus
119 3682 587 3755 en; gerettet ist ferner
597 3673 1800 3761 gestehen: gearbeitet wird rastlos unter seinem Regiment,
1787 3695 2424 3760 mich umbringen wollten, ..
2406 3710 2994 3772 so daß ich durch den Rauch¬
124 3731 587 3803 hnungslosigkeit einen
598 3747 1798 3814 und in der gleichen Zeit, wie sein Vorgänger, bringt der
1787 3747 2990 3834 fang aufs Dach flüchtete und fünf Stockwerke herunter¬
137 3788 2764 3854 tet ist auch Dorothys neue Mann ungesähr donpelt so piel neue Verstellungen Isprang, ... kur; und auf: ich kemee ans
2912 3812 2974 3863 #
