3392 4352
1561 173 2003 264 box 2772
232 182 1474 295 22. Derjunge-Medandus
717 663 969 740 Dr uue.
744 728 986 827 HUi.
1968 729 2989 828 Ausschnitt aus #eater-Sourier, Berlin
977 700 1617 905 „Huoristieche M“
2445 794 2524 828 —
537 779 708 834 vom:
1969 829 2626 921 vom: 12.HOVENGER1914
753 904 1224 1003 Aus Berlin.
1282 970 1637 1033 (Nachdruck verboten.)
1858 1001 3073 1073 „Der junge Medardus“, dramatische Historie von Arthur
419 1030 1674 1100 Nun hat das Lessingtheater Axtur Schnitzlers personen¬
2191 1053 2684 1125 Schuitler (Erstaufführung).
314 1065 1670 1144 reiche dramatische Historie „Der junge Medardus“ zur Erstauf¬
1928 1083 3064 1150 Lessingtheater. Das Wirken Viktor Barnowskys im
1849 1139 3071 1192 Lessingtheater ist durch drei Aufführungen gekennzeichnet, deren mo¬
326 1151 1656 1221 führung gebracht. Fast fünf Stunden brauchten die 14 Bilder,
1851 1169 3063 1217 numentale Größe jedem, der sie sah, unvergeßlich sein wird: „Peer
325 1174 1665 1256 aus denen der „junge Medardus“ besteht, um zur völligen Ab¬
1857 1221 3067 1262 Gynth“, die Tragödie des nordischen Faust, „Wozzek“, das Erlebnis
326 1237 1659 1305 wicklung zu gelangen. Eine Viertelstunde vor Mitternacht bepackte
1854 1256 3076 1304 eines armen Soldaten und „Der junge Medardus“, die Mission
326 1286 1652 1357 sich das Publikum mit seiner Garderobe. Man hatte hier das selt¬
1839 1294 3071 1373 geines Tyrannentöters. Jede dieser Aufführungen erforderte eine
1858 1347 3068 1392 Riesenarbeit, jeder dieser Abende ließ die Zuschauer Zeit und Ort
336 1324 1665 1406 same Stück mit seinen seltsamen Menschen an sich vorüberziehen
1862 1378 3070 1427 vergessen, entführte sie in das Reich der dramatischen Poesie. Drei
325 1372 1667 1455 lassen, ohne dem Dichter, der in einer Loge saß, sonderlich zu huldigen.
1861 1417 3073 1464 Schauspieler vor allem trugen dazu bei, daß die Erinnerung an die
327 1443 1667 1490 Von 7 bis ¾12. Das ermüdet! Ueber manches Bild hatte sich
1853 1457 3080 1512 Werke nicht verloren gehen kann; Kayßler, der prachtvolle Peer
325 1474 1675 1546 der Vorhang gesenkt, ohne daß sich eine Hand gerührt hätte. Erst.
1866 1490 3072 1543 Gynth, Steinrück, der geniale Wozzek ned Theodor Loos als junger
1855 1519 3078 1583 Medardus. Die Aufführung des Schnitzlerschen Riesenwerkes bot in
331 1518 1668 1602 gegen den Schluß hin war es lauter geworden und nach dem
1842 1565 3076 1625 rzwiefacher Weise eine Überraschung. Einmal zeigte sie uns den
332 1580 1671 1656 letzten Bild konnte Artur Schnitzler auf der Bühne erscheinen.
1844 1622 3075 1661 Wiener Dichter der Psyche als den Dramatiker großen Siiles, zum
1073 1619 1665 1689 Die Leute, die da alle das
1040 1636 1081 1692 *
332 1641 910 1704 Einmal, zweimal, dreimal
1856 1655 3080 1709 zweiten überraschte uns Barnowsky durch seine Inszenierungskunst
337 1665 1675 1745 fremde Zeug, das der Dichter von denen, die in seiner Heimat¬
1850 1703 3077 1738 im großen historischen Drama. Brahm huldigte dem Naturalismus,
1851 1725 3080 1768 Barnowsky stellt sich in den Dienst des neuen Klassizismus; er sucht
335 1724 1684 1785 stadt geboren worden und gestorben sind, erzählte, mitangehört
1858 1757 3074 1825 sich mit Vorliebe diejenigen Werke seiner Hausdichter heraus, die
331 1776 1676 1842 hatten, mußten trotz ihrem Unverständnis fühlen, daß in dem weit¬
1842 1802 3073 1865 Otto Brahm als Apostel des Naturalismus verschmähte. Hier haben
336 1809 1685 1892 läufigen Stück mit seinen 14 Bildern ein starker Dichtergeist, der
1853 1841 3079 1899 wir eine Tragödie großen Stils vor uns, die allerdings nur von
341 1862 1671 1932 Geist Artur Schnitzlers, stecke. Der Romantik haben sich die
1850 1884 3082 1953 großen Bühnen, die sich des Besitzes aller technischen Hilfsmittel
347 1914 1686 1984 Berliner — Gott sei Dank! — lang entfremdet und wenn einer,
1846 1937 3076 1978 rühmen dürfen, gegeben werden kann. Der junge Medardus, ein
1852 1957 3079 2009 Wiener Bürgerssohn ist ein echtes Kind seiner Zeit (1809). Er sehnt
348 1960 1677 2042 der zu seinem Deandl will — und sei es auch eine Prinzessin
1861 1999 3071 2070 sich nach einem kriegerischen, abenteuerlichen Leben. Studium oder
339 2020 1679 2102 v. Valois, zu der er will —, übers Gartenmäuerl kraxelt, das int
1851 2057 3076 2096 gar ein bürgerlicher Beruf flößen ihm Abscheu ein. Als sich Napoleon
1866 2076 3074 2146 seiner Vaterstadt Wien nähert, wirft er voll Begeisterung Bücher
340 2099 1668 2177 der Medardus, oder durch ein Türl, das der Efeu überwuchert,
347 2155 1676 2235 eindringt, das tut der Medardus auch — dann lächelt der Berliner
1809 2181 3024 2250 und Kolleghefte in die Ecke und wird ein frischer, schneidiger Soldat.
336 2206 1677 2271 mitleidig: „Längst überholter Standpunkt, das!“ Und dann der
1804 2251 3024 2303 Jetzt endlich kann er sein unbändig Wesen walten lassen. Fast be¬
337 2276 1687 2319 Medardus selbst! Pathologisch! Kauft und verkauft nichts, handelt
1803 2280 3035 2333 ruhigt läßt ihn seine alte Mutter ziehen. — Hiermit setzt das Drama
345 2304 1680 2371 weder mit Wertpapieren, noch mit Margarine! Existenzberechtigung?
1809 2327 3027 2374 ein. Schon hat Medar’us von allen Abschied genommen, schon will
1810 2358 3029 2407 er zum Bataillon, da trifft ihn wie ein Blitz die Nachricht vom
342 2352 1683 2425 Nich in de Tinte! Ein übergeschnappter Tagedieb, ein Gefühls¬
1805 2393 3029 2461 Selbstmord seiner Schwester Agathe, die mit dem Sohne eines fran¬
339 2409 1674 2466 bummler! Schnitzlers neues Werk war zu schade für die Habitues
1812 2437 3028 2499 zösischen Emigranten, des Herzogs von Valois, verlobt war; unglück¬
339 2463 1672 2515 (jetzt muß man eigentlich Gewohnheitsbesucher sagen) des Lessing¬
1818 2484 3028 2530 liche Liebe irieb die Beiden in den Tod. Medardus will seine
336 2498 1673 2575 theaters. Die Aufführung war nicht schlecht. Ilka Grüning,
1810 2540 3037 2573 Schwester rächen und gedenkt den stolzen Herzog dadurch am tiefsten
1803 2573 3028 2615 zu treffen, doß er seine Tochter, die hochmütige Prinzessin Helene
352 2562 1687 2616 Theodor Loos, Heinz Salfner, Alfred Abel, John Gottowt,
1802 2594 3036 2651 verführt. Er überläßt also einem Freunde seinen Platz im Bataillon
342 2596 1684 2688 Kurt Götz, Max Landa, Lina Lossen und Friedrich Kayßler,
1813 2636 3023 2687 und kennt fortan nur einen Gedanken: Rache. Am Grabe seiner
347 2646 1680 2712 o, eine gute Armee, eine treffliche Armee, nur der Napoleon
1817 2670 3032 2738 Schwester beschimpft er die Prinzessin und wird dadurch zum Duell
1814 2713 3031 2772 gezwungen und verwundet. Es gelingt ihm schließlich, das Herz der
351 2713 493 2793 fehlte
1811 2748 3027 2797 Prinzessin zu rühren; er macht sie seinen Wünschen untertan; schon
468 2729 1690 2809 Im Berliner Theater gab es, was Schanzer, Bernauer
1812 2792 3032 2842 will er ihr vor allen vornehmen Verwandten ihre Schande ins Ge¬
348 2787 1696 2867 und Gordon ersonnen hatten: ein Zeitbild „Extrablätter“ das zuerst
1815 2827 3031 2886 sicht schleudern, da bannt sie ihn durch ihre siegreiche Schönheit; er
350 2843 1684 2922 „Die Soldatenfabrik“ geheißen hatte, sich aber später über polizei¬
1812 2877 3027 2931 stürzt davon und fühlt die Lächerlichkeit seines Auftretens. Er kam,
355 2888 1683 2959 liche Einsprache zu dem unverfänglichen Titel verstehen mußte. Ob
1810 2914 3033 2967 um den Helden zu spielen und wurde zum Hanswurst. Aber lange
1817 2964 3036 3007 hält es ihn nicht in dieser Stimmung; als er erkennt, daß
364 2939 1689 3018 „Extrablätter“, ob „Soldatenfabrik“ das Ding, das ein witziges
1815 2993 3035 3048 Prinzessin Helene ihn als Spielzeug betrachtet und in Ver¬
352 3003 1695 3055 Trisolium ausgesonnen hatte, ist gut und allen Erzeugnissen ver¬
1822 3028 3041 3094 folgung höherer Pläne Napoleons Gunst gewinnt, da vergißt
362 3033 1692 3118 wandter Art weit überlegen. Die Verfasser hatten Gelegenheit, die
2930 3066 3035 3116 Er
1814 3078 2933 3123 er seine Liebe und besinnt sich auf seine Rachemission.
348 3088 1697 3150 Krebsschäden, die der neuesten und man darf wohl sagen übelsten
1817 3110 3044 3159 ersticht Helene, als sie zur Audienz nach Schönbrunn kommt und
1815 3152 3045 3203 wird ergriffen. Als ihm Napoleon die Tore des Kerkers öffnen
351 3136 1693 3200 Art unserer Bühnenliteratur anhaften, kennen zu lernen und sich
1826 3196 3028 3240 will, erkennt er, daß all sein Haß dem Töter seines Liebesglücks,
355 3184 1701 3251 vor ihnen zu hüten. Im Rahmen eines Volksstückes spielt sich in
1827 3221 3035 3280 dem tyrannischen Korsen gilt. Er erklärt sich als Feind des Kaisers,
359 3244 1696 3306 gediegener und geschmackvoller Ausstattung das ab, was wir im
1817 3262 3039 3317 den er töten werde, wo und wann er könne. Fest und entschlossen
365 3285 1688 3356 Laufe der letzten Monate persönlich zu erleben Gelegenheit hatten.
1816 3299 3035 3365 geht er in den Tod, dieses Krieges letzter und seltsamster Held, dessen
1819 3338 3036 3395 eigene Unentschlossenheit und der Wille eines dämonischen Weibes
365 3335 1695 3398 Und in diesem Volksstück macht sich eine Sehnsucht nach Vertiefung
1820 3387 3040 3435 es verhinderten, ein brauchbarer, tüchtiger Mensch zu werden. Erst
355 3391 1700 3443 bemerkbar, die angenehm berührt und einen guten Wechsel auf
1812 3434 3044 3478 im letzten Moment wird er zum Tatmenschen, zum Mann! Sein
364 3432 1695 3499 die Zukunft ziehen läßt Von den willkommenen Hauptstützen der
1822 3458 3036 3509 Ende versöhnt. — Theodor Loos zeichnete ein überzeugendes Bild
366 3479 1708 3548 Meinhard=Bernauer'schen Bühnen hatten Oskar Sabo, Lina
1820 3499 3040 3548 des jungen Helden. Lina Lossen spielte: Helene, die der Durieux
1814 3538 3040 3607 zustand, bemerkenswert temperamentvoll. Ilka Grüning war die
363 3527 1697 3605 Weise, Josefine Dora und die Herren Picha, Lion und Rer
1810 3573 3037 3627 gütige Mutter des Medardus, Heinz Sal er ein braver Handwerks¬
364 3576 1712 3647 alle Hände voll zu tun. Das Publikum zeigte sich verschwenderisch:
1825 3611 3039 3672 meister. Alfred Abel schuf als Karl Etzelt eine Art zweiten Bracken¬
359 3647 1707 3686 es überschüttete die Dichter mit Beifall, es klatschte den Darstellexn
1818 3656 3040 3714 burg. Den Herzog von Valois umgab Max Landa mit den Allüren
357 3697 1722 3745 zu und verhätschelte die Komponisten der hübschen Coupletsgedie
1817 3692 3044 3748 eines Grandseigneurs. Markig und imponierend sprach Kayßler die
1385 3720 1663 3801 Le4 He#r.
1817 3736 3073 3805 wenige: Worte des Generals Rapp! Die übrigen Darsteller waren
364 3734 1036 3812 Kollo und Bredschneider heißen.
1821 3782 2266 3848 mit Hingabe am Werke.
2304 3800 2784 3877 Johann Gottfri#d
