3392 4352
1794 386 3156 497 Darlteller nicht! Kritik und Publikinn, Freunde des Dichters
448 397 1799 522 in der Burg kumm einen hinreillenden, betörenden Redner,
1804 456 3147 553 und Freunde des Burgtheaters waren darüber einig, dalt
442 484 1802 570 aber wir haben zwanzig Schaulpieler, die den Wiener
1796 516 3152 601 Herr Geralch nicht warm, nicht innerlich, nicht Rimmnungs¬
450 554 1099 650 Dialekt licher beherrichen.
1799 581 3152 671 reich genug war. Dieler junge Mann bliekt immner paus¬
549 568 1805 691 Noch ein underes Arqmment lpricht für die Aufführung
1804 640 3157 715 backig-frilch ins Leben, aber wie lein rundliches Gelicht
443 658 1799 740 des =Medarduse. Der Dichter hat hier ein Alt-Wiener
1801 694 3153 784 keiner leelilchen Verdülterung fähig, ilt, lo ilt leine haltige,
447 714 1803 808 Bilderbuch angelegt. Man lieht die Balteien von Alt¬
1814 752 3170 839 überltürzende Sprechweile keiner leelllchen Modulation
455 765 1802 854 Wien, das Glacis, das Schönbrunner Schloß, eine Alt¬
1807 830 3166 902 fühig. Ein paar Tage vorher lprach er den Toren in
452 844 1808 921 Wiener Buchhandlung, ein Wirtshaus an der Donau. Nur
1815 888 3151 961 Hoffmannsthals lyrilchem Gedicht =Der Tor und der
450 891 1809 970 allein das Dekorative dieles Dramas musfte die Wiener
1819 946 3165 1012 Tode; aber wie unlyrilch, wie ungefühlt, wie leer! Der
460 946 1816 1045 locken und lo kam es, daß Baron Berger, der die Maler
1811 992 3164 1079 junge Medardus braucht nun wirklich einen Darlteller, dem
450 1006 1823 1101 wieder aus ihrer Vorherrichaft verdrängen wollte, das
1821 1054 3153 1129 man die Überfülle des Seelilchen glaubt. Es ilt ein kom¬
457 1065 1817 1167 größte Bühnen-Bilderbuch lchaffen mußfte, das man leit
1811 1101 3159 1191 plizierter Charakter, in dem Weichheit und Härte, heroilche
453 1135 1809 1215 Jahren im Burgtheater gelehen. Die Macht des Malers
1821 1171 3157 1250 Tapferkeit und Liebhaberichwäche, ein Kind und ein Held,
458 1199 1815 1268 auf der Bühne hängt eben innig zulammen mit der
1824 1249 3166 1314 ein Anbeter und ein Krieger in Einem wohnen lollen.
461 1238 1817 1348 Schwäche der Dichter und Darlteller. Ein Theater, das
1826 1277 3155 1374 Der junge Medardus loll in den Krieg gegen Nupolcon
461 1296 1823 1386 arm an Poeten und noch ärmer an großen Schaulpielern
1820 1347 3169 1429 ziehen, er litzt mit leinen Kameraden im Wirtshaus und
457 1375 1823 1450 ilt, muß, ob es will oder nicht, mit der Hilfe des Malers
1831 1405 3163 1490 lingt die kecksten Kriegslieder — da wird die Leiche leiner
469 1415 1825 1509 rechnen. Es ilt ganz charakteriltilch, daß Reinhardt in dem
1828 1462 3163 1542 Schweiter hereingetragen, die mit dem Prinzen Valols
469 1483 1821 1564 Maße, als lich leine Schaulpielertruppe verbellerte und
1814 1510 3170 1605 ins Waller gegangen ist. Sofort beichließt Medardiss, nicht
470 1544 1833 1627 vertiefte, von den großen Ausltattungsprinzipien ab- zur
1823 1581 3169 1661 in den Krieg zu ziehen. Soleher Stimmmungswechlel wirkt
474 1610 1829 1683 ltililierten Dekoration zurückkehrte. Baron Berger mag in
1829 1641 3161 1721 fan lächerlich, wenn der Darkteller nicht das heißle Bruder¬
469 1659 1822 1753 leinen Büchern die Austreibung des dekorativen Malers
1819 1690 3172 1780 gefühl des Medardus darzultellen vermag. Dann lpinnt
474 1726 1820 1808 predigen. Das gelchwächte, verarmte Enlemble des Burg¬
1824 1749 3163 1840 Medardus die Beziehung mit der Prinzessin von Valois an;
477 1798 1642 1881 theaters zwingt ihn, beim Maler Hilfe zu luchen.
1831 1821 3176 1894 lie Toll leine Geliebte werden, damit er lie vor aller Welt
567 1816 1827 1917 Eine einzige große Rolle ilt in dielem Stücke: der
463 1867 3174 2001 junge Medardus. Das Burgtheater hatte dielen einen preisgeben kann. Das ist lchon vom Dichter ein bischen
2091 2182 2262 2306 9
1839 3772 2120 3903 W
1451 3733 1742 3913 1
2252 3836 2306 3899 8
2756 3856 2835 3906 0
2272 3876 2353 3923 Pae
2647 3929 2911 4010 SR
1749 3937 2590 4013 ne
2213 3966 2264 4000 1200
1586 3948 1730 4070 4
2822 3985 3181 4097 Mhhe unde
2516 4051 2744 4146 Herr Deutsch
2017 4061 2286 4154 Frl. Obermaier
1509 4056 1747 4166 Frl. Dectjen
950 4079 1172 4158 Herr Groli
541 4105 1713 4209 „Das Puppenmädelz im Theater des Wellens 7 Berlin
