3344 4320
971 201 1110 269 Moc
250 201 1489 285 22 bernardus
750 1673 1531 1776 Hamburger Fremdenblatt
759 1786 1059 1897 Hamburg
913 1892 1290 1977 27. Okt 1914
1127 2129 1437 2209 Theater,
897 2216 1700 2286 Kunst und Wissenschaft.
1025 2323 1576 2408 Berliner Theater.
995 2390 1582 2474 „Der junge Medardus“.
814 2443 1755 2516 Dramatische Historie von Arthur Schnitzler.
936 2500 1626 2563 Erstaufführung im Lessing=Theater.
1250 2539 1728 2613 Berlin, 25. Oktober.
903 2584 1754 2654 Schnitzlers junger Medardus ist schon
808 2642 1755 2688 ein ziemlich altes Stua und hat auch innerlich
829 2683 1762 2729 nichts Jugendliches, obwohl sehr junge Menschen¬
823 2717 1765 2766 kinder im Mittelpunkt stehen. Aber es spielt auf
812 2757 1761 2811 dem Hintergrunde einer Kriegszeit, in Wien
819 2792 1769 2849 vor der Schlacht bei Aspern, es kommen Sol¬
823 2842 1758 2894 daten auf die Bühne, es wird vom Kriege ge¬
828 2874 1763 2927 redet, sogar recht viel geredet, und zum Schluß
822 2918 1758 2970 dreht es sich um Napoleon, — also dachte das
831 2950 1770 3002 Lessing=Theater nicht ganz ohne Grund, dies
827 2991 1777 3047 sei die Zeit für solch ein Stück, das solange“
826 3036 1767 3081 im verschwiegenen Dunkel geblieben, und es
823 3063 1776 3118 sei trotz allem bedankt, denn schließlich ist Ar¬
823 3108 1773 3153 thur Schnitzler doch einer der Wenigen, die
824 3140 1780 3204 selbst zwischen den Schlachten gehört zu werden
823 3187 1064 3252 verdienen.
915 3216 1772 3282 „Dramatische Historie“ sollte doch bedeuten:
830 3274 1755 3327 Schauspiel auf geschichtlichem Hintergrund;
821 3311 1782 3366 warum also nicht einfach „Schauspiel“? Lessing
1570 200 2009 287 box 27/2
1771 1329 2720 1386 hat sich für seine „Minna“ doch mit „Lustspiel“
1769 1372 2724 1415 begnügt. Diese Kleinigkeit nur nebenbei; mir
1785 1414 2723 1457 sind alle gespreizte Benennungen durchaus zu¬
1776 1445 1931 1511 wider.
1852 1497 2725 1549 Der junge Medardus ist nichts weiter als
1782 1530 2717 1580 ein junger Wiener Bürgersohn, der auf den
1781 1576 2719 1623 Namen Medardus hört, und seine Erlebnisse
1777 1612 2727 1655 sind zwar sehr bewegt, aber keineswegs hoch¬
1781 1648 2731 1708 dramatisch, aus dem bösen Grunde, weil uns
1780 1694 2720 1738 dieser junge Medardus sehr gleichgültig ja
1781 1727 2725 1777 eigentlich ganz fremd bleibt. Wir hören Worte,
1779 1764 2728 1814 wir fühlen keine Seele. Seine Schwester, auch
1779 1799 2727 1854 nur eine Schattengestalt, ist von einem fran¬
2587 1839 2719 1892 durch
1784 1839 2588 1892 zösischen Prinzen von Valois, einem der
2599 1884 2718 1927 ver¬
1790 1880 2588 1932 die Revolution nach Wien versprengten,
1792 1915 2728 1967 führt und geht mit ihm in die Donau, was
1782 1959 2720 2010 mir für einen französischen Verbannungsprinzen
1784 1997 2730 2050 reichlich unglaubhaft erscheint. Medardus schlägt
1778 2038 2722 2083 sich mit dem Brautigam der Schwester des
1781 2071 2719 2126 toten Prinzen, eine sehr weitläufige Rache,
1789 2109 2731 2163 und er verführt alsdann, trotz seiner bedenk¬
1784 2151 2749 2203 lichen Brustwunde, die Schwester des Prinzen
1793 2192 2729 2241 aber nicht aus Rache sondern mehr aus Ver¬
1785 2214 2725 2276 liebtheit. Zum Schluß gibt es einen von der
1792 2269 2726 2313 Prinzessin gewollten, aber nicht ausgeführten
1787 2305 2728 2345 Mordangriff gegen Napoleon und ein hochauf¬
1784 2345 2728 2394 gebauschtes, aber innerlich gewaltsames Ende.
1798 2382 2728 2425 Nein, dies ist kein Drama einer Seele, sondern
1783 2423 2721 2468 höchstens ein Stück mit einer wildbewegten,
1785 2458 2723 2508 aber schon darum nicht wahrhaft dramatischen
1785 2490 2732 2547 Handlung, weil uns nicht ein Mensch darin
1791 2540 2720 2586 näher ans Herz rückt. Man wird den Gedanken
1779 2577 2723 2636 nicht los: Es ist Krieg, des jungen Medardus
1794 2619 2718 2663 Vaterland ist in Gefahr, er hat auch schon
1792 2654 2722 2705 das Kriegsgewand an; aber er zieht nicht in
1793 2692 2720 2731 den Kampf fürs bedrohte Vaterland, sondern
1792 2733 2643 2772 bringt das lange, lange, bis Mitternacht
1794 2769 2724 2811 von 7 Uhr ab — währende Stück damit zu,
1792 2806 2730 2854 seinen eigenen ganz unkriegerischen Abenteuern
1782 2846 2055 2909 nachzugehen.
2340 2844 2690 2916 Eduard Engel.
