3344 4256
382 103 1309 156 können es nicht unterlassen, unsere Meinung auch
383 150 1325 207 darüber zu äußern, und zwar deshalb, weil es
380 200 1334 254 jeden guten Patrioten wahrhaft schmerzen muß,
372 249 1324 316 im k. k. Hofburgtheater eine für nus Oesterreicher
373 298 1333 352 der schmerzlichsten Episoden wiedererweckt zu sehen,
378 347 1328 418 die, wenn auch ein Jahrhundert darüber hin¬
374 398 1324 471 gerauscht, doch heute noch immer zu wenig ver¬
370 449 1322 520 gessen und vernarbt ist, um nicht bei der leifesten
378 504 1320 559 Berührung aufs neue wieder zu schmerzen und zu
387 550 1335 606 binten. Wer immer diese Schnitzlersche Komödie
379 607 1325 661 Längenommen und für das Burgtheater reif ge¬
377 652 1333 707 halten hat, hat sich damit, gelinde gesagt, kein
382 700 1332 757 Verdienst erworben. Der unhistorische Teil mit all
326 752 1332 812 seinen Fälschungen von Tatsachen vermag über das
337 805 1339 862 Hauptsujet nicht hinwegzutäuschen: „Napoleon in
328 848 1326 924 Schönbrunn“, der Korse als Diktator, der Welt¬
334 909 1338 972 eroberer in all seiner Größe und Macht im Herzen des
329 948 1331 1008 Reiches, in Wien. Wie dankbar wäre man, wenn
333 998 1333 1065 diese Zeit der tiefsten Demütigung aus der Geschichte
322 1061 1332 1109 =Oesterreichs für immer ausgelöscht werden könnte
384 1099 1340 1177 doch niemand kann es, niemand wird es wagen,
331 1161 1329 1214 kommenden Geschlechtern diese traurige Tatsache zu
322 1196 1335 1265 entstellen oder zu beschönigen. Und weil dem so ist,
327 1250 1344 1327 so war es höchst überflüssig, aus einer der traurigsten
321 1303 1338 1369 Begebenheiten ein Theaterstück zu zimmern, in
327 1358 1335 1413 welchem der Antor das biedere Wiener Volk von
332 1394 1334 1455 anno 1809 im Schloßhof von Schönbrunn, in jener
329 1465 1338 1520 historischen Sommerresidenz, die nun seit Jahren
324 1503 1333 1556 unserem vielgeliebten Kaiser als Lieblingsaufenthalt
336 1550 1351 1608 dient, mit volltönenden Stimmen rufen läßt: „Hoch
326 1653 1328 1716 Kaiser Napoleon“. Also auch diese Huldigung,
328 1701 1343 1771 die noch sehr anzuzweifeln wäre, ob sie wirklich von
321 1739 1338 1819 unseren Wienern geleistet worden ist, mußte zur
319 1793 1336 1856 Hebung der dramatischen Historie im k. k. Burg¬
316 1855 1331 1902 #theater anno 1910 gehört werden. Niemandem wird
317 1903 1338 1973 es einfallen, die Größe Napoleons herabsetzen zu
325 1949 1338 2000 wollen, doch taktlos ist es auf jeden Fall, die, wenn
320 2016 1331 2069 auch nur kurz währende Franzosenwirtschaft in Wien
327 2045 1328 2122 zu einem Unterhaltungsobjekt zu machen. Wenige
316 2114 1335 2175 kehren nach einer fünfstündigen Sitzung befriedigt
327 2157 1327 2211 aus dem Burgtheater heim. Niemand kommt auf
318 2197 1317 2275 seine Rechnung, und wer da glaubt, sich zu unter¬
314 2258 1333 2302 halten oder zu belehren, kommt am schlechtesten weg.
316 2304 1333 2369 denn Artur Schnitzlers Historie wimmelt ja von
311 2349 1330 2423 Unrichtigkeiten. Er gebraucht unter anderem für seine
316 2395 1331 2460 Pikanterien Namen, die zur Zeit Napoleons längst
315 2457 1298 2538 von der Erdfläche verschwunden waren. So ließ er —
312 2507 1262 2574 die armen Valois wiedererstehen, um nur herum¬
309 2556 1261 2627 residierenden Kronprätendenten eins am Zeug
318 2610 1260 2681 flicken zu können. — Wie dem auch immer sei,
315 2650 1269 2726 eines hat die lange Komödie doch für sich, eine
313 2700 1265 2782 Revne fast aller Burgschauspieler, das war wirk¬
309 2754 1251 2810 lich interessant! Aber welche traurige Wahr¬
311 2806 1253 2875 nehmung gewährte es, den Nachwuchs des Burg¬
313 2857 1265 2918 #theaters hier en bloc beisammen zu sehen! Wie
317 2911 1259 2969 erqnicklich war hingegen das 9. Bild: Salon
315 2963 1262 3025 im Schloß, einige Mitglieder der Familie
308 3008 1265 3066 Valois vereint zu sehen. Herr Hartmann,
314 3058 1260 3117 jeder Zoll ein Herzog in Sprache und Gebärde,
307 3110 1259 3166 Herr Devrient als Marquis von Valois vor¬
311 3160 1259 3226 nehm vom Scheitel bis zur Sohle, und Herr
311 3202 1267 3278 Reimers als General Rapp korrekt und edel
315 3247 1247 3328 in jeder Bewegung, mit jedem Wort. Nur Fräu¬
309 3307 1260 3366 lein Wohlgemuth als Prinzessin Kokotte
301 3365 1253 3414 paßt nicht in dieses prächtige Ensemble, denn sie
305 3409 1246 3473 war weder Prinzessin noch Kokotte. Eine Prin¬
303 3456 1250 3528 zessin, noch dazu eine französische, darzustellen,
302 3519 1252 3580 dafür hat sie weder Exterieur noch die Manieren,
311 3558 1246 3621 und geradezu lächerlich wirkte sie in den Szeuen
308 3612 1246 3670 mit dem jungen Medardus, dem Herr Gerasch
313 3661 1259 3717 weder in Spiel noch in Gestalt gewachsen ist
301 3714 1257 3761 und es wohl sehr verfehlt war, ihm diese große
308 3759 1254 3832 und tragende Rolle zuzuweisen. Vorzüglich wie
302 3804 1250 3876 immer war Frau Bleibtren, und besonders
299 3858 1251 3919 hervorzuheben sind die Herren Treßler und
304 3914 1252 3975 Balajthy. Die Ausstattung ist brillaut und
298 3957 1076 4034 der szenische Apparat ganz vorzüglich.
2482 750 2888 850 Telephon 12.801.
2579 839 2736 939 4
1914 883 2676 989 „ODSENVER
1763 973 2860 1054 I. österr. beh. konz. Unternehmen für Zeitungs¬
1973 1021 2660 1096 Ausschnitte und Bibliographie.
1942 1067 2712 1171 Wien, I., Conoordiaplatz 4.
2155 1135 2485 1216 Vertretungen
1766 1194 2864 1284 in Berlin, Brüssel, Budapest, Chicago, Cleveland, Christiania,
1764 1226 2854 1313 Genf, Kopenhagen, London, Madrid, Mailand, Minneapolis,
1768 1267 2859 1356 New-Vork, Paris, Rom, San Francisco, Stockholm, St. Peters¬
2163 1317 2457 1376 burg, Toronto.
2104 1350 2512 1429 #vollenangabe ohne Gewähr.)
1755 1394 2152 1478 Ausschnitt aus:
2158 1421 2911 1536 BERLINER TAGBLAT
1956 1479 2275 1593 20062. 1910
1759 1510 1944 1580 vom:
2920 1679 3319 1756 worden. Die Vorsich
1933 1653 2684 1786 Der neue Schönherr.
2926 1731 3290 1804 Papsttums verfolgt,
2244 1763 2357 1837 Von
2927 1771 3301 1838 Welt verborgen.
1669 1677 1944 1896 hndl
2509 1765 2905 1860 (Nachdruck verboten.]
2933 1813 3274 1885 und verwiesen,
2008 1816 2596 1898 Stefan Grossmann (Wien).
2931 1851 3212 1915 Gebieter an
3203 1867 3309 1926 sich,
1719 1869 2926 1968 Ich entsinne mich nicht, seit Jahren ähnliche Huldigungen für
2921 1896 3309 1970 wurden Zillertaler
1666 1896 2916 2002 einen Dichter mit angesehen zu haben wie dieser Tage im Deutschen
2972 1950 3322 2010 Diese „Tragödie ei
1665 1968 2909 2044 Volkstheater bei der ersten Aufführung der Bauerntragödie „Glaube
2916 1978 3329 2053 fünf Gestalten zu repr
1673 2008 2906 2081 und Heimat." Obwohl Karl Schönherr ein stolz isolierter
2923 2033 3318 2089 Jahr lang sein evange
1661 2043 2909 2121 Poet ist!. Er trägt weder die Punze „Jungwien“ noch ist
2916 2068 3325 2132 sohn, der unwillkürlig
1666 2095 2909 2171 er ein landläufiger Freiheitsdichter, er journalistelt nicht, und
2918 2117 3316 2178 katholisch bleibt und z
1675 2126 2913 2212 selbst seine Tiroler Landsmannschaft steht nicht hinter ihm,
2921 2160 3320 2219 schaften der Vertriebe
1667 2177 2898 2244 denn er schillert weder ins Schwarze, noch ins Schwarzrotgoldene.
2918 2198 3320 2266 Format, ein einziger ka
1675 2216 2906 2293 Triviale Lieblichkeit, bourgeoise Versöhnlichkeit liegen diesem strengen
2914 2243 3331 2302 geschwungenem Schwer#
1663 2257 2897 2343 Kopf gleich fern, er wirbt nicht weibisch um die Gunst des
2908 2284 3322 2351 hätte die Legionen de
1667 2297 2902 2383 Publikums, wie Arne Garborg sagte, er arbeitet für einen Einzigen,
2907 2317 3320 2389 gebracht, wie sie mit
1672 2338 2899 2441 für Karl Schönherr. Der Mann, der allein steht, war wieder einmal
2909 2367 3312 2431 katholisch erzwingen
1664 2379 1920 2444 der Stärkste.
2904 2408 3324 2469 Krieger in die Mitte d
1722 2420 2889 2511 „Glaube und Heimat“ ist Karl Schönherrs Meisterstück. Wir
2900 2458 3326 2517 hinter dem Einen das
1656 2455 2896 2568 wußten's, da wir's lasen. Wahrscheinlich ist es knapp vor
2907 2500 3316 2556 Zelotenschar, die Schwer
1655 2519 2901 2581 Jahresschluß herausgebracht, damit es mit dem Grillparzer¬
2910 2544 3331 2606 indem sie die Leiber ze
1659 2559 2898 2625 preis gekrönt werde. Viel Werke stehen da nicht in Konkurrenz.
2952 2584 3328 2649 Ohne den leisesteng
1653 2606 2888 2673 ##n lleicht noch Schnitzlers „Medardus“, um nur von den Oester¬
2908 2622 3303 2682 sentimental=männliche
1654 2647 2889 2723 reichern zu reden. Aber wie viel tiefer, erlebter, gedrungener ist
2896 2667 3318 2727 Heimatsthema variiert
1655 2682 2883 2773 Schönherrs Tragödie! Der „Medardus“ ist eine kunstreiche Schnitzlerei,
2898 2713 3328 2767 noch von den vertrie
1646 2748 2884 2817 „Glaube und Heimat“ ist ein in Erz gegossenes Werk. Auch die Schön¬
2894 2748 3320 2820 das Straßentrapperl un
1652 2767 2881 2854 herrliche Tragödie ist, wie der „Medardus“ ein historisches Drama,
2889 2790 3330 2858 besorgen sich Paß und
1648 2805 2883 2895 aber freilich Schönherr steht der Tiroler Geschichte nicht gleichmütig,
2897 2836 3317 2890 geboren wird, weiß, wer
1634 2854 2880 2932 psychologisch=witzelnd gegenüber, die Vergangenheit wird ihm, so wie
2898 2880 3319 2938 die Szeue: Auch Eltern
1644 2894 2871 2972 er sich in sie versenkt, brennend gegenwärtig, der Urväter Schicksal
2885 2917 3320 2977 andere Variation: Der
1639 2928 2882 3027 wird als eigenes empfunden. ... Glaube oder Heimat? Das ist
2881 2958 3322 3024 keiten aufgepackt. Da hä
1640 2974 2872 3052 das starke einfache Gerüst dieser Dichtung. Tiroler Bauern werden
2891 3002 3324 3063 und ein Vogelhäusel draß
1639 3016 2874 3097 — in der Gegenreformation — vom angestammten Boden vertrieben,
2883 3040 3320 3110 Das spielende Kind will
1636 3052 2868 3135 weil sie den evangelischen Glauben nicht abschwören. Prachtvoll ist die
2877 3086 3199 3144 lich machen...
1640 3098 2869 3187 Verwachsenheit mit dem eigenen Grund gezeichnet, dieses Jahr¬
2931 3128 3328 3187 Die Tragödie steigt b
1638 3149 2871 3222 hunderte alte Gemeinschaftsleben mit jedem Stück Leinen, mit jedem
2874 3159 3318 3233 soll aus dem „Dreig'spa
1627 3190 2857 3261 Birnbaum, mit jeder Truhe, mit dem Acker, den schon der Urahn
2884 3215 3308 3279 weil ja die jungen See
1634 3223 2867 3307 bearbeitet. Selbst Anzengruber hat doch eigentlich stets nur den
2884 3259 3317 3315 werden. Der Leichtfü
1631 3266 2868 3367 Sonntag= und Wirtshausbauern dargestellt; den erdschweren Arbeits¬
2877 3300 3314 3358 Mühlbach. Dort ersch
1630 3311 2423 3382 bauern hat Schönherr als Erster gestaltet.
2868 3340 3316 3403 liert der Rottbauer alle
1682 3360 2870 3434 In diesen Dickschäbeln ist einmal, durch ein Wunder, das kein
2875 3382 3324 3449 fäusten preßt er den R
1624 3397 3322 3490 Geschichtsforscher erklären kann, ein Lichtlein angezündet worden, um dem Verderber seines
1620 3441 3311 3550 Diese konsorvativsten Köpfe sind durch die Reformation revolutioniert) doch, ehe er den Todesst
