3344 4256
958 113 1008 180 M
217 107 1384 220 22. Denjungedardus
727 408 1337 553 SSE.KVEN“
879 540 1516 631 Unternehnen für Zeitungs¬
786 588 1301 675 fte und Bibliographie.
739 635 1353 728 #Conoordiaplatz 4.
817 699 1128 777 Vertretungen
403 747 1506 841 in Berlh.-#ndsel, Budapest, Chicago, Cleveland, Christiania,
411 800 1505 863 Genf, Kofenhagen, London, Madric, Mailand, Minncapolls,
410 834 1509 926 New-Vork, Paris, Rom, San Francisco, Stockholm, St. Peters¬
802 877 1108 931 burg, Toronto.
758 916 1156 980 #gelienengabe ohne Gewähr.)
396 965 790 1051 Ausschnitt nus
761 1005 1567 1112 nesische Zeitung, Berlis
401 1019 938 1193 -AAMAtT
330 1213 949 1291 am 30. Junaur
369 1278 1548 1339 „Die vertauschte Braut.“ München, 21. Januar. (Eig.
331 1315 1531 1366 Drahtber.) Dig' Urghfführung der Operette „Die vertauschte Braut“.
338 1366 1544 1408 fand im Musscheyer Gärtyerblatz=Theater infolge guter Dar¬
340 1408 1549 1467 stellung „Kemtschen Beifall. Ohwohl, die Musik Alfred Zamarad
332 1439 748 1497 #enig Origineltgo Z#
786 1429 1551 1485 Jund dse „Tettdichter, abgesehen von
335 1485 1550 1536 einem- Flieger, der cit einent Eindecker durch die Luft segelt, mit
341 1519 1538 1596 den ältesten Mitteln gearbeitet haben. Komponist und Text¬
330 1553 1074 1614 fabrikanten konnten mehrfach erscheinen.
376 1602 1553 1653 „Lanväl“ im Burgtheater. Wien, 20. Januar. (Eig. Mitt.)
340 1639 1535 1674 Indessen Schnitzler ausverkaufte Häuser macht (mit dem „Medardus“.
332 1668 1538 1729 in der Burg, mit „Anatol“ im Volkstheater) und der preisgekrönte
332 1726 1545 1771 Schönherr das Wunder verwirklicht, daß ausnahmsweise sogar
332 1758 1539 1806 Seltenes — seine Tragödie eines Volkes: Glaube und Heimat —
332 1789 1537 1836 in die Mode kommt, sucht Baron Berger begreiflicherweise nach
326 1832 1541 1876 Neuem und Neuestem, das mir freilich in Stuckens Drama
825 1874 1551 1924 sein scheint: Der Ritter zwischen
326 1857 810 1927 „Laupal“ Uraltes zu
333 1911 1548 1963 zwei Frauen: der Nixe und dem Tugendspiegel. Lanval wird
325 1947 1545 1992 von der Nichte des Konigs Artus maßlos geliebt, und er
323 1982 1552 2039 würde diese Neigung allmählich erwidern, wenn ihn nicht unver¬
330 2030 1550 2074 sehens — just bei einem keuschen Stelldichein in Lianors — eine
332 2059 1544 2107 Schwanenjungfrau berücken würde. Der Bund mit der Zaubermaid
334 2104 1547 2152 bringt wildes Ausrafen, dem keine Dauer beschieden sein kann. Nur
329 2148 1541 2199 vermag, wer im Venusberg gewesen und hieße er statt Tannhäuser
332 2187 1552 2235 Lauval — die Seligkeiten himmlischer Treue nicht mehr zu begreifen,
331 2223 1546 2269 geschweige zu schmecken. Lanval, der beim Turnier alle besiegt,
335 2266 1530 2300 weist Artus' Nichte zurück. Aufs äußerste gereizt, offenbart er
320 2298 1554 2344 den Grund seiner Weigerung: in tannhäuserischem Preis
1321 2340 1549 2393 Schwanen¬
336 2338 1049 2395 seiner einzigen Königin Minne.
333 2375 1544 2433 jungfrau aber auch verheißen, seinem Ruf überallhin zu folgen:
330 2419 1547 2472 dem Verzweifelnden, der beeidigt hat, daß sie, die schönste, selbst die
326 2466 1543 2514 Königin durch ihren Reiz beschämende Frau seiner Wahl gewesen,
325 2492 1542 2541 zeigt sie sich nicht, als er sie vor der versammelten Ritterschaft, dem
334 2528 1559 2582 Hof und der Tafelrunde beschwört, zu erscheinen. Als Meineldiger
336 2574 1544 2619 soll er gerichtet werden. Da erbarmt sich Lianors in unbegrenzter Liebe
329 2618 1543 2660 seiner: sie will eine Scheinehe mit ihm eingehen. Überwältigt von
335 2655 1541 2702 solcher Opferbereitschaft lästert Lanval die treulose Schwauenjungfrau
338 2692 1550 2741 als Trugbild, Hirngespinst. Im Sonnenglanz des Turniertages
328 2727 1548 2767 hat sich die Valandinne nicht gezeigt: beim tiaurigen Hochzeitsmahl
334 2769 1543 2823 taucht die Schwanenjungfran nach Lanvals Treubruch auf; als
335 2802 1546 2856 richtige Zauberkünstlerin läßt sie nach Donnerschlag und Verdunkelung
339 2846 1547 2894 zuerst ihren weichen Fuß in den Lüften tanzen; hernach „stellt“ sie sich
331 2878 1531 2916 dem wahnwitzig weiterschmähenden Lanval als „schwarzer Ritter“
340 2954 1543 3009 totsticht, um seinerseits von dem rachsüchtigen Agravain, dem nächsten
341 2998 1552 3062 Blutsverwanoten Lianors, totgestochen zu werden. Unwillkürlich
334 3035 1549 3076 gemahnte dieser Ausgang in der Nacherzählung an Nestroysche Paro¬
341 3070 1559 3126 dien. Die Künstlergaben Stuckens (Sinn für phantastische Bilder
335 3116 1552 3164 und gehäufte ritterstückmäßige Steigerungen) sollen damit nicht ge¬
339 3149 1545 3199 leugnet oder herabgesetzt werden. Ein — allerdings nicht begeistertes,
330 3193 1550 3242 nur wahrheitsgemätes Buchen seiner außergewöhnlichen Reim¬
338 3233 1552 3276 fertigkeit sei gleichfalls nicht unterlassen. Überzengt hat (wie schor der
332 3270 1545 3319 Drahtbericht über die Ur=Aufführung meldete) „Lanval“ trotzalledem
331 3303 1543 3348 die Mehrheit der Burgtbeater=Besucher nicht. Es hat nicht an Hervorrufen
336 3341 1554 3392 für Stucken gefehlt: zumal die regelrechte laute Ohrfeige mit dem Eisen¬
332 3389 1544 3438 handschuh, durch die Lanväl am Schlusse des zweiten Aktes gezwungen
338 3429 1553 3483 wird, sich ungeachtet aller vorher der Schwanenjungfrau gegebenen
343 3458 1543 3500 Schwüre bei Artus Turnier einzufinden, erweckte noch lauteren Wider¬
331 3497 1541 3559 hall in der Hörerschaft, vornehmlich der höheren Ränge. Im
332 3540 1540 3589 ganzen werden die anstreugenden schauspielerischen Aufgaben (Lanväl
331 3576 1545 3617 Gerasch, Schwanenjungfrau Orloff, Lianors Medelsky, Agravain
342 3615 1543 3676 „Devrient), so hingebend sie angefaßt wurden, schwerlich den
337 3656 1542 3692 Künstlern und den Burgtheaterkassen so viel Lohn bringen als der
347 3695 1538 3745 „Medardus“ der übrigens auch nicht für alle Zukunft sich ein¬
341 3727 1409 3778 wurzeln wird. Man kann verschiedener Meinung darüber ###
334 3763 1561 3818 Werke wie Lauväl versucht werden sollen oder nicht? Dauernden
332 3807 1160 3847 Gewinn bedeuten sie nicht für den Spielplan.
373 3837 1373 3901 Der Ausstand der Wiener Böhnenarbeiter hat
347 3873 562 3930 1.11
968 3845 1519 3940 Wastere #%# unan 24 „IDL.
1554 110 2005 197 box 26/7
2624 1136 3017 1237 Telephon 12.801.
2072 1284 2823 1380 JOSSLNVEN
1923 1367 3004 1446 1. österr. bei konz. Unternehmen für Zeitungs¬
2109 1403 2793 1481 Ausschnitte und Bibliographie.
2081 1453 2855 1555 Wien, I., Concordiaplatz 4.
2305 1525 2643 1602 Vertretungen
1916 1568 2997 1654 n Berlin, Brüssel, Budapest, Chicago, Cleveland, Christiania,
1907 1632 3004 1688 Genf, Kopenhagen, London. Madrid, Mailand, Minneapolis,
1908 1666 2995 1733 Tiew-Vork, Paris, Rom, San Francisco, Stockholm, St. Peters¬
2298 1703 2603 1759 burg, Toronto.
2273 1722 2652 1804 Gtellenang ebe ohne Gewähr.
1900 1795 2314 1863 Ausschnitt aus:
2039 1848 2345 1950 Frei
1910 1913 2120 2006 vom1
2302 1926 2992 2020 örsen Ceurier, Borlin
2345 2001 2799 2090 Morgenansgabe
2008 2104 2722 2194 inter den Kulissen.
1909 2167 2904 2229 Unser Wiener Korrespondent schreibt uns be¬
1867 2232 2917 2289 züglich des geplanten Gastspiels der Burgtheater¬
1867 2257 2911 2328 Künstlerschaft in Berlin: Arthur Schnitzlers
1861 2296 2893 2372 schlagkräftiges Drama „Der junge-M#
1870 2343 3016 2435 das im Burgtheater eine alle Erwartungen über-#X
1864 2377 2379 2441 treffende Zugkraft ausübt
2490 2388 2908 2449 e bisherigen 17 Auf¬
1876 2424 2906 2490 führungen fanden bei ausverkauften Häusern statt und
1860 2472 2919 2531 brachten eine Einnahme von mehr als 100,000 Kronen
1908 2515 2904 2558 = wird möglicherweise dem Berliner Publi¬
1862 2551 2825 2592 kum auf dem eigenartigen Umwege über das —
1863 2590 2897 2648 Burgtheater vorgeführt werden. Ursprünglich
1854 2633 2889 2678 sollte „Der junge Medardus“ vom Deutschen
1859 2670 2905 2721 Theater aufgeführt werden; die Verhandlungen
1858 2712 2904 2753 scheiterten jedoch an einer vom Dichter als unerfüllbar
1855 2749 2901 2821 bezeichneten Bedingung, die Direktor Reinhardt stellte.
1862 2801 2897 2842 Nun ist — wie ich vernehme — in Kreisen des Burg¬
1841 2823 2590 2887 theaters der Plan aufgetauch“,
2588 2837 2809 2896 während
1864 2874 2909 2939 Sommerserien ein, natürlich privaten Charakter
1851 2920 2925 2977 tragendes Ensemble=Gastspiel von Mitgliedern des
1856 2961 2901 3017 Burgtheaters in Berlin und München zu ver¬
1860 3003 2897 3061 anstalten. Zur Realisierung dieses Planes, welchem
1862 3037 2887 3101 Schnitzler sympatisch gegenübersteht, wäre allerdings
1850 3063 2892 3146 die leihweise Ueberlassung der Dekorationen sowie der
1830 3105 2856 3169 Kostüme durch die Hoftheater=Intendanz erforderlich.
1905 3159 2891 3222 Wie verlautet, würde beim Zustandekommen dieses
1849 3204 2888 3262 Planes, Hofschauspieler Konrad Löwe, der bereits eine
1850 3237 2917 3307 Reihe von Gastspielen mit Burgtheater=Ensembles
1850 3292 2793 3353 erfolgreich geleitet hat, die Führung übernehmen.
