3392 4384
1041 182 1155 254 Me
315 176 1491 308 22. Der junge dardus
1642 189 2093 295 box 27/4
879 893 1012 972 120
2732 914 2991 1003 Rundschau.
903 1016 2998 1117 Gesellschaftsverhältnisse, welche wirklich bestehen Unsicherheit der Wertungen, den Zwiespalt zwischen
919 1080 1931 1149 — nicht nur in Wien — und deren Schwächen und
1940 1094 3001 1176 Absicht und Tat, Tat und Wirkung vorgeführt.
871 1130 1932 1193 Ernsthaftigkeiten hat der Dichter in dieser psycholo¬
1941 1146 2653 1220 Aber er hat nicht Partei ergriffen.
864 1186 1928 1262 gischen Tragikomödie auf die Bühne gestellt; die
2631 1176 2962 1284 F. Matras.
861 1268 1163 1376 Theater.
1126 1369 1636 1452 Prager Schauspiel II.
1939 1372 2982 1462 bar, was der Faust dem deutschen Volke ist, „der
898 1431 1920 1512 Wie rühmenswert die Aufführung des ganzen
1939 1435 2992 1508 Deutsche atmete einmal wieder auf in erlaubtem
873 1495 1910 1548 „Faust“ nach Wilbrandts Bearbeitung am Kgl.
1936 1490 2989 1569 Selbstgefühl, er sagte sich mit Stolz: das Alles liegt
874 1538 1914 1621 Deutschen Landestheater war, ist hier schon kurz mit¬
1929 1535 2995 1590 in Deinem Volk und also auch in Dir“. „Was ist es
871 1580 1205 1645 geteilt worden.
1935 1585 2977 1641 nun wohl, was uns Alle ohne Unterschied so allge¬
909 1616 1921 1704 Am 29. August 1829 wurde der erste Teil des Faust
1931 1630 2982 1711 waltig an den Faust fesselt? . . das Gedicht hat
864 1681 1909 1735 zur Feier von Goethes 80. Geburtstage zum ersten¬
2015 1680 2980 1757 ebenso großen Reiz für die Massen, wie für die
864 1734 1922 1783 mal in Weimar aufgeführt, nachdem schon mehrmals
1932 1740 2980 1785 gebildeten Klassen. Es ist ganz einfach, so simpel das
860 1782 1918 1846 (1810, 1814, 1828) von verschiedenen Seiten an ver¬
1935 1785 2977 1832 klingen mag, die unvergleichliche, wahrhaft einzige
863 1823 1926 1880 schiedenen Orten Ansätze — zum Teil mit Willen
1930 1834 2975 1908 Darstellung des Mittelalters, die jedermann, auf
1929 1881 2551 1946 jedem Standpunkt, hinreißt
860 1871 1910 1939 des Dichters — zu Aufführungen sowie auch die Ur¬
855 1935 1905 2005 aufführung zu Braunschweig am 19. Januar 1829,
1972 1917 2981 1996 Die Sehnsucht nach einem Festspielhause wird
855 1967 1913 2029 von Direktor August Klingemann geleitet, stattge¬
1917 1975 2985 2050 mächtig, wenn wir ausschauen nach der Möglichkeit
862 2021 1902 2097 funden hatte. Der Dichter selbst hat des öftern ge¬
1924 2036 2975 2099 einer der Vollendung nahe kommenden Darstellung
859 2073 1904 2130 sagt, daß er bei der Arbeit niemals an eine Auf¬
1915 2083 2975 2128 der Himmel, Erde und Hölle umspannenden Dich¬
854 2114 1907 2187 führung gedacht habe, „daß es ein mißliches Unter¬
1924 2127 2969 2198 tung. Selbst an den berufensten Stätten, dem Burg¬
844 2160 1905 2243 nehmen sei, ihn aufzuführen; auch darin, wie in
1916 2173 2984 2230 theater zu Wien und dem Reinhardtschen Musentem¬
861 2226 1904 2295 vielen anderen Beziehungen bilde der erste Teil einen
1920 2230 2976 2279 pel zu Berlin, wo alle Mittel, vor allem Zeit und Geld,
855 2270 1905 2334 Gegensatz zum zweiten, da dieser geradezu für die
1915 2278 2979 2344 in Hülle und Fülle vorhanden waren und sind, ist
853 2330 1909 2390 Bühne gedichtet sei.“) Nach einigem Sträuben hat
1916 2326 2969 2381 eine solche Darstellung nach dem Urteile der Wissen¬
853 2365 1893 2440 er den Weimarer Freunden seine Einwilligung ge¬
1918 2363 2966 2439 den nicht zu verzeichnen. Aber, wenn man nach
850 2418 1913 2477 geben, ja er hat sogar tätig Anteil genommen an dem
1924 2423 2982 2499 Bayreuths Muster die geeignetsten Kräfte zu monate¬
855 2472 1903 2522 Zustandekommen der Aufführung, der er aber selbst
1920 2463 2973 2538 langer Vorbereitung, die durch nichts gestört wird,
849 2503 1907 2568 nicht beiwohnte. Die große Rolle, welche nach des
1924 2526 2977 2577 zusammenrufen könnte, dürfte man hoffen, zum
1919 2573 2535 2627 Faust wallfahren zu können.
853 2562 1901 2637 Dichters Wunsch die Musik dabei spielen sollte, be¬
850 2616 1908 2671 weisen die erhaltenen Zusätze, die von Chören bei
1957 2610 2961 2676 Bedenkt man nun die tausenderlei Schwierig¬
850 2669 1898 2731 bedeutenden Augenblicken — Kontrakt Faustens mit
1920 2656 2958 2731 keiten, so erscheint die Leistung unseres Prager Schau¬
851 2711 1904 2791 Mephisto, und am Schluß des ersten Teiles (mehr
1908 2700 2974 2780 spieles in noch viel hellerem Lichte. Nur ist gegen die
849 2753 1892 2834 war damals nicht bekannt!) mit Posaunen — ge¬
1911 2755 2967 2831 Wilbrandt'sche Fassung mancherlei einzuwenden.
845 2812 1890 2882 sungen wurden. Seine Abneigung gegen die Auf¬
1909 2817 2962 2879 Die Zueignung und das Vorspiel auf dem Theater
1909 2856 2973 2928 bilden in ihr mit dem Vorspiel im Himmel und den
841 2867 1892 2926 führung hat Goethe aber trotz alledem nicht aufge¬
844 2911 1897 2974 geben. Kein Wunder, wenn wir die Kürzungen und
1916 2915 2974 2970 Szenen bis einschließlich der Hexenküche den ersten
839 2962 1890 3024 Verwässerungen, die man damals für nötig hielt,
1911 2963 2956 3012 Abend. Das Vorspiel auf dem Theater ist zweifellos
1913 3013 2959 3077 reizvoll, die Verbindung mit der als Monolog des
835 2996 1904 3078 kennen lernen. Auch die Darsteller würden ihm wohl
1906 3069 2964 3128 Dichters gesprochenen Zueignung ist eine Geschmacks¬
844 3050 1894 3118 nicht genügt haben, was Marianne von Willemer
1913 3098 2963 3170 entgleisung (vielleicht war sie das für das Gefühl
840 3106 1896 3168 in einem Briefe an Goethe aussprach: „Faust und
833 3159 1894 3232 Gretchen! Wer darf sie spielen, und sagen: das sind
1900 3156 2955 3209 früherer Jahrzehnte nicht) — beides sollte doch fallen
835 3199 957 3268 sie!“
1901 3199 2956 3258 gelassen und mit dem Himmel angefangen werden.
890 3232 1894 3306 Als Hebbel in Wien den Faust sieht, schreibt er:
1909 3255 2965 3320 Es gibt ja Bühneneinrichtungen, die den Faust in
1901 3308 2951 3355 zwei Abende einteilen. Der erste Teil, die Gretchen¬
838 3303 1899 3362 „Auf eine Kritik der Darstellung will ich mich nicht
1903 3352 2956 3421 tragödie, ist freilich sehr umfangreich — man greift
832 3359 1887 3420 einlassen, denn der Faust ist kaum eine Probe für den
839 3396 1894 3462 mimischen Künstler, er spielt sich teils von selbst und
1905 3404 2958 3466 oft zu dem Auskunftsmittel von Kürzungen, die
841 3438 1891 3511 ist zum Teil garnicht zu spielen.“ In demselben Auf¬
1897 3452 2939 3494 Walpurgisnacht fällt ihm gewöhnlich zum Opfer —
846 3502 1883 3568 satz (Wiener Reichs=Ztg. 1849) umschreibt er wunder¬
1904 3494 2952 3565 aber, wenn man den Beginn auf 6 Uhr festsetzt, was
1894 3549 2950 3606 man bei Wagner häufig tut, würde man doch nicht
905 3557 1890 3624 1) Dr. H. G. Gräf „Goethes Anteil an der ersten
1903 3599 2951 3665 allzu spät schließen. Übrigens hält die Spannkraft
832 3583 1893 3687 Faust=Aufführung in Weimar“. Weimar. H. Böhlaus Nach¬
832 3645 1113 3710 folger. 1904.
1897 3647 2968 3727 des Publikums gewiß aus; ich entsinne mich einer
