3344 4256
1543 224 1981 334 box 26/5
189 234 1370 344 22. DejungeMedandus
399 1301 2789 1444 ernsten wirtschaftlichen und finanzieuen drten Wunne „.. Iinungunnistel getan, und er hat sich bessen
388 1370 3288 1506 darauf gespannt sein, in welcher Weise der Finanzminister berühmt, auch noch zu einer Zeit, wo der schwere Fehler, wurden, vor der Gefahr ei
382 1423 1575 1507 zu der tatsächlich vorhandenen Geldnot Stellung nehmen
1563 1453 3299 1587 den er begangen hat, schon offenkundig war. Als dann nicht inzwischen die Bege
501 1557 1125 1644 Unsere heutige Nummer enthält:
1550 1585 3296 1695 lichen Ziel. Er will die tragische Konsequenz ziehen aus legen will, um sie an der
386 1583 1305 1713 Seite 9: Sonntagsbriefe vom Schottenring.
383 1658 938 1729 Seite 11: „Frauenspiegel.“
1558 1654 3300 1737 all dem, heroisch sterben. Da hemmt eine Kaprice des hindern sie schmiedet aus
1570 1702 3300 1804 Schicksals seinen Weg: die Tat, für die er büßen will, jenen Plänen die Realisie
392 1716 1567 1822 underlangt eingesendeie Pamnstrivienerden nicht mracgeschtet, and dam mich,
447 1775 1512 1831 wenn Rückporto beiliegt. Es ist daher notwendig, Kopien zurückzubehalten.
1555 1751 3296 1860 erweist sich als eine zufällig lobenswerte Tat, und die Medardus ist ein elastisch
894 1812 1099 1864 Peen
1556 1800 3269 1907 Gnade des großmütigen Gegners macht die edle Todes= Hindernissen, an die er
1555 1850 3294 1962 bereitschaft des Medardus illusorisch. Jetzt mag aber der gerichtet wird. Die Prinzc
338 1820 552 1966 Jr
720 1847 1267 1985 Feuilleton.
1557 1898 3299 2023 Jüngling nicht mehr um das wohlverdiente Heroen=oberer=Natur, die zu ihrem
1560 1948 2713 2039 Schicksal betrogen sein. Er hat es satt, sich sein Heldentum
1204 1957 1541 2054 (Nachdruck verboten.)
2713 1979 3293 2058 ob sie durch einen großen I
326 1955 636 2072 Ma##,
1536 1995 3265 2110 neuerdings pervertieren zu lassen, besteht auf dem, nun Glück hindurch muß. Auch si
782 1992 1181 2096 Burgtheater.
1542 2050 3244 2144 einmal rite erworbenen, großen Abgang. Man füsiliert was sie ist; aber dies i
378 2055 1559 2172 („Der junge Medardus“, eine dramatische Historie von Artur
1546 2092 3300 2197 ihn, da er nicht sein Wort verpfänden will, weitere Mord= Forberungen, auf die Logi#
821 2114 1163 2199 Schnitzler.)
1530 2122 3297 2241 pläne gegen den Kaiser Napoleon aufzugeben. In der empfängt den Geliebten und
478 2167 3308 2303 Eine sehr große, mit hisigeischen Bildchen bunt Linie des Medardus=Schicksals läge es, daß man nun, Tag jedoch findet er die Tü
366 2192 3291 2342 bemalte äußerste Hülle. In ihr fest eingewickelt: ein nach des Jünglings Heldentod, davon erführe, Napoleon losgekoppelt. (Weil sie jetzt
372 2258 3295 2338 Theaterstück, eine starke Komödie voll Spannung, Konflikt, sei einen Tag früher von einem anderen ermordet worden, Thron Frankreichs erstrebend
378 2317 3301 2390 Ueberspannung. In dieses Theaterstück gebettet: eine und der ganze Aufwand an Charaktergröße überflüssig nicht schuldlos, denn sie spic
367 2362 1552 2439 balladeske Dichtung von Helden, Tod und Liebe. Und im
1534 2383 1746 2470 gewesen.
360 2414 1560 2494 Innersten dieser Dichtung: ein kleines, schüchtern=modernes
2698 2420 3304 2494 dem Medardus und versagt
1650 2439 3298 2543 Medardus ist einer, der fortwährend um seinen Rechnung des Moments hine
371 2472 1552 2541 psychologisches Drama von den Edelmenschen, die an ihrem
1542 2471 3296 2592 ungeheuren Euergie=Verbrauch geprellt wird. In der Luft aus dem Gleichgewicht und 1#
373 2504 1539 2609 ethischen Ten erament, an ihren fanatischen Herzens=Rein¬
1531 2539 3285 2643 gewissermaßen fängt des Schicksals Hand die Kugeln aus ihre Pläne so logisch=absurd
361 2550 923 2637 lichkeiten zugrunde gehen.
1529 2591 2714 2674 Medardus' Büchse ab und gibt ihnen ein anderes Ziel.
483 2608 1541 2706 Betrachten wir die vier Schichten des Schnitzlerschen
2796 2611 3289 2697 Man sieht, der psycholog
1541 2634 3298 2743 Daß er kein Kompromiß schließen kann, ist seine Tragik. Dramas ist nicht uninteressch
362 2627 1179 2738 Riesenspektakels von innen nach außen.
1523 2680 3303 2790 Scheinbar ist er schwankend und haltens. Aber nur deshalb, Weniger bemerkenswert schein
472 2708 3302 2840 Den Kern, das psychologische Drama: Der junge weil er das, was er eben ist, ganz und ausschließlich sein Schichte des Schauspiels: di
352 2735 3296 2878 Medardus hegt einen großen Willen. Aber auf dem Weg muß. Nur Rächer oder nur Liebender oder nur Befreier Helden, Tod und Liebe. Zweic
359 2822 2703 2918 vom Entschluß zur Tat wird ihm dieser Wille regelmäßig oder nur Märtyrer eines großen Gedankens. Das je¬
2689 2856 3299 2931 Das Pathos des alten Dumas
351 2851 2694 2917 verfälscht. Wird abgelenkt von seiner Richtung. Medardus weilige Ziel hypnotisiert ihn. Er ist ein Unbedingter,
2678 2906 3306 2991 Schiller. Das ergibt ein unktc
361 2903 3304 3034 will fürs Vaterland ins Feld ziehen. Da schwemmt ihm ein schrankenlos Hingegebener, ein leidenschaftlicher Unter= dem wenig spiegelnde Kraft zu
353 2946 3301 3019 die Donau seine tote Schwester vor die Füße. Er will die tan dem Gefühl oder dem Gedanken, die gerade sein Herzogs von Valois herr
356 2990 3300 3119 Schwester rächen. Da kommt ihm die Liebe überquer. Er Herz und Hirn beherrschen. Medardus' Partnerin, die schöne Grandezza des Tuns und Reder
347 3045 3299 3120 will seiner Liebe leben. Da tritt die Notwendigkeit, Held, Prinzessin von Valois, ist schon aus anderem Stoff. Verfahren, dessen sich die Drei
368 3100 3286 3222 Rächer, Befreier zu sein, an seine Seele heran. Er willj Ist stärker. Auch ihren Weg verstellt die Liebe. Aber hätten. Im Rhytmus eines
116 3141 341 3231 ntenegriner
374 3147 3275 3214 Held, Rächer, Befreier sein, da stiehlt ihm neuerdings die Prinzessin geht mitten durch sie hindurch, ganz man miteinander. Was für
122 3212 342 3287 nun auch,
359 3198 3293 3330 das Gespenst der Liebe alle Euergie aus den Nerven, shingegeben und doch ganz Herrin ihrer selbst. Ja, sie Jüngling, Marquis, und ich bis
129 3264 331 3328 haben u
355 3246 3286 3311 lenkt den schon gezückten Dolch ab von seinem ursprüng=lschmiedet sogar aus den Fesseln, die das Schicksal ihr an= abends im Garten erscheint, sa
111 3310 349 3378 vorgeschrie
113 3358 348 3434 solcher Knie
1522 3349 2708 3477 Ansere heutige Nummer ist 16 Seiten stark.
111 3406 353 3475 Pffiziere ha
111 3453 345 3526 die Distink.
107 3498 343 3573 nd ganz gi
119 3556 350 3615 die Farbe
127 3602 354 3670 erschrecken
126 3639 349 3713 das „Kön
115 3694 354 3759 ßte Feind
122 3722 1550 3874 foße Lücken .. gekohnten Rußschalen in dieser Zeit der künstlichen Schnurrbärte nichts
352 3810 1548 3927 Außergewöhnliches war, um anderen Regimentern nicht nachzustehen.
103 3829 1539 3979 beiten von Das jetzt in Wien garnisonierende Insanterieregiment Nr. 24 hatte
118 3902 1532 4011 uim hat allen einmal sogar zwei echte Mohren in seiner Regimentsmusik, wurd
114 3954 1526 4056 Schriften zu aber doch durch die Marinemusik ausgestochen, die durch einige Jahr
111 3998 1521 4111 dnungen des gar sechs Afrikaner im Stande führte, die ein k. k. Kriegsschiff, hal
121 4053 1510 4166 2. sich mit verhungert in einem Kanoe auf hoher See treibend, geborgen hatt
114 4086 1510 4232 litischen In¬ Dieses Kanoe — ein Einbaum — wird noch heute im Marinemusen
124 4133 727 4240 periodischen in Pola aufbewahrt.
108 4191 380 4280 licht werden,
