3392 4256
1581 98 2011 191 box 26/7
263 85 1441 226 22. Derjunge-Medandus
1620 1218 3367 1321 1 Franz Keim lebe, der auch vor irgendeinem ... igsten Geburtstag! läufig: man darf nicht da
610 1157 1637 1363 Prokellor Berger.=
1634 1267 3362 1361 stehe. Viele deutf gesinnte Gymnasialprofessoren wissen, daß 1 Professor, das wienerische
1633 1323 3365 1404 Franz Keim der bedentendste Dramatiker in, den Sanktl nur ein Beispiel. Ein Vi
932 1337 1092 1393 Von
1211 1328 1620 1424 (Nachdruck verboten.]
1625 1371 3338 1444 Pölten bis heute erzeugte. Baron Berger, dessen Faible Kriegszeiten, Kanonen, 1
384 1349 1252 1451 „EDTSP Stefan Grossmann.
1628 1416 2768 1466 Geburts= und Gedenktage sind, fütrte sogleich die
2862 1418 3365 1492 Inun Schnitzler mit zartei
422 1416 1643 1506 Alfied Freiherr v. Berger war Universitätsprofessor. Ich sehe es
1638 1452 3358 1520 Jahrzehnten nicht gegebene Tragödie „Die Spinnerin am Kreuz“] Straßenneugier sich seil
377 1461 1632 1543 noch vor mir, wie dor massive, breit und hoch angelegte Mann über
1625 1472 2883 1567 von Keim auf. Eine deutschgefinnte Schriftstellerv reinigung von
2868 1515 3360 1565 die Wiener bleiben auf de
371 1513 1644 1590 das Katheder wanderte, von rechts nach links und zurück, und daber
1634 1541 2877 1600 intellektuellen St. Pöltnern zollte dem vaterländischen Sinn des
2861 1547 3364 1616 wenn ein Schusterbub ja
383 1570 477 1619 in
462 1569 1646 1610 einem wirklich eindringlichen Plauderion die Shakespeare¬
1630 1578 2884 1651 Direktors tiefemp undenen Beifall. Das Publikum blieb teil¬
2860 1593 3367 1656 näherung an eine Hündi
379 1614 1637 1674 legenden interpretierte. Wir jungen Hörer, die den jetzigen Burg¬
1635 1624 3348 1698 nahmslos. Dann wurde, ganz im Sinne des Kleinen Hand=I wiener auf die Bastei. Die
376 1643 1645 1721 theaterdirektor mit so bewußter Sicherheit vor uns brillieren saben,
1633 1665 2881 1730 buchs der österreichischen Dramaturgie, Bauernfelds verstaubter
2867 1682 3351 1744 Haffer stehen im Wege. E
375 1688 1629 1754 schwuren darauf, daß dieser mehr blendende Planderer zum Theater
1626 1720 2873 1768 „Landfrieden“ abgebürstet und blank geputzt, und bald feierte dann
2860 1721 3363 1790 die Bastei räumen. Viele
381 1735 1643 1807 oder ins Feulleton gehöre. Nun regiert er beinahe ein Jahr schonf
1627 1752 2882 1815 das Burgtheater schon wieder einen Gedenktag: Roderich Venedix“
2862 1773 3350 1820 „Soldatenspieleret“ fliege
373 1782 1646 1851 das Burgtheater und es wird immer deu licher, wie eminent
1628 1790 3355 1867 hundertstes Wiegenfest wurde mit der Neuinszenierung eines Lustspiels] raunzenden Gasser abgesch
380 1821 1634 1878 professoral seine Begabung ist. Seine Tätigkeit ist, wie ich
1631 1835 3340 1882 festlich begangen. Man sieht wohl: Jahrestage, — die verflurten Professor Berger läßt
376 1860 1630 1944 schon einmal schrieb, die notwendige Dorarbeit für, ein theater¬
1621 1878 3345 1951 Zahlen, die wir uns im Gymnasium einbläuen mußten — werden der Bastei slanieren.
383 1905 1408 1982 geschichtliches Werk über das Burgtheater von 1910 bis.
1620 1919 3366 2005 ##en Wienern von Herin Professor Berger mit Premierennachdruck] Herumstehen, dieses lee
433 1929 1635 2019 Tort wird man lesen, daß Vaion Berger mit einer Neu¬
1625 1957 3357 2036 ins Gedächtnis geprägt. Da alle Jahre vier, fünf Leute siebzig.Wort: der Wiener Aufla#
382 1979 1625 2044 inszenierung von Grillparzers „Sappho“ seine Tatigkeit be¬
1627 2003 3355 2076 achtzig oder hundert Jahre alt werden, ist der Spielplan des Burg=l dargestellt. Ein akademisch
380 2031 1627 2104 gonnen, einer Aufführung. die infolge der Teilnaymslosigkeit der
1630 2045 2877 2113 theaters fürs nächste Jahrzehnt unschwer auszuarbeiten. Julius
2864 2054 3361 2127 Dies ist ein Exempel für
377 2062 1461 2127 Wiener freilich schnell wieder vom Spielplan verschwand.
1616 2077 2878 2151 [Grosse. Franz Nissel, Friedrich Halm werden ihre Gedenk¬
2915 2106 3359 2169 Die zweite Tat fürs G
429 2117 3362 2154 Kein Oesterreicher wird es je wagen, zu brusen, ob Grillparzers abende erhalten. Endlich! Das einzige, was bei diesen Erinne= schwächste von den drei
368 2141 1626 2223 griechische Gestalten vielleicht doch nicht aus weißem Marmor,
1630 2172 2792 2229 rungsfesten fehlt, ist die Festrede des Herrn Barons.
2857 2184 3332 2243 Reishardt „Gawan“ 1
379 2204 2872 2286 sondern aus noch viel glatterem Stearin geschaffen wurden.j sollte über ein Podium auf der Bühne wandern, von rechts nach
2863 2223 3352 2287 mutig und entdeckt den L
370 2241 2874 2314 Wir haben in unserer Wener Ecke von altersher das Bedurfuis inks, von links nach rechts, die Hände auf der breiten Hinterseite.
2864 2274 3361 2332 die Hamburger Jahre Berg##
366 2278 2870 2362 nach unseremn eigenen Goethe und Leising, wir wollen unsere eigene Zum Gluck können wir den Vortrag am Gedenttag wenigstens in der
2860 2313 3352 2373 in die Heimat, verfolgt ha
381 2326 2171 2384 wienerische Antike und unsere wienerisch=hamburgische Dramalurgie! „Neuen Freien Presse“ lesen.
2857 2354 3361 2414 Conrage anwandeln werden
378 2366 550 2432 haben.
1655 2385 3364 2457 Inzwischen ist J#eph Lainz gestorben, Sonnenthal noch nicht ersetzt, des Burgtheaterruhms zu #e
413 2420 2873 2455 Nach der „Sappho“ kam Calderons „Leben, ein Traum“, Baumeister kann kaum mehr spirlen, Freisich: wir haben
2858 2435 3358 2496 gedruckten Anmerkungen der
367 2453 3359 2543 den die Freunde aus der Leogesellschaft auch in der schmählichen eine schöne Kainzleier gehabt! Aber, ware nicht eigentlich der Professoren einzuheim
366 2501 3362 2583 Uebersetzung Schreyvogels willig hinnahmen. Das Publikum freilich s irgend ein Ersatz für Kainz nötiger? Ersatz? Das ist natürlich Herzen Bergers nahe, den
364 2549 1630 2605 blieb teilnahmslos. Hierauf erinnerte sich Professor v. Berger des
1623 2554 3347 2632 ein blödes Wort. Aber das im Spielplan verarmte Burgtheater1 diesen Dramen, und ih
370 2582 1617 2659 Dramatikers Pau Heyse, der eben achtzig Jahre wurde. Die Ge¬
1621 2592 3359 2670 brauht unzweisethaft einen Hamtel, einen Oswald, einen wissenschaftlich eingeheizt
361 2616 1619 2696 schichte des Burglbeaters von 1910 bis ... wird den Versuch, Heyse,
1610 2636 3345 2709 Taniris. Es hat seit Gregoris Abgang nicht einmal einen Faust. professoral=akademisch war
359 2677 1624 2722 den Dramatiker, zu entdecken. gewiß würdigen. Das Pablikom rei¬
1622 2675 3361 2754 Es hat keinen jungen Komiker, es hat seit der Wolier keine Lady] nicht, grün zu beleuchten, i
360 2708 1626 2777 lich blieb teilnahmslos. Hierauf stellte Professor v. Berger
1605 2706 2874 2792 Macbeth, denn schließlich kann Hedwig Beibireu, die edelste Tragödin
2851 2740 3363 2796 Ton der gedämpften und
361 2746 1056 2811 die Frage, warum wohl ein
1087 2760 2859 2823 so liebenswurdiger Poet des deutschen Theaters, nicht alles spivien. Nun, Besserung wird
2853 2785 3361 2839 unirbischen Gestalten muß
365 2793 2858 2883 wie J. V. Widmann dem Theater serngeblieben? Berger gab uns! kommen! An Sonnenthals hundertstem Geburtetag, an Kainzens
2842 2813 3361 2886 sein, aus der dieses irrec
355 2836 1628 2892 zwei zarte, dünn gewebte Dramchen des Schweizer Poeten und schrieb
1612 2850 3351 2932 zwanzigstem Sterbetag wird das Problem in den Vordergrund rücken. lvar alles von gemeinster
362 2875 1627 2946 sich wieder einen Ehrentag ins Geschichtsbuch. Tas Publikum wurde
1613 2888 2298 2962 Alles nur hübsch nach dem Tatum.
2836 2896 3361 2975 verheiratet, aber Berger ve
369 2926 1630 2969 nicht sehr heiß. Dann erinnerte sich der heimische Professor v. Berger!
1661 2941 3337 3019 Und der große Erfolg des „Medardus“! Die zu schreibende dem zerknüllten Bett, auf
364 2964 3319 3065 daß in St. Pölten bei Wien ein Gymnasialp#ofessor namens! Geschichte des Burgtheaters von 1910 bis ... wird ihn buchen. Bei= das Gespenstmädchen,
