3436 4320
995 144 1073 218 M
1577 140 2052 246 box 26/5
258 133 1451 263 22. ber junge-nedandus
2783 1143 3138 1246 AS
363 1161 3357 1240 einem „behend, heiter, oberflächlich“ und wir haben den morden, fällt aber einer Emigrantin, einer Valois in bisweilen schon allzusehr nach
368 1232 3358 1300 Wiener. Die ziehen an uns vorbei, immer spaßend oder die Arme, buhlt mit ihr, vergißt seine Tat, wird ein Aufzügen, zwölf verschiedenen
366 1294 3341 1353 schimpfend, sich aus dem Krieg eine Hetz, aus! Ball der Ereignisse, sieht wie sein Onkel von den Fran=srollen (das ganze männliche:
361 1327 3358 1438 der Belagerung ein Schauspiel machend, immer neu=zosen füsiliert wird, noch einmal erhebt er sich, aber des alten Baumeister ist besch
362 1379 3345 1434 gierig immer schaulustig, heute in Aspern, umlaus dem Rächer seines Vaterlandes (der er zu seinl schweren Stand. Wenn alles
364 1412 3361 1532 der Schlacht von einem Dach aus zuzusehen, morgenglaubt) wird ein Mörder. im Solde der Valois; wieder wir schon zufrieden sein. Der
377 1476 3352 1589 in Schönbrunn, um den Napoleon ganz aus der Nähe kann er die Tat nicht tun, als er aber erfährt, sie, seine] Herr Gerasch ganz so wie 9
372 1516 2729 1575 zu betrachten, jetzt ganz traurig, weil einer erschossen! Helem von Valois, sei die Geliebte Napoleons gewor¬
2720 1556 3346 1632 „Wahrhaftig, er hatte einen
370 1575 3364 1678 wird, den sie geschätzt und geehrt, und gleich darauf den, ersticht er sie auf der Schönbrunner Schloßtreppe, und eine fast einwandfreie Ha#
375 1627 3362 1737 irgendwohin laufend, wo es was Blitzendes zu sehen schlägt die Gnade Napoleons, der jetzt die Ränke der ich ja beides nicht. Aber er
373 1670 1565 1741 gibt. Und neben Windbeutelei Biedersinn, neben Krie¬
1546 1692 3367 1792 Ermordeten erkannt hat, aus, läßt sich erschießen mit der Rolle. Und er sieht aus,
370 1711 1562 1798 gerei aufrechte Standfestigkeit neben Gesinnungslumperei
1550 1728 3360 1822 dem Glauben an sein Heldentum, in Wirklichkeit ein den Degen zu führen.“ Daß
383 1772 3344 1812 Ehrlichkeit, Männlichkeit. Medardus ist ein Sohn die=farmer Junge, der mit seiner Kraft und Jugend nichtstheil anrichten könne, dachte
372 1801 2737 1904 ses Volkes und muß vielleicht nur darum in einen sosanzufangen gewußt. Aber ich frage: War sie wirklich
2712 1846 3357 1928 sieht nur so aus. Helene Val
373 1856 3344 1959 läppischen Tod gehen. Seine Jugend hebt ihn darüberj notwendig, diese dämonische Frau und ihre exotische Her=sgemuth mit einem großen
363 1905 3356 2014 hinaus, aber nicht das versteende Wissen seines Freiin=lkunft und ihre Emigrantenumgebung, um diesen Jüng=llich abseits von dieser Rolle g
357 1953 3320 2061 des Etzelt und auch nicht die grimmige Ironie des Onkelsling zu entwurzeln? Die Erfindung Schnitzlers ist hier Sinnliche fehlt ihr. Sehrg
372 2012 3361 2111 Eschenbacher. Und hier weitert sich seine Tragödie zur Tra=schwach und svielerisch. Der Aufwand an abgebrauchter[Bleibtreu als die Mutten
370 2060 3355 2158 gödie eines Volkes, einer Stadt, die für ihre Kraft, für Romantik, ja Hintertreppenromantik, lenkt vom Schick= Kleinbürgerlichkeit, groß Her
374 2097 3353 2199 ihre Jugend kein Ziel zu finden weiß, ebensowenig wiel sal des Medardus ab, statt darauf hinzulenken. Schnitz=zog von Valois in der ganze
381 2145 3363 2258 Medardus. Der große Aufwand an Personen, an Zeiteler dekoriert hier die alle dämonische Stube zwar äußerst eines Emigranten, Herr Tre
366 2197 3363 2294 schilderungen scheint mir so eine tiefe Notwendigkeit zu geschmackvoll, aber mit alten Dekorationen. Der blinde stehender“, dessen Liebe, bev#
367 2242 3345 2356 sein, in dem er zeigen soll, daß dieser Jüngling irgend=salte Herzog, der Königshof hält, die Prinzessin mit den durch den Kopf gegangen ist
370 2286 3352 2394 wie im Wienerischen verankert ist, daß er zu wählen mörderischen Fingern und kalt buhlerischem Herzen, seins als unglücklich Liebende, die
362 2349 3352 2393 hat zwischen dem Helden, den Mann, den sein Onkeli Neffe und Eidam, Aristokrat und Fechter, die treuen! Bräutigam verneint wird. Her
373 2382 3367 2504 Eschenbacher vorstellt und der auch so stirbt, und zwi= Diener ich meine: Puppensviel, Arabeske, Ornament bacher ist mir zu trocken, mehr
375 2427 3358 2482 schen den Wiener Narren, Müßiggängern und Plau=jund unnotwendig. Es ist der schwächste Teil der Dich=IArndt, Herr Devriant,
363 2471 3356 2589 derern, die die Bacheien und Straßen bevölkern. Aberltung, er enthüllt, was Schnitzler immer gefehlt hat, die[ Reimers huschen durch das
361 2514 1556 2597 der junge Medardus bleibt auch hier nur jung, daß er
1541 2537 3363 2630 große Leidenschaft, die alles verzehrende Flamme, erssie nicht. Aus der Menge der
366 2575 1558 2642 nicht wählt, sich nicht entscheidet, sondern seinen eigenen
1541 2587 3366 2692 setzt dafür Theater ein. Und dann könnte und wirdlben sich scharf der schuftig gen
369 2624 1553 2711 Tod stirbt, seinen falschen, schlecht aufgeputzten Tod
1544 2651 3354 2731 mancher glauben, Medardus gehe an dem dämonischen Wachshuber des Herrn Kor
364 2658 1038 2749 eines verblendeten Jünglings.
1533 2689 3358 2790 Weibe zu Grunde; aber genau das Gegenteil will Schnitz=liche und zappelnde Föderl d
456 2701 2550 2801 Das ist schön und vollendet. Weniger vollendetsler, Medardus geht an sich selbst zu Grunde.
2700 2753 3334 2821 der besten an diesem Abend)
366 2754 1561 2846 scheint mir das „Wie“ das, was Medardus dem Unter¬
1617 2780 3311 2868 Die Aufführung breitet über diesen Schaden der Herrn Straßni, der es
358 2807 2720 2914 gang entgegentreibt. Der Stoß kommt von außen, nicht Dichtung die dichte Geschehnishülle, die das Drama
2713 2852 3355 2937 Leute sterben, und er selber ni
354 2862 2719 2955 aus dem Innern des Medardus. Er will irgend eine manchmal wirklich zu einem echten und schönen Volks¬
3187 2904 3352 2970 Oska
360 2907 2765 3000 große Tat tun, denkt vielleicht daran, Napoleon zu er= schauspiel macht. Das Burgtheater spielt es so, vielleicht!
