3344 4192
218 102 1370 215 22. Derjunge Medandus
640 632 995 779 OBSERVER¬
568 671 1057 850 reienhuten
624 736 783 840 Tonsas
558 847 646 921 1
802 913 878 980 Sher
555 946 932 1088 Soseeerag
782 1157 1518 1284 Frankfurter Zeitung
561 1291 865 1377 25.A01.1910
530 1405 968 1471 Sessen
544 1528 1586 1605 Schnitzler-Première in Wien.
690 1587 852 1633 er en, wich
549 1611 1606 1660 „Der junge Medardus“. Dramatische Historie in
549 1656 1533 1705 5 Akten undeeinem Vorspiel von Artur Schnitzler
546 1691 1604 1752 Uraufführung im Hofburgtheater am 24. November.
936 1731 1608 1805 g Wien, 24. Novbr. (Priv.=Tel.)
561 1793 1637 1854 Ein Glanz= und Ehrenabend des Burgtheaters, ein Sieg
513 1830 1645 1892 des Dichters, ein Achtungserfolg des Dramatikers Artur
514 1885 1642 1929 Schnitzler war die Première des „Jungen Medar¬
513 1920 1644 1979 dus“, zu der sich die ganze Wiener Gesellschaft gedrängt und
513 1961 1650 2013 nur zum Teil Einlaß gefunden hat. Schwerlich könnte ein
512 2001 1647 2056 anderes Theater einem Autor die gleiche Ehre erweisen wie
510 2046 1645 2089 hier, jede kleinste Episodenrolle mit Schauspielern von Rang
502 2083 1651 2126 und Namen zu besetzen, schwerlich werden viele Bühnen über¬
502 2108 1648 2173 haupt das Personal aufbringen, das diese dramatische Historie
505 2153 1638 2209 erfordert. Aber diese Gelegenheit zu einer Parade des gan¬
505 2200 1643 2247 zen Burgtheaters ist auch die Schwäche des Stückes als Drama
502 2227 1635 2265 betrachtet. In der Zeichnung der Episoden und Episoden¬
514 2269 1649 2315 figuren zeigt sich Schnitzler wieder als Meister der Klein¬
499 2309 1645 2361 malerei und als überlegener Ironiker. Die Haupthandlung
507 2344 1643 2387 aber ist verunglückt und die Hauptgestalt des jungen Medar¬
513 2378 1637 2423 dus ist zu kompliziert gedacht, um dramatisch wirksam zu
507 2418 679 2471 werden.
552 2454 1637 2501 Der junge Medardus ist eine Art Don Quichote, hochge¬
899 2501 969 2531 ar
497 2494 1643 2533 sinnt, tapfer und temperamentvoll, mit unbestimmtem Taten¬
510 2537 1643 2577 drang in der Brust. Aber Traum, Vorsatz und tönendes Wort
503 2578 1635 2620 ersetzen ihm die Tat. Was immer er unternimmt, er wird
500 2611 1633 2657 durch irgend ein Erlebnis aus seinem Geleise geworfen und
1446 2651 1480 2681 —
502 2654 1642 2689 von seinen Plänen abgedrängt. Er will den Tyrannen
506 2689 1634 2730 Napoleon ermorden und tötet nur als eifersüchtiger Lieb¬
515 2728 1631 2774 haber' eine Dame, die den gleichen Plan gehabt hatte. Goit
504 2766 1645 2810 wollte ihn zum Helden machen, der Lauf der Dinge machte
505 2812 1628 2852 einen Narren aus ihm, und schließlich opfert er noch sein Le¬
510 2843 1633 2881 ben selbst für ein Nichts, wo er sich retten konnte durch das
514 2878 1636 2924 bloße Versprechen, dem Kaiser nicht mehr nach dem Leben zu
498 2924 1644 2966 trachten, das heißt, er wirft sein Leben weg, da er den Respekt
499 2957 1639 3004 vor sich selbst verloren hat und ihn durch eine letzte schein¬
500 2991 1633 3036 heroische Handlung wiedergewinnen will. Soll in dieser Ge¬
509 3031 1631 3076 stalt das hochbegabte, aber ziellose Oesterreicherium symboli¬
501 3062 1643 3121 siert werden, so erweist sich das Theater als zu eng und der
498 3110 1640 3157 heutige Abend trotz wohigezählter fünf Stunden als zu kurz,
500 3145 1633 3197 um die Absicht des Dichters ganz deutlich zu machen. Die
508 3184 1630 3227 Empfindung außerdem, mit der der Dichter seiner Gesialt
509 3223 1645 3277 selbst gegenübersteht, ist das Gegenteil der dramatisch=schöpfe¬
510 3262 1643 3310 rischen Stimmung. Von allen denkbaren Stellungnahmen
508 3304 1643 3344 des Dichters zu seinem Helden ist die ironische die unmög¬
503 3336 1014 3394 lichste für die Tragödie.
563 3387 1645 3437 Der junge Medardus ist nicht von schiechter Familie. Seine
497 3405 1639 3472 Mutter, die Buchhändlerswitwe Klähr, ist eine ausgezeichnete
510 3465 1642 3516 Frau, furchtlos und ehrenhaft, bestes deutsches Bürgertum,
519 3503 1642 3541 ihr Bruder, der Sattlermeister Eschenbacher ein prächtiger
503 3542 1638 3606 Mensch, seine Schwester Agathe ganz Herz und Seele. Me¬
1545 129 1980 213 box 26/5
2694 1366 2793 1434 AE
1674 1465 2806 1530 dardus will, begleitet von den patriotischen Wünschen der
1678 1513 2831 1563 Familie, mit seinem Regiment den Franzosen entgegenziehen,
1683 1554 2791 1611 an denen er noch den Tod des Vaters zu rächen hat, der als
1683 1585 2798 1631 Bürgergardist im Wachdienst sich ein Fieber geholt hat und ge¬
1686 1625 2805 1680 storben ist. Aber da geschieht das Unglück, daß in der Nacht
1684 1669 2806 1709 vor dem Ausrücken des Regiments die Schwester Agathe sich
1681 1705 2797 1746 mit ihrem Geliebten, dem jungen Prinzen von Valois, das
1682 1743 2800 1801 Leben nimmt, weil der alte blinde Herzog von Valois seine
1671 1780 2803 1838 Einwilligung zu einer ebelichen Verbindung mit dem Bürger¬
1670 1822 2795 1862 mädchen nicht geben wollte. Da tauscht Medardus mit einem
1672 1861 2795 1906 Kameraden, den das Los getroffen hatte, mit der Bürger¬
1669 1896 2794 1959 garde in Wien zu bleiben. Denn nun fühlt er, daß er den
1668 1935 2792 1996 Tod der Schwester an dem stolzen Valois rächen müsse. Man
1670 1978 2788 2018 begreift nicht recht, wie. Die Gelegenheit findet sich aber
1671 2009 2786 2060 doch. Am Grabe der Schwester begegnet dem Medardus die
1672 2049 2800 2110 stolze Tochter des Herzogs und die Herzen der beiden jungen
1675 2091 2795 2137 Leute fangen Feuer. Medardus bildet sich nun ein, er werde
1667 2131 2783 2165 die Prinzessin verführen und dann das ganze Haus Valois
1675 2174 2783 2217 zum Zeugen ihrer Schande machen. Es gelingt ihm auch nach
1669 2208 2794 2260 einem glimpflich verlaufenen Duell mit dem Bräutigam der
1678 2243 2796 2293 Peinzessin, ihr Geliebter zu werden, aber mit ihrer Bloß¬
1664 2278 2783 2329 stellung hat es doch gute Wege. Sie bleibt guter oder viel¬
1674 2323 2792 2357 mehr schlechter Vorsatz. Der Bruder der Mutter von Medar¬
1664 2350 2795 2415 dus wird infolge einer Denunziation wegen Besitzes verbote¬
1671 2398 2788 2461 ner Landkarten auf Befehl Napoleons erschossen und nun
1664 2431 2781 2486 drängt die Mutier selbst Medardus, den Tyrannen zu ermor¬
1667 2477 2788 2527 den. Aber der Dolch, der dem Tyrannen gegolten hat, fährt
1673 2508 2793 2566 in die Brust der Prinzessin, von der die Sage geht, sie sei die
1670 2540 2784 2606 Geliebte Napoleons geworden, wöhrend doch gerade sie darauf
1661 2590 2782 2640 ausging, den Kaiser zu töten. Und da nun alles vorüber ist,
1661 2627 2786 2671 weigert sich Medardus, dem Kaiser, der ihn begnädigen will,
1666 2667 2792 2723 zu versprechen, daß er auf seine Mordgedanken verzichte. Er
1660 2706 2792 2765 läßt sich erschießen, vielleicht weil er die Prinzessin nicht ver¬
1671 2739 2787 2787 gessen kann, vielleicht weil er seiner selbst überdrüssig gewor¬
1676 2780 2783 2816 den ist. Uns ergeht es mit ihm nicht viel besser. Wir können
1674 2811 2795 2874 ihn nie ernstnehmen, nie ganz mit ihm sympathisieren, obschon
1666 2858 2793 2927 der Autor offenbar ihn bei aller Schwäche durchaus tiebens¬
1665 2895 2132 2943 würdig gestalten wollte.
1725 2927 2792 2992 Aber die ein wenig tolportagemäßige Haupihandlung ist
1674 2971 2788 3025 nicht die Stärke des Stückes, das Schnitzler selbst nicht ein
1665 3009 2787 3062 Drama, sondern dramatische Historie genannt hat.
1668 3052 2787 3102 Sein Vorzug ist das Bild des Wiener Spießbürger¬
1663 3084 2789 3132 tums vom Jahre 1809. Da zeigt Schnitzler seine ganze
1667 3119 2783 3193 Kunst als Satirikor und Bildner. Von den 68 namentlich
1670 3158 2782 3211 aufgeführten Figuren ist bis auf den verunglückten Medar¬
1667 3205 2782 3245 dus jede einzelne mit wenigen Strichen gekennzeichnet und
2208 3233 2241 3260 —
1666 3234 2791 3288 bühnenwirksam gemacht. Das Spiel ermüdet auch trotz seiner
1666 3274 2791 3325 Länge keineswegs, weil man sich für die hochtragischen Sze¬
1666 3319 2787 3373 nen immer wieder an den humoristischen Genrebildchen schad¬
1662 3351 1855 3406 los hält.
1720 3369 2778 3444 Freilich kann nur das Burgtheater solche: Bilder
1671 3423 2789 3486 siellen. In der Aufführung ragten durch ganz besondere Lei¬
1671 3464 2794 3545 stungen Frau Pleibtreu als Mutter Klähr, Herr Ba¬
1664 3509 2783 3557 lajthy als Eschenbacher und Herr Hartmann als blin¬
1650 3550 2789 3591 der Herzog hervor. Die Rolle des Medardus war mit Herrn
2564 3646 2817 3724 M
2446 3665 2510 3725 Sn
1645 3717 2774 3761 Gerasch erträglich, aber keineswegs siegreich besetzt. Ein
1653 3758 2772 3823 sieghafter junger Held und Liebhaber fehlt derzeit überhaupt
1737 3811 1769 3838 31
1626 3809 1984 3879 1 am Burgtheater.
