3392 4320
1041 113 1151 191 Me
303 118 1492 241 22. Derju durdus
1646 134 2090 229 box 27//2
207 1309 642 1409 zeitung, Berlin
1779 1451 1858 1535 —
191 1499 492 1592 dardus.
677 1495 3165 1617 den für Bonaparte bestimmten Dolch ins Herz der Dame ein paarmal wagte sich lebhafter. Beifall hervor, der leb¬
682 1545 3156 1676 stößt, weil es ihn verdrießt, daß, bei Licht besehen, sie ihn zu hafteste befremdlicherweise nach dem geschmacklosesten Bilde,
205 1573 568 1662 rthur Schnitzler.
670 1573 3154 1718 dem Anschlag bewogen hat, dann zerbricht alle Mühe= das bayrische Soldaten als Henkersknechte Napoleons zeigt.
679 1636 3148 1763 waltung des Psychologen und jeder Versuch zu feinziselierter Für solche Darbietungen ist die Zeit wenig, sehr wenig ge¬
671 1661 3149 1751 AArbeit an der rauhen Grobheit der Geschehnisse. Aus dem eignet, und auch nur in Berlin kann jemand auf die Idee
200 1694 3155 1874 ardus wollte Schnitzlel,s wirr verzweigten, krampfhaft zusammengesuchten Durchein=jkommen, das Jahr der großen, der erhabensten Einigung
198 1731 1914 1853 ten trauen darf, den ander läßt sich keine ergreifende Seelentragödie aufbauen.
212 1786 1923 1877 Tatenlustigen, dessen Manchen klug erdachten Nebenfiguren des Schauspiels wohnt
1907 1798 3028 1902 Deutschlands durch solche Erinnerungen zu „schmücken“.
191 1819 1934 1958 er Tat verwirrt und sie zwar nicht überzeugendes warmes Leben, aber doch Klugheit
201 1869 703 1937 Geist und Sinn bringt.
2936 1859 3123 1939 r.n.—
682 1869 1916 1984 der Erfindung inne, wie das bei Schnitzler oft der Fall ist.
196 1908 698 1979 einen Bärendienst er¬
676 1909 1912 2020 Die von ihm ausgehenden Wirkungen verpuffen indes, weil
192 1948 686 2026 es Problem= und Cha¬
681 1977 1919 2087 sie am Zentrum der Historie verloren gehen und immer
213 1995 689 2069 Stück legen. Das er¬
678 2026 1296 2100 nur episodische Kraft haben.
269 2046 693 2116 Die Schicksale des
187 2068 678 2156 nteressant, wenn auch
745 2085 1925 2175 Eine stolze Reihe starker schauspielerischer Kräfte stand
181 2137 679 2200 Et, werden von anderen
674 2127 1927 2220 dem Autor bei. Abgesehen von Theodor Loos, der dem
191 2178 676 2249 dum ihn zum Handeln
677 2171 1922 2260 heillosen Medardus nicht beizukommen vermochte und ihn
188 2217 678 2301 nhandlungen abspielen,
676 2213 1930 2300 halb zum Vorstadt=Apachen, halb zum winselnden Jammer¬
191 2269 681 2335 ein ungemein schwer¬
680 2264 1909 2337 weib machte, trafen die Darsteller wohl fast alle Schnitzlers
674 2297 1926 2388 Absichten. Wundervoll stattete John Gottowt seinen
179 2286 1923 2421 dert Hebeln, Gewichten kuriosen Kauz von Arzt aus; neben ihn bestand in Ehren
202 2358 533 2440 Hemmungen.
648 2399 1906 2486 [Max Landas blinder Herzog von Valois, der
187 2414 1906 2536 Schnitzlers zu folgen, gläubig=stolze Thronwerber, dann Heinz Salf¬
185 2454 1916 2568 ts wegen gehört die Ge=iner als aufrechter Sattlermeister Eschenbacher, der
184 2512 1914 2609 hmerwand eines Kino=um einer Landkartensammlung willen den bittern
181 2555 1915 2653 lich wird sie stellenweise Tod erleiden muß. Auch Herr Abel zeichnete
183 2603 1913 2698 e dem vielbewanderten trefflich den scharfumrissenen Schattenriß eines philosophisch
181 2639 682 2709 elingen, und durch den
664 2658 1908 2726 abgeklärten, vom Lebensglück ausgeschlossenen getreuen
181 2690 1911 2783 des Wiener Lebens und Eckart nach. Die zahllosen Namen des umfangreichen Per¬
246 2732 1903 2825 Im übrigen hat sonenverzeichnisses böten noch manchen Anlaß zu lobender
178 2767 1907 2881 Perlockendes an sich. Erwähnung; leider war es gerade den Hauptträgern der
195 2822 1907 2909 wie seine von einem Handlung — die sich durch 14 Bilder hinzieht! — nicht mög¬
174 2847 1908 2967 og verführte Schwester, lich, entscheidend für den Sieg zu streiten. Weder Ilka
168 2889 677 2967 er Krone Frankreichs be¬
661 2919 1895 3000 [Grüning, die ihre anfangs gar zu stoische und lang¬
161 2946 1904 3031 Femdlich äußernde Liebe weilige Mutter durch Schnitzlers Verschulden erst spät zu
167 2990 1908 3084 Ende zu einem Attentat einiger Bewegung erwachen lassen durfte, noch die phan¬
172 3034 1909 3134 frechen Uebergriffe und tastische Herzogin Helene (Lina Lossen) waren menschenmög¬
166 3085 1911 3189 bestrafen, und wenn erklich. Das Publikum verhielt sich im ganzen sehr kühl. Nur
