3436 4384
2727 105 2986 171 Wnecenen
912 103 1656 196 „OSSENVEN
1979 130 3012 216 toire setten. Immer prei Tage vorher ausderkauft.
738 177 1829 268 1. österr. beh. konz. Unternehmen für Zeitungs¬
1969 185 3013 272 Die Fülle von Melodien, die märchenhaft schöne Aus¬
952 220 1629 303 Ausschnitte und Bibliographie.
1975 222 3013 327 stattung, die prachtvollen Chöre, dieses einzige Or¬
1967 273 3017 368 chester — Alles groß und herrlich. Nur die Leistun
913 273 1685 356 Wien, I., Concordiaplatz 4.
1965 326 3011 416 gen der Solisten stehen hinter jenen der richtigen
1140 352 1468 421 Vertretungen
1960 373 3009 464 Operettensänger zurück. So viel schöne Stimmen auch
745 393 1835 469 in Berlin, Brüssel, Budapest, Chicago, Cleveland, Christiania,
1968 416 2999 512 hier aufgeboten werden. Aber das Publikum fragt
748 441 1837 510 Genf, Kopenhagen, London, Madrid, Mailand, Minncapolis,
731 478 1847 558 New-Vork, Paris, Rom, San Francisco, Stockholm, St. Peters¬
1968 465 3009 554 nicht danach. Man rauft um die Karten. Seit Wochen
1133 506 1449 577 burg, Toronto.
1966 506 3006 604 ist „Der Zigeunerbaron“ das meistgespielte Repertoire¬
1090 559 1491 624 (Onellenangabe ohne Gewähr.
1962 551 3004 657 stück der Hofopor und kein Abend hat eine Autoren¬
730 585 1340 696 Ausschnitt aus: Mü
1958 605 2864 690 tantieme unter siebenhundet Kronen gebracht.
1505 607 1848 726 # Journal
2075 664 3002 754 Eine interessante Neuigkeit hat den Wiener
917 672 1344 784 1.1 Fun 1i1
1951 716 3006 801 Theaterkreisen die Nachricht gebracht, daß Herr Russo,
737 710 906 785 vom:
1950 765 3002 842 der bei der Betheiligung am Johann Strauß=Theater
1952 818 3003 908 mit 200,000 Kronen geblutet hat, mit Ablauf der
1953 867 3004 935 Saison diese kostspielige Passion aufgibt und aus der
1014 850 1872 971 Wiener Coulissengeschichten
1947 904 2991 988 Direktion des genannien Theaters scheidet. Jede neue
924 940 1950 1020 (Direktor Brahm in Wien. — Der große Schweiger. —
1956 953 2997 1054 Operette, die man brachte, sollte der ersehnte Schlager
919 988 1958 1074 Einen Zettel auf den Tisch legen. — Der Sohn kann
1962 1009 3000 1100 werden. Aber je länger man eine Operette hier spielte,
926 1025 1952 1118 den Vater nicht spielen sehen. — Der zukünftige Zigeuner¬
1956 1056 2995 1150 umso größer wurde das Defizit. Jetzt wird Leo
917 1083 1955 1171 baron. — Mit 200,000 Kronen geblutet. — Viktualien
1956 1098 2982 1189 Fall's „Syrene“ gespielt. Charakteristisch für die Zug¬
1233 1130 1677 1208 werden angenommen.)
1945 1146 2989 1240 kraft ist, daß ein Herr, der Sonntag die Abendkasse
1934 1207 2992 1274 verlassen wollte, weil er keinen Sitz für drei Kronen
1036 1193 1964 1304 Direktor Brahm aus Berlin weilte einige Tage
1952 1257 2988 1344 erhalten konnte, von der Kassierin zurückgerufen wurde.
919 1259 2971 1386 hier, um nach Stücken und Darstellern Umschau zu Ueber Veranlassung des hinter ihr stehenden Direk¬
925 1291 1943 1379 halten. Die Wiener Direktoren gehen zeitwillig
1944 1337 2977 1438 tors Erich Müller bot sie ihm einen Parketsitz, der
917 1355 2974 1483 nach Berlin, um das Gleiche zu thun. Gewöhnlich das Doppelte kostet, um den Preis von drei
922 1403 2975 1529 finden die Berliner Direktoren in Wien nichts und Kronen an. So werden in der Großstadt große Ope¬
920 1449 2970 1580 die Wiener Direktoren kehren resultatlos aus Berlin rettentheater geführt. Bei den reisenden kleinen Trup¬
914 1498 1942 1576 zurück. Wenigstens was die Darsteller betrifft. Es
1945 1545 2963 1620 pen, wo Frau Direktor persönlich an der Kasse sitzt,
911 1534 2966 1682 dreht sich immer um dieselben paar Schauspieler, die werden solche Geschäfte entrirt. Sie habens gestern
899 1576 2975 1735 man in die Höhe lizitirt. Die Schauspieler fahren im Kaffeehaus erzählt. Ein Komiker dieses Thea¬
904 1629 2185 1754 dabei sehr gut und bleiben schließlich im Rahmen ters sagte:
899 1670 1893 1774 des Theaters, wo sie ihren sicheren Boden haben.
1019 1734 1942 1824 Der Nachwuchs muß immer von außen kommen
2048 1716 2977 1821 „Weil unsere Direktoren halt an' Gschäftsgeist
893 1775 1925 1863 und erzogen werden. Brahm klagt ebenso über den
1927 1773 2966 1860 haben. Nit so hochnasig sein wie andere Direktoren.
900 1829 1931 1916 Mangel an Nachwuchs wie die Wiener Theater¬
1933 1827 2946 1931 Bei uns nehmen s’ auch Briefmarken und Viktualien.“
2091 1878 2393 1952 10. Februar.
891 1871 1946 1976 leiter. Am Ende sterben die Alten ab und es wird
889 1924 1940 2036 doch weiter gespielt. Die Nachrückenden entwickeln
2721 1927 2939 2009 —ch—
900 1972 1938 2059 sich. Und dieselben Alten, die heute nachdenklich
889 2029 1926 2111 sagen, daß es keine guten Schauspieler mehr gibt,
889 2078 1931 2166 denen die Erinnerung die früheren Größen vergoldet,
891 2122 1943 2218 werden eines Tages kopfschüttelnd hören, daß man
887 2165 1938 2272 die Jungen von heute als das Ideal der Künstler
881 2213 1669 2310 preist, die nicht mehr zu erreichen sind.
999 2277 1927 2373 Direktor Brahm hat sich den „jungen Medar¬
884 2325 1923 2414 dus“ von Schnitzler angesehen und bei Schnitzler zu
885 2378 1923 2479 Mittag gesissen Britm ist der große Schweiger des
880 2426 1929 2519 Deutschen Theaiers. Es war nicht aus ihm heraus¬
877 2482 1927 2575 zubringen, wie er über den „jungen Medardus“ denkt.
1004 2535 1925 2633 „So sagen Sie wenigstens“, frug man ihn
866 2561 1927 2676 beim Souper, „ob Ihnen Schnitzler's Essen oder
873 2611 1759 2706 Schnitzler's Schauspiel mehr zugesagt hat?“
983 2673 1911 2762 Brahm lächelt und schweigt. Das ist die Sig¬
873 2715 1922 2806 natur seiner ganzen Direktionsführung. Er lächelt und
862 2763 1906 2857 schweigt, oder er ist ernst und schweigt. Seine Mit¬
870 2813 1911 2907 glieder wissen, daß mit ihm nicht viel zu reden sei.
865 2868 1910 2954 Wer immer ein Anliegen an ihn hat, heißt es:
866 2924 1913 3007 „Bitte schriftlich!“ Das hat er mit Baron Dingel¬
855 2960 1906 3057 stedt gemein, dem einst so berühmten Leiter der
854 3013 1907 3116 Wiener Hoftheater. Der ließ keinen Schauspieler zu
845 3049 1214 3133 Worte kommen.
977 3093 1904 3212 „Bitte“, sagte er immer verbindlich, „einen
846 3134 1562 3240 Zettel auf meinen Tisch zu legen.“
961 3207 1883 3288 Einmal saß er auf einer Probe des „Dor
851 3247 1881 3337 Carlos“ im Burgtheater. Sonnenthal=Posa stand abe¬
843 3304 1883 3389 vor König Philipp, während Dingelstedt sich eine:
852 3351 1878 3452 Schauspieler, der irgend was von ihm wollte, mi
840 3393 1562 3474 der gewohnten Phrase abwimmelte.
970 3457 1882 3545 „Sire“, deklamirte Sonnenthal, durch das Da¬
831 3481 1883 3592 zwischenreden nervös gemacht, etwas scharf gegen
832 3547 1869 3637 Dingelstedt gewendet, „geben Sie Gedankenfreiheit.“
838 3588 1795 3686 Und Dingelstedt sagt zerstreut zu Sonnenthal:
949 3650 1858 3736 „Bitte, einen Zettel auf meinen Tisch zu legen.“
948 3701 1871 3786 Etwas hat Brahm doch gesagt: „Kinder, Ihr
832 3740 1876 3833 habt hier ein Theaterpublikum — —. Das ist einzig.
822 3782 1874 3880 Ueberall ausverkaufte Häuser. Heute wollte ich ins
822 3835 1869 3920 Deutsche Volkstheater gehen, um Weisse als „Nathan“.
820 3878 1875 3997 zu sehen. Unmöglich! Weisse sagte mir, daß sein Sohn
