3296 4224
258 43 414 129 22.
445 51 627 153 Dar.
1194 946 1362 993 en Ter¬
334 907 1379 1037 piel konnte Regisseur Thimig für den Dichter danken,
317 957 1376 1072 ach dem zweiten und dritten Akte erschien Schnißler
312 977 1368 1119 vor der Rampe und wurde äußerst freundlich, wenn auch
313 1033 1364 1185 vor ehusasisch begrüßt. Dod der Beisal nicht frene¬
834 1147 993 1213 —
1282 1154 1347 1213 —
291 1180 1349 1266 tisch war, liegt vielleicht darin, daß das Stück keinen Helden
279 1213 1347 1303 hat. Denn der junge Medardus ist kein Held, er ist nur
280 1255 1347 1325 fähig, sich an Wortklängen zu berauschen. Die Stärke der
281 1294 1358 1381 Dichtung liegt in der Zeichnung der Massen, dieser Wiener
277 1344 1357 1424 Bürger ohne Mark und Galle, dieser Schwadroneure und
281 1369 1347 1467 Maukhelden. Ihr typischer Vertreter ist eben der junge
279 1409 1355 1486 Medardus. Aber gerade dort, wo Schnitzler das Wiener¬
279 1460 1354 1540 tum satirisch geißelt, erklang der Beifall am lautesten. Aus
266 1499 1351 1582 jedem Worte der Hauptrolle ist ersichtlich, daß sie für Kainz
270 1535 1270 1618 geschrieben war. Sein Remplacant ist Herr Gerasch.
274 1576 1352 1662 bringt für die Rolle sein jugendliches Temperament mit.
269 1614 1338 1689 kann aber den psychologischen Gehalt nicht voll ausschöp¬
275 1649 1339 1716 fen. Den Haupterfolg trug Fräulein Wohlgemuth als
257 1679 919 1760 Helene von Valois davon. Neben ih
262 1729 364 1768 „
261 1718 1343 1818 =odg nausspuni so0 Bungioranz=Ibäfie Treßler, in. der
817 1777 1246 1848 Hiode nauscpunut::
2643 1272 3024 1365 Telephon 12.801.
2781 1358 2877 1441 44
2083 1396 2820 1506 „OBSLRVEN
1921 1499 3004 1566 1. österr. beh. konz. Unternehmen für Zeitungs¬
2137 1551 2809 1610 Ausschnitte und Bibliographie.
2103 1580 2870 1679 Wien, I., Conoordiaplatz 4.
2323 1668 2640 1730 Vertretungen
1917 1694 3028 1781 in Berlin, Brüssel, Budapest, Chicago, Cleveland, Christiania,
1926 1757 3019 1820 Genf, Kopenhagen, London, Madrid, Mailand, Minneapolis,
1914 1797 3022 1857 New-Vork, Paris, Rom, San Francisco, Stockholm, St. Peters¬
2319 1834 2607 1891 burg, Toronto.
2257 1859 2655 1932 (Onellenangabe ghue Gewähx.)
1911 1868 2522 2009 Aussehnitt aus: □4.
2517 1921 2791 2017 uire
2082 2003 2392 2102 90./U. 79
1908 2033 2055 2096 vom:
2532 2040 2918 2131 Rarolcens
2130 2172 2930 2278 ltzler Artur premièrje a bécsi Hofburg.
1902 2234 2943 2310 tbeaferben. Becsböl telefonozza tudösitönk: Nagy
1898 2310 2932 2369 erdeklodessel värta a béesi szinházlätogató kö¬
1905 2333 2944 2414 zönség Schnitzler Artur „Der junge Medarduse
1902 2391 2932 2447 czimü „drämai történeténeke eldadäsät s dicseri a
1907 2437 2951 2506 szerzót. bogy ezt az erdeklödest esti fel hét Orätöl
1910 2484 2932 2550 éiféli tizenkét öräig, a mikor a darab véget ért.
1909 2538 2947 2594 allandóan lekötötte, noha egységes vonás a dara¬
1913 2582 2941 2648 hon nem vonul végig és u hösnek es partnerjének
1913 2637 2939 2699 démoni szorelmi jätéka inkäbb frappäns, mint meg¬
1908 2679 2939 2760 ragadó hatäst tett a közönségre. A darab is, a szi¬
1908 2749 2953 2798 neszck. jätékn is az igazi viharos tetszést a darab
1916 2781 2939 2844 elsó részében aratta. Eleinte Thimig rendezö mon¬
1905 2828 2941 2899 dott a szerzó novében köszönetet, majd Schnitzler
1910 2878 2936 2943 Artur is, a többszörös hiväsnak engedve, meg¬
1914 2923 2954 2992 jelent a lämpäk elôtt. Különösen szép volt atemetói
1912 2985 2935 3043 jelenet, azutün a parkbeli szerelmi jelenet; nagy
1906 3024 2938 3080 drämai hatäsa volt Eschenbacher utolsó utjának.
1909 3088 2942 3136 Rendezésre is, drämai eievenségre is leginkäbl.
1907 3119 2941 3188 hatott a schönbrunni kastély elötti kép. Nagy drä¬
1912 3167 2940 3234 mai erôre vall a zárôjelenet is, noha az anva lelki
1904 3217 2944 3287 kinlödäsänak bantó hosszadlalmassäga rontja a
1901 3266 2955 3330 hatäst. Az elöadason Ferencr Ferdindnd kiralvi
1909 3312 2956 3396 herczeg, trönörökös és Kdrety Istnin kirälzi her¬
1917 3369 2320 3456 czeg is jelen volt.
