3392 4320
981 159 1048 229 M
1593 157 2041 248 box 27/2
264 162 1449 258 22. Derjunge edardus
385 918 1216 1055 Zeitung: National-Zeitung
389 1042 874 1170 ddresse: Berlin
380 1180 610 1268 Datum:
1928 1270 2108 1341 hrs her nche
1602 1337 3370 1405 keit, Napoleon niederzuringen, glaubt, und der über Vaterland! weiß Medavdus es wohl selbst
793 1321 1252 1463 Feuilleion.
1602 1372 2807 1446 und Heldentum sehr ketzerische Meinungen hegt — ein musik¬
2795 1393 3361 1452 des Franzosenkaisers abgetrotzt
1609 1427 2800 1492 begabter Sattlermeister — der einzige, der hier eine kühne Tat
2801 1441 3361 1492 er nicht mehr nützen kann) ode
1600 1472 2803 1533 wagt, den Geboten Napoleons trotzt und stolz den Tod dafür er¬
2799 1482 3358 1530 Jünglings galt, der bei jeder
697 1463 1338 1573 Rund um Napoleon.
1611 1514 2801 1565 leidet. Und der einzige, der von Anbeginn bis zum Schluß fest
2798 1525 3363 1576 ganze Existenz aufs Spiel gese
1611 1555 2796 1624 seinen Charakter wahrt, ist ein alter Narr, der Herzog von Valois,
2798 1569 3366 1634 Zweifel darüber, und wohl auch
417 1560 1607 1637 „Der junge Medardus“ Arthur Schnitzlers im
1603 1596 2790 1660 dem von seinen Ansprüchen auf den Thron Frankreichs nichts übrig
2788 1613 3359 1661 Brackenburg, der nach seiner
777 1612 1256 1682 Lessing=Theater.
1603 1643 2791 1703 geblieben ist, als eine fixe Idee, die ein Irrenarzt sehr behutsam
2795 1654 3376 1714 Bruders der Geliebten immerz
489 1644 1599 1734 Das Kriegsdrama eines vornehmen Künstlers, in Berlin noch
1602 1696 2792 1747 pflegt. (Vielleicht dachte Schnitzler dabei an einen Hofstaat, der
2854 1695 3375 1745 Das Lessing=Theater hatte
412 1696 1600 1775 unaufgeführt. Das Lessing=Theater griff darnach. Warum es
1610 1731 2785 1779 bis in die jüngste Zeit hinein in Habsburgs Schutz Träume von
2798 1730 3366 1800 ein Ende und ein Ziel finden
414 1752 1622 1830 uns in endlosen fünf Stunden (denen der gar nicht faule Blau¬
1604 1772 2792 1834 scheinbar ähnlicher Hoffnungslosigkeit starr, aber am Ende doch
2790 1775 3359 1830 Schere, sondern auch mit groß
420 1805 2223 1857 stift noch immer Raum ließ) so wenig ergriffen hat? Trotz 18092 emit besserem Erfolg behütete).
2792 1822 3366 1881 Ueberbleibsel angenommen.
414 1850 1610 1905 Dem korsischen Riesenschatten, der Begeisterung der Kriegs¬
2787 1862 3355 1916 Der dunklen, geheimnisvollen
1680 1849 2793 1921 Aber welche mondscheinüberglänzten Widersprüche ringsum!
410 1898 1600 1954 freiwilligen, der Angst der Bedrängten, erschütternden Füsilierun¬
2794 1890 3374 1971 man zuweilen sogar die Prin
1613 1878 2782 1961 Vorklang: ein französischer Prinz und ein Wiener Bürgermädchen
415 1939 1596 1987 gen zum Trotz? Weil der Krieg hier nicht Seele, sondern De¬
1602 1939 2789 2009 spielen Ferdinand und Luise. Zwei Wasserleichen. An ihrer Bahre
2788 1947 3374 2009 alles über einen Königstraum
413 1978 1606 2031 koration, Ausstattungsmittel ist. Es ist ein entmannter, ein zer¬
1600 1985 2793 2039 der Bruder des Doppelselbstmord=Mädchens. Halb Valentin, halb
2787 1990 3376 2054 Zucker der Genüsse nascht. H#
410 2023 1610 2084 redeter Krieg. Das Ganze wird ein verschämter, ein holdver¬
1606 2034 2782 2100 Laertes, aber ganz von aller Logik verlassen, beschließt er unmittel¬
2793 2039 3346 2083 erfreuender Erscheinung noch
407 2056 1606 2113 brämter Kitsch. Wohl spürt man immer wieder den Hauch der
1601 2074 2780 2137 bar nach seinem Todesschwur gegen Napoleon, nicht als Frei¬
2789 2077 3366 2139 schon in seiner zerschäumenden
409 2107 1602 2175 Wienerstadt: ihre Plätze, Gäßchen und Gärten, auch der Wiener
1609 2120 2785 2181 williger gegen die heranrückenden Franzosen zu ziehen, sondern die
2796 2123 3370 2183 wie sehr diesem bürgerlichen H#
412 2152 1599 2207 Menschen Hundert feingezogene Linien verkünden den Dichter.
1599 2157 2789 2214 Tote zu rächen. An wem? Am Grabe lernen sich der brüderliche
2794 2159 3371 2216 sehr seine Entschlußkraft imm
402 2190 1601 2254 Aber doch nur den in seine Welt beschaulich verliebten Erzähler,
1609 2202 2791 2264 Medardus und die schwesterliche Prinzessin kennen. „Hinweg mit
2797 2199 3345 2266 Bescheiden und doch königlich
397 2246 1605 2296 der aller Farben und Zwischenfarben achtet, alles durch den
2785 2252 3344 2304 des Medardus Mutter Ilka
1595 2242 2779 2302 den Blumen, Sie Hochmütige, die sollen in Ihren mörderischen
403 2277 1602 2339 Doppelspalt der Klugheit sieht, immer, wenn er gestaltet, zugleich
1599 2289 2784 2349 Fingern welken!" Prinzessin zu einem herzukommenden Mar¬
2784 2288 3376 2356 Herr Götz ließ den Neunzig
412 2325 1593 2374 räsonniert. Zum Drama fehlt nicht das geistige Band, fehlt nur
1600 2340 2784 2388 quis! „Töten Sie ihn, dann will ich Ihre Frau werden“. Nach
2784 2340 3371 2391 ständnislos, fast gleichgültig zu
407 2362 1606 2421 der selbstherrliche, klare Schöpferwille. Der Held, Medardus, hat
1599 2375 2796 2435 dem Duell schickt ihm die Stolze (die keine andere Wichtigkeit auf
2793 2379 3374 2440 weis Enkelkinder in die Gruft
410 2415 1597 2464 so wenig Herrschaft über sein Schicksal wie der Dichter über sein
1606 2418 2784 2475 Erden anerkennt als die sehr schwachfüßigen Ansprüche ihres
2792 2414 3369 2485 einer dauernden Erinnerung
404 2448 1603 2502 in alle Himmelsrichtungen zerrinnendes Gedicht. Im Grunde ist
1607 2461 2788 2531 Papas auf die Krone Frankreichs) dieselben Blumen, die er vom
2788 2465 3372 2539 Epigramm eines dichtenden Au
401 2499 1604 2559 Medardus wieder ein Anatol, nur mit größerer Ehrlichkeit gegen
1592 2504 2794 2564 Grabhügel geschleudert hat. Noch am selben Abend liegt der ver¬
407 2543 1594 2609 sich selbst, nur mit etwas heißerem Blut, dessen Wärmegrad hin¬
1585 2549 2799 2608 wundete Medardus in ihren erhabenen Armen. Die tödlich Ver¬
404 2575 1086 2647 reicht, seine Abenteuer zu steigern.
1583 2575 2803 2664 liebten, die Nacht um Nacht sich trunken einander hingeben (trotz¬
480 2610 1598 2688 Uebrig bleiben ein paar sehr natürlich fließende Bürger¬
1593 2636 2789 2687 dem das konsequente Prinzeßchen inzwischen Marquise geworden
398 2665 1595 2728 gespräche, heimatliche Klänge und ein Bündel sehr scharf ge¬
1598 2664 2800 2735 ist, um später einmal — bei gegebener Gelegenheit — einem
395 2706 1591 2768 schliffener Aperaus, deren blasierte Gescheidtheit uns darüber hin¬
1599 2718 2795 2784 Valois, einem König von Frankreich, das Leben zu schenken) bleiben
402 2759 1595 2817 wegtäuschen soll, daß dieses mit Empfindsamkeit und Prinzessinnen¬
1601 2761 2798 2821 Todfeinde. Wirklich? Medardus will Napoleon töten, in heiligem
402 2801 1595 2850 romantik so schwer beladene Drama seinem Wesen nach ein ver¬
1593 2792 2805 2849 vaterländischen Zorn. Vielleicht auch nur um seiner krankhaften
408 2845 1593 2898 klärter, sehr dickbäuchiger Mühlbach=Roman ist. Es ist bezeichnend
1594 2849 2794 2902 Unruhe ein neues Erruptionsziel zu geben. Tuts nicht, weil die
400 2892 1597 2947 für den zwitterhaften, zwischen Pathos und Ironie, zwischen Be¬
1602 2885 2805 2950 Geliebte dieselbe Tat zu anderem Zweck, zum Besten der Valois,
397 2929 1605 3006 jahung und Zweifel ewig hin und her gaukelnden Geist dieses!
1594 2930 2802 3004 von ihm verlangt. Ersticht sie selbst aus Eifersucht, als sie zu
404 2964 602 3029 Dichters.
1589 2978 2804 3040 Napoleons Empfang nach Schönbrunn geht. (Eine sehr üppig
467 2988 1600 3071 In diesem Kanonendonner=Stück aus der Zeit des zweiten
1599 3021 2795 3082 aufgebaute Opernszene, an deren Schluß Bonaparte in Person —
397 3031 2807 3112 Einmarsches der Franzosen in Wien ist der Mann, der nicht recht beinahe — erscheint.) Napoleon begnadigt ihn, weil die Valois;
390 3094 2813 3181 an die Waschechtheit des Wiener Patriotismus und an die Möglich= selbst den Dolch im Gewande trug. Noch in seiner letzten Stunde!
