3296 4256
1522 149 1982 262 box 26/5
196 151 1378 273 22. Derjunge Nedandus
832 1486 3032 1587 TalenteAritenr Schniters mchthervorgehen, Beldem söhnend, wie es mur die Liebe kam, den muß das
1914 1561 2655 1633 doppelt hoch angerechnet werden.
830 1561 1936 1615 wurde lebhaft gehuldigt. Es war eine Nachfeier der
99 1524 840 1654 euilleton.(G##
2000 1593 3026 1672 Aber dieser „junge Medardus“, (nicht das
831 1610 1926 1678 Erinnerungen an Aspern, den Erzherzog Karl usw.
1924 1639 3022 1721 Stück, sondern die werte Person) ist das ein Wiener?
831 1657 1922 1725 Dem Werk ist das Datum seiner Entstehung aufge¬
579 1644 796 1737 Gecn
1923 1699 3025 1772 Arthur Schnitzler hat seine „dramatische
89 1686 747 1791 Burgtheater. #%%
836 1708 1931 1770 prägt. Aber während in anderen Fällen eine künst¬
1925 1753 3020 1813 Historie“ aus Geschichte und freier Erfindung zu¬
847 1764 1924 1815 lich an und aufgeregte Begeisterung rechtzeitig vor¬
113 1777 843 1852 bdardus.“ Dramatische Historie von
1922 1799 3039 1864 sammengewebt, wie es nicht anders möglich war,
853 1802 1930 1873 her Festspiele schafft, deren spekulative Verfasser
105 1822 853 1892 er. Zum erstenmale Donnerstag den
1919 1858 3025 1923 und zur ersteren dürfen wir unbedenklich auch alle
841 1861 1921 1920 allemal ein bischen auf eine nächsichtige Jubiläums¬
114 1880 530 1950 24. November 1910.
1919 1902 3028 1954 typischen Gestalten und Situationen rechnen, von
831 1900 1930 1975 stimmung rechnen, ist dieses Gedicht aus dem Feste
108 1917 848 2004 kollen wir an eine „dramatische
1915 1953 3032 2011 denen die geschriebene Ueberlieferung die Namen und
845 1958 1933 2022 selbst hervorgegangen und erscheint daher in ange¬
115 1988 845 2055 ngere Ansprüche stellen, als an das
1921 1996 3034 2052 die näheren Umstände nicht bewahrt hat. Da schreitet
844 2000 1925 2074 messener Frist nach demselben, wie sich's eigentlich
154 2035 845 2107 und für den Mann, der das
1924 2049 3029 2114 der Dichter auf den sicheren Wegen, die ihm seine
844 2056 1935 2120 gehört. Es ist eine Frucht der Erinnerungen an
107 2089 841 2143 ben könnte, hätten wir A. Schnitz¬
1918 2091 3038 2155 historischen und archäologischen Milieustudien und
837 2098 1932 2167 1809, denen wir im vorigen Jahre auf verschiedene
106 2116 847 2198 en jetzt vorliegenden Gegenbeweis,
832 2142 3036 2208 andere Art gehuldigt haben. Damals erstand dem von heute und gestern gezeigt haben. Aber sein
104 2170 841 2260 azu fehlt dem Dichter beliebter Ein¬
838 2203 3038 2273 Auge des Wiener Dichters das Bild Wiens vor seine gute Bekanntschaft mit den lebenden Wienern
158 2225 845 2294 kleiner Sittengemälde nicht nur
1926 2250 2908 2306 Titelbeld und die Fabel seines Stückes? ...
2897 2243 3024 2308 Ich¬
838 2249 1944 2321 hundert Jahren. Das Wien der Franzosenzeit und
149 2281 846 2344 tim gegenwärtigen Falle auch der
1917 2279 3034 2355 bin nicht so tief in die Lokalgeschichte eingedrungen
847 2295 1938 2365 der Franzosennot: in der Wirklichkeit kein sehr er¬
161 2331 852 2404 Fünf geschlagene Stunden, durch
1917 2337 3026 2406 und weiß nicht einmal, ob und wieweit die beiden
839 2339 1927 2400 freuliches Bild, in der Kunst just so erfreulich, als
225 2386 842 2441 im Buch sind es sechs Akte,
1933 2387 3020 2449 urkundlich bezeugt sind; aber ich erdreiste mich zu
840 2394 1920 2447 des der Dichter künstlerisch zu gestalten weiß. Es
120 2427 850 2498 piel und fünf Aufzüge, hindurch
1929 2429 3042 2508 behaupten, daß auch das beste urkundliche Zeugnis
848 2441 1932 2510 hätte sich auch „Wien anno 1809“ betiteln dürfen;
129 2478 841 2542 dem Zuschauersitze fest; aber es
1931 2481 3032 2557 für sich allein noch keinen gültigen Paß zum Ein¬
839 2493 1935 2561 denn Wien ist die eigentliche Heldin des Stückes,
105 2522 857 2586 nn einer großartig dahinrollenden
1919 2536 3035 2597 tritt in das Reich der dramatisierten Historie be¬
846 2548 1930 2601 eine bedrängte und gequälte, fieberzerrüttete Stadt,
119 2582 856 2640 s fesselt, sondern eine Reihe kleiner
1928 2581 3026 2653 deuten muß. Oder ga zu dem Hochsitz einer Haupt¬
846 2574 1933 2650 eine leidende Heldin also, und der Titelbeld ist etwas
108 2627 856 2693 die uns im einzelnen nicht miß¬
1928 2632 3037 2704 und Titelfigur! Ich wenigstens habe mich über den
852 2638 1925 2699 noch Schlimmeres: eine pathetische und pathologische,
136 2677 852 2737 kalt lassen, und die wir uns nur
1933 2681 3031 2741 Herrn Medardus (den Jüngling, nicht das Stück)
852 2690 1929 2748 keine ethische Natur, genau besehen gar kein echter
149 2727 850 2788 Neugier und Interesse für das
1923 2727 3035 2803 nur geärgert; und wenn es Anderen besser gegangen
855 2740 1932 2798 Wiener. Denn Wien hat Ethos und wenig Pathos.
119 2752 853 2832 den Wiener Autor bis aus bittere
1916 2784 3036 2853 ist, so will ich mindestens sagen, warum er mir
849 2786 1929 2844 Wien bleibt Wien auch unter dem Grollen der Ge¬
114 2817 823 2906 12 Uhr nachts!) gefallen lassen.
848 2829 3034 2894 schütze von Aspern und Wagram: es zeigt sich bei nicht eine Spur von Teilnahme abgewinnen konnte.
854 2873 3051 2953 solcher Musik nur nicht eben von seiner vorteil= Die weitere Diagnose dürfte dem Arzt Dr. Schnitzler
107 2871 855 2943 Medardus“ hat bei der Erstauffüh¬
845 2911 3042 3009 haftesten Seite. Das macht nichts. Auch die an= leichter fallen, als mir. Ich möchte nur auf einige
111 2940 852 3005 Flauten Beifall gefunden, und ganz
849 2970 3060 3045 ziehendsten Gestaltungen der Kultur haben ihre Punkte der Krankheitsgeschichte aufmerksam machen,:
124 2993 843 3056 ie Schreier und Klatscher nicht ge¬
124 3013 3050 3102 Verwerfliches konnte aus der Ver=schwachen Seiten und ihre schwachen Stunden, und die zugleich eine doppelte Liebesgeschichte ist, eine.
131 3091 3036 3160 kalgeschichtlichen Stoffes mit dem wer die recht darzustellen weiß, so lichtvoll, so ver= kurze, einfache und eine lange, sonderbar verwickelte.
