3344 4352
192 133 1368 258 22. Derjunge Medardus
118 1101 943 1195 riegerisch=unsentimentaler und schwelgerisch¬
128 1181 948 1245 wirkt als appetitreizender Kontrast; ebenso
109 1230 960 1298 der bürgerlichen und der hocharistokratischen
108 1285 960 1347 pansiven, nach außen schlagenden und der
119 1329 953 1399 nnen brennenden Temperamente. Höchst
117 1392 961 1448 schicklichkeit, mit der das Drama abwechselnd
118 1435 960 1491 cksale der Allgemeinheit in den Mittelpunkt
120 1491 964 1548 9o der Dichter unbedeutend wird, tritt irgend
117 1535 969 1619 ulung, die Szene füllend, in den Vorder¬
110 1604 953 1689 nde, förmlich schmetternde Kostüme und die
125 1679 950 1753 Jahrhundertanfangs, prangend in zartesten
124 1733 956 1795 euen das Auge. Auch das Ohr kommt nicht
116 1791 955 1850 stanonen, mit Flinten, mit Revolvern. Man
127 1826 957 1893 ranätlein explodieren zierlich, und zwischen
121 1889 956 1943 hi eine höchst naturalistische kleine Pause.
128 1932 960 2011 Redardus hat das Burgtheater wirklich sein
130 1998 964 2090 Aus der Fülle der Gestalten bewahrt man
137 2076 957 2147 edlen Thronprätendenten, Valajthys treff¬
122 2137 960 2185 er, der Frau Bleibtreu starke, unzaghafte
131 2178 971 2238 Medelsky rührendes Agathchen, Straßnis
124 2223 953 2295 Herrn, Heines meisterhaft kühlen und klugen,
137 2272 954 2341 Treßlers empfindungstiesen, in Ton und
136 2317 962 2391 1 Freund des Medardus (für mein Empfin¬
127 2367 962 2446 hglückte, zu Recht hinkende Figur), Arndts
124 2424 975 2498 lein Hoftenfels leichtfüßige, immer wie von
128 2480 567 2549 Unsug verliebte Zose.
131 2509 965 2591 Gerasch und Fräulein Wolgemuth. Ich
133 2583 962 2639 eiden ein bischen unrecht getan. Flamme,
136 2623 961 2688 könnte, war nie Herrn Geraschs Sache.
135 2673 974 2740 doch ein sehr schönes Tempo, hat Schwung
120 2727 967 2784 hmal, wie auf der schönbrunner Treppe,
129 2784 968 2843 in dem man aus seinen Erregungen das
131 2825 963 2888 revoltierenden Herzens zu hören meint.
129 2872 961 2933 bnierend durch den Adel ihrer Erscheinung,
125 2923 973 2986 üiberschätzt. Noblesse, Kühle, Unnahbarkeit,
129 2969 964 3043 ertrefflich gut. Wo es auf mehr ankommt,
137 3024 971 3086 r innern, nur gedrosselten, nicht verlöschten
132 3068 959 3140 13 den Tiesen dieser spiegelglatten Prinzes¬
148 3121 967 3178 rechten Lichter und Klänge. Ob Fräulein
129 3168 961 3236 edeutende Künstlerin ist, wird sich noch er¬
129 3218 981 3288 dardus merkte man nur, daß sie über die
131 3272 715 3362 m Bedeutung zu markieren.
1523 125 1973 224 box 26/7
1269 1085 1789 1203 Von Schnitzler
1284 1180 1481 1250 Anatol
1422 1211 2623 1325 chizehn Jahre lang hat man irgend einem dramatischen Nah¬
1441 1298 2634 1361 rungsmittel, von Schnitzler oder sonstwem, den einen oder
1297 1352 2643 1429 Aden andern Anatol=Akt voraufgeschickt, um den Appetit zu
1286 1420 2644 1479 reizen, oder hinterhergeschickt, um die Verdauung zu befördern. Kein
1292 1466 2638 1541 guter Gedanke, plötzlich eine ganze Theatermahlzeit mit dem Anatol¬
1295 1524 2639 1590 Zyklus zu bestreiten. Zum Schluß war einem so flau, daß man viel
1296 1591 2642 1649 für ein Stück Kommißbrot gegeben hätte. Dabei ist unverständlich,
1286 1628 2639 1707 daß Brahm sich diesen Verlauf nicht selbst, daß Schnitzler ihn nicht vor¬
1293 1690 2641 1769 hergesagt hat. Auf unsern deutschen Bühnen probiert ein jeder, was
1301 1736 2644 1812 er mag, wenn es auch nur die entfernteste Aussicht auf Erfolg hat.
1299 1793 2631 1870 Daß also von einem Dichter dieses Ranges, einem Autor dieses Markt¬
1297 1844 2644 1921 werts eine Serie heiterer kleiner Stücke, die seit einem halben Menschen¬
1298 1899 2654 1967 alter vorliegt, niemals im Zusammenhang gespielt worden ist: dieser
1293 1952 2647 2022 Tatbestand allein und die Einsicht in die Berechtigung dieses Tatbestandes
1290 2002 2645 2072 hätte alte Praktiker von dem Experiment abhalten sollen. Erfreulicher¬
1286 2062 2639 2125 weise hatte das Experiment nicht sieben, sondern wenigstens blos fünf
1296 2119 2655 2180 Teile. Davon ist der vierte Teil ganz, der zweite halb mißglückt, ist
1300 2184 2651 2242 der erste Teil leidlich, der fünfte genügend und der dritte völlig geglückt.
1297 2241 2646 2301 Diesen dritten Teil — das „Abschiedssouper“ — haben ungefähr sämt¬
1293 2281 2648 2359 liche deutschen Bühnen gespielt. Um zu beweisen, daß sie weise daran
1306 2339 2661 2420 getan haben, brauchte das Lessingtheater wirklich keinen besondern
1294 2400 1782 2479 Abend zu veranstalten.
1400 2419 2644 2504 Was im Lause dieses Abends immer mehr ermattet und verdrießt,
1310 2499 2654 2568 ist die Einförmigkeit seines Inhalts. Anatol wird fünfmal von der¬
1301 2555 2656 2624 selben Seite gezeigt. Wenn er weiter keine Seite hat? Eben darum
1303 2621 2657 2676 reichte es aus, ihn einmal von dieser Seite zu zeigen. Er ist ein
1301 2676 2647 2740 homme à lemmes, der vielen Frauen unwiderstehlich ist, und dem alle
1299 2731 2648 2787 Frauen unwiderstehlich sind. Was heute schon nicht mehr das ganze
1304 2768 2647 2837 Leben der Frau ausmacht, macht noch das ganze Leben dieses Männ¬
1309 2847 2645 2899 chens aus. Schnitzler selbst ist längst über den Typus hinausgewachsen.
1302 2879 2651 2945 Die Ehelente in seinem „Zwischenspiel' sind Erotiker bis über die
1300 2935 2662 2995 Ohren: zugleich sind sie geniale Musiker, die Frau nicht minder als
1300 2999 2656 3067 der Mann. Anatol aber verrät mit keiner Silbe, ob er ein“ menschen¬
1310 3057 2656 3125 öhnliche Existenz führt, geteilt zwischen die verschiedensten Interessen,
1303 3105 2661 3173 eine Existenz, in der die Liebe ihren Platz hat und nicht alles beherrscht.
1308 3146 2662 3228 Er kennt nur einen Gesprächsgegenstand: die Liebe. Himmel und
1319 3208 2669 3300 Erde bewegen sich für ihn nur um einen Pol: die Liebe. Er ist sich nur
2500 3330 2668 3412 1261
