3296 4256
1501 154 1983 258 box 26/5
186 160 1367 271 22. Der junge Nedandus
336 1492 3287 1574 wert. Die Waffe des Rächers, des Befreiers blinkte die kindische Neugier, den Tratsch, den Kleinmut, Krieges, vom Frühling bis in den He
326 1566 3277 1639 in meiner Hand; der giftige Hauch eines Weibes die einzelnen Roheitsexzesse der Wiener Bevöl= ist zugleich und trotz dieser räumliche
328 1617 3272 1657 machte ihn zu eines Buben Waffe.“ Statt des kerung. Wir lernen einen schlichten, aber mehr un auf Wien ein großes Spektakelstück,
2506 1641 3286 1692 zu sehen, zu hören und auch Pulver
1427 1641 2510 1727 glücklichen als tätigen Helden in dem Sattlermeister
339 1656 1432 1722 Franzosenkaisers ersticht, er an der Schloßtreppe zu
2500 1687 3280 1742 Denn wir sind auf der Bastei bei
1415 1696 2522 1758 Jakob Eschenbacher, den feigen Denunzianten in
338 1707 1431 1766 Schönbrunn die Prinzessin von Valois, wird einge¬
2507 1737 3287 1806 der inneren Stadt durch die bei der
1415 1744 2515 1814 dessen Angeber Wachshuber und manche kluge und
340 1752 1422 1823 sperrt, gesteht unaufgefordert seine ursprüngliche Ab¬
2504 1784 3277 1847 aufgestellten französischen Kanonen.
1431 1792 2521 1866 tüchtige, aber ohnmächtige Einzelfigur, z. B. in dem
338 1806 1421 1882 sicht, für die er nur schwer Glauben findet, beharrt
2507 1835 3273 1904 Menschen fallen, der Pöbel stolziert
1428 1844 2504 1908 militäruntauglichen Geschäftsleiter der Klährschen
339 1859 1433 1927 darauf, lehnt es ab, seine Freilassung (nach dem
2508 1877 3281 1944 alten Waffen, revoltiert, erschlägt
1434 1886 2520 1954 Buchhandlung, Etzelt, dem Brackenburg der Haus¬
326 1905 1426 1975 wirklich begangenen Morde?) durch den Verzicht auf
2506 1926 3290 2014 eines feindlichen Parlamentärs, verh
1421 1935 2522 2002 tochter, in den Offizieren der Bürgermiliz und den
326 1953 1434 2036 weitere Attentate gegen Napoleon zu erkaufen, und
3158 1974 3283 2041 Di
1430 1984 3186 2056 bei der Landwehr stehenden Studenten. Daneben oder schreit „Hoch Napoleon!“
329 1999 1434 2076 stirbt den Tod des „letzten und seltsamsten Helden“
1424 2016 3289 2099 natürlich das „süße Mädel“ und den „dummen und sterben oder siechen elend dahin
336 2037 1426 2125 von 1809 unter den Kugeln eines Exekutionspelotons.
1427 2076 3289 2169 Kerl von Wien“ in diversen gelungenen Ausprägun= des braven Sattlermeisters, der weg
444 2106 1424 2160 Es ist ein Glück für Schnitzlers Dichtung,
1434 2119 3296 2212 gen, nicht zu vergessen den „uralten Herrn“, der versteckter Druckschriften den Tod erle#
339 2142 1432 2215 daß darin auch andere Dinge vorkommen, als dieser
1427 2180 3285 2258 in seinem kindischen Stumpfsinn alles mitmacht und mit allen Einzelheiten an uns vol
341 2197 1446 2266 närrische Kanz und diese absurden Geschichten; sonst
1434 2231 3284 2298 alles überlebt, vielleicht auch noch den ganzen Na= übrigen Schrecken, die der Sieg vo
343 2248 1440 2316 müßte sich zu den vielen Gräbern, die sich im „jungen
2517 2273 3297 2333 Wien verhängte. Das heroische Wien
1439 2273 2518 2358 poleon. Gegen diese flüchtig hingeworfenen Gestalten,
332 2297 1433 2368 Medardus“ öffnen, bald auch das des Stückes selbst,
2517 2325 3290 2393 noch keine solche Bühnenschilderung
1433 2335 2512 2390 zusammen mehrere Dutzende, macht das Dutzend
345 2327 1438 2417 als der „letzten und seltsamsten“ Arbeit seines Ver¬
2506 2372 3276 2430 das leidende von 1809. Aber die
1437 2374 2516 2456 französischer Emigranten nicht nur einen unsym¬
347 2384 1444 2464 fassers hinzugesellen. Zu den rettenden Umständen
2510 2415 3290 2487 scheint doch nicht so furchtbar, da
1438 2422 2521 2499 pathischen, sondern auch etwas marionettenhaften
337 2428 1442 2516 rechnen wir aber nicht die politischen Machenschaften
2520 2456 3281 2525 aus dem Häuschen kommen müßte,
1439 2477 2525 2543 Eindruck. Die Franzosen der Invasionsarmee
345 2493 1438 2563 im Hause von Valois, die ebenso langweilig und
2516 2519 3281 2586 Medardus, von dem es schließlich
1439 2532 2522 2598 konnten leicht besser geraten, der General Rapp und
346 2538 1442 2601 verdrießlich sind, als uns der Herr Medardus durch
2518 2567 3250 2643 wollte ihn zum Helden
1436 2584 2514 2646 mehrere einquartiers: Offiziere; denn Anmut und
347 2584 1444 2651 seine fortwährend veränderten und fallen gelassenen
1436 2612 3283 2701 Menschlichkeit lassen dem Sieger, auch dem vorüber=[Lauf der Dinge machte ein
336 2638 1444 2702 Pläne aufreizt und ärgert. Dagegen darf den
2494 2666 3285 2734 aus ihm.“ Da müßten Alle, die
1433 2682 2242 2770 gehend besiegten Helden, doppelt gut.
347 2687 1447 2749 Milieuschilderungen des Wiener Lebens und den
2505 2709 3292 2787 gelegentlich Narren werden. Nein, di
1530 2718 2514 2797 Der „junge Medardus“ ist also kein historisches
336 2734 1455 2803 diese Schilderungen tragenden Nebenfiguren volles
2523 2761 3295 2820 ist schon von Gott oder vielleicht vo
1431 2771 2525 2836 Drama und keine „dramatische Historie“, sondern
345 2786 1438 2850 Lob gespendet werden. Hier ist der Dichter zu Hause,
2513 2814 3286 2876 Narren geschaffen, und der Zeitlauf b
1430 2802 2516 2901 ein sittengeschichtliches Gemälde, das aus einer An¬
340 2836 1434 2905 hier seine Gestaltungskraft ausreichend. Wir erleben
2520 2867 3285 2934 Aeußerungen seiner Psychose. Daher
1437 2860 2526 2941 zahl kleiner Bilder zusammengesetzt ist, zwischen
339 2887 1432 2943 den Auszug der Wiener Landwehr gegen die anrücken¬
2521 2906 3290 2983 wenn der französische General mei
1442 2898 2532 2986 denen oft wochenlange Zeiträume verflossen zu denken
342 2930 1443 2996 den Franzosen, teils als Abschied im Bürgerhause,
2509 2960 3282 3037 „Narr“ könne in solcher Zeit ein E
1432 2955 2525 3025 sind. So gelangen wir, ohne Wiens Häuser und
341 2985 1445 3045 teils als flotte Wirtshausszene, mehrere Begräbnisse
1438 3014 3299 3080 Straßen, Bastei, Glacis und Vorstädte, samt Schön= wie ein anderer. So weichlich dachte
351 3028 1444 3103 mit der typischen gemischten Teilnehmerschaft inter¬
338 3055 3289 3169 essanter Todesfälle, die patriotischen Aufwallungen, brunn zu verlassen, vom Beginn bis zum Ende des Napoleons. Das ist moderner Dus
