3436 4320
344 146 1530 246 22. Derjunge Madaraus
586 1151 1642 1293 Zeitung: Neue Preussische Kreuz-Zeitung
1046 1255 1422 1321 (Abend-Ausgabe)
592 1282 1007 1390 Adresse: Berlin
1080 1379 1268 1470 2.8,0K
585 1416 808 1496 Datum:
553 1535 1672 1630 Lessing=Theater. Die Aufführung der dramatischen Historie
501 1563 1660 1663 Der junge Medardus“ von Arthur Schnitzler
483 1593 1659 1707 bedeutete eine Enttäuschung für die, die gekommen waren,
492 1649 1658 1738 sich durch dramatische Werte aus dem Alltagsgetriebe in
467 1695 1566 1776 reinere Höhen heben zu lassen. Was auch immer
467 1725 605 1775 redet
606 1733 1665 1820 und geschrieben wird von dem ernsten Ton
475 1775 1578 1862 einer Kunst die unsrer großen Zeit gerecht würde
477 1809 1659 1902 in der Praxis des Theaterlebens stellt sich den Leuten von der
473 1845 1660 1942 idealen Forderung eine unüberwindliche Mauer entgegen, hinter
469 1869 1653 1983 der es eigen und seltsam zugeht. Schnitzlers Stück ist trotz eines
470 1915 1629 2010 ernsten Untergrundes ebenso wenig der Macht dieser Tage ge¬
454 1963 1646 2053 wachsen wie tausend zeitgenössische Possen. Ja, man empfindet
460 2000 1648 2096 eine herzliche Langeweile bei den vierzehn Bildern, die viereinhalb
466 2032 1656 2135 Stunden lang Auge und Ohr in Anspruch nehmen. Das Herz
454 2062 1651 2165 aber bleibt ungetroffen, trotz reichlicher Sentimentalitätsmache,
450 2127 1647 2209 Schnupftuchlyrik und angehender Filmdramatik. Ein unreises
458 2158 1651 2235 Pärchen nimmt sich das Leben. Er ist ein Prinz aus dem Hause
474 2207 1664 2297 Valois (die noch immer, trotz Bonapartes Kaisertum, nach Frank¬
474 2244 923 2308 reichs Thron gieren);
920 2263 1653 2348 sie ein Wiener Bürgermädchen. Ihr
477 2289 1652 2369 Bruder, der junge Medardus, will sich an der Schwester des
465 2310 1651 2400 Prinzen, der hochmütigen Helene, rächen. Aber er gerät daber
456 2338 1649 2442 ein ihre Liebesnetze, schwankt in den Niederungen sinnlicher Glut
458 2397 1643 2478 und wilden Tyrannenhasses, wird von ihr klug zum Mörder
457 2434 1640 2521 Napoleons gedungen, senkt aber schließlich doch den Dolch in das
465 2468 1635 2563 Herz der treulosen Marquise, die Napoleons Geliebte sein soll.
461 2521 1646 2601 Der Dichter phantasiert viel von dem „edlen Kaiser der Frau¬
449 2550 1637 2614 zosen“, läßt ihm begeisterte Huldigungen der Wiener Bürger dar¬
453 2590 1641 2677 bringen und findet keinen bessern Helden für sein Stück, als diesen
448 2608 1650 2713 haltlosen törichten Burschen Medardus. Denn daß auch nur ein
459 2671 1641 2753 Lichtgedanke den langen Wortschwall durchzuckte, daß auch nur
457 2704 1644 2780 ein echtes Menschentum, wie wir es jetzt von Dichtern verlangen
453 2751 1631 2830 müssen, in diesem historisch=sentimentalen Bilderbogen gezeigt
448 2786 1640 2870 würde — das wäre zu viel behauptet. Gewiß ist der Wiener
455 2828 1628 2907 Lokalton gut getroffen. Aber das reicht nicht hin, um eine Dich¬
450 2865 1639 2944 tung zu erfüllen. Die Langeweile lag lahmend auf den Zu¬
443 2904 1638 2983 schauern, die die meisten Bilder schweigend und gleichgültig auf¬
447 2932 1630 3023 nahmen. Gespielt wurde unter der Regie Viktor Barnowskys
446 2985 1630 3056 ganz vortrefflich. Ilka Grüning als Mutter Theodor Loos als
439 3004 1631 3102 Medardus, Lina Lossen als Heiene und Alfred Abel als Etzelt
442 3054 1626 3139 bemühten sich, blutvolle Menschen aus dem kargen Sinn zu
432 3090 612 3157 schälen.
1502 3124 1591 3190 Ds.
1677 142 2118 240 box 27/2
1901 1195 3086 1434 zeuung: Liee La#lase #r
1902 1377 2405 1488 Adresse: Cjeltiin
2589 1449 3003 1556 2 6. 0KT. 1914
1898 1493 2123 1566 Datum:
1869 1562 3015 1663 Lessing=Theater. Zum ersten Male: Der junge Me¬
1807 1611 2945 1703 kardus. Dramatische Historie von Axthur Schnitzler.
1877 1667 3010 1732 Det bliebte Wiener Novellist und Dramatiker hat hier die
1814 1695 3011 1777 beiden hets#nen des unglücklichen Nüxnberger Buchhändlers Palm
1808 1734 3010 1804 und desfachtsehnjährigen JünglingsFriedrich Staps aus Naum¬
1808 1771 2997 1856 burg gü einer Gestalt verschmolzen. Wir befinden uns in dem
1807 1814 3014 1899 Wien des Jahres 1809. Zahlreiche Männer sind zu den Waffen
1846 1940 3049 2040 geeilt. Auch Medardus Klär, der Sohn einer Buchhändlerswitwe.
1852 1989 3040 2081 Aber noch andere sind da, die den großen Korsen hassen. Da ist
1849 2014 3050 2117 besonders die Familie der Valois. Die Tochter Helene läßt den
1848 2062 3047 2168 Medardus, wegen einer Beleidigung am Grabe seiner Schwester,
1838 2112 3041 2202 zum Duell fordern. Medardus wird dabei verwundet, fühlt sich
1842 2156 3035 2243 aber doch durch eine sentimentale Liebe zu dieser Helene hinge¬
1838 2186 3038 2277 zogen. Auch sie zeigt eine gewisse Neigung zu ihm, weil sie in
1841 2225 3038 2326 ihm das Werkzeug zu ihren Plänen gegen Napoleon erblickt. Um
1839 2259 3028 2356 den Kaiser ganz sicher zu machen, läßt sie sogar das Gerücht ver¬
1838 2293 3031 2398 breiten, daß sie eine Liebschaft mit Napoleon habe. Medardus,
1830 2348 3025 2439 darüber empört, ersticht sie. Erst im Gefängnis erfährt er, daß
1837 2382 3025 2473 er dem Kaiser das Leben gerettet habe, weil die Markise von
1829 2422 3031 2507 Valois in der Absicht gekommen war, Napoleon zu ermorden.
1832 2454 3031 2556 Aber er weist die ihm angebotene Belohnung nicht nur zurück,
1831 2502 3031 2602 sondern versichert, daß er, freigelassen, auf jede Weise versuchen
1825 2540 3029 2639 würde, ein Attentat gegen Napoleon durchzuführen. Im Gang
1826 2579 3012 2679 der Ereignisse ist sein Charakter geläutert und gestählt worden,
1820 2617 3015 2711 er geht ruhigem Herzens in den Tod. Leider kommt erst in dem
1815 2660 3015 2762 letzten der vierzehn Bilder der Sinn des Ganzen dem Zuschauer
1811 2714 3012 2770 zum Bewußtsein. Der dramatische Nerv fehlt durchaus. Theo¬
1810 2734 3015 2823 dor Loos gab dem Medardus treffend die weichen, erst zuletzt
1809 2778 3010 2872 sich erhärtenden Töne, und Lina Lossen war als Helene von
1812 2821 3010 2907 Valois die berechnende, immer ihr politisches Ziel im Auge be¬
1807 2861 3009 2966 haltende Geliebte. Ilka Grüning schuf in der Witwe Klär
1807 2895 3011 2990 eine ihrer ausgezeichneten Frauengestellen, und Heinz Salf¬
1807 2939 3010 3019 ner war ein tüchtiger Saltlermeister Eschenbacher, der trotz seines
1805 2977 3009 3069 nervösen Kopfzuckens fest in den Tod zu gehen versteht.
1808 3007 3014 3113 Alfred Abel sei als getreuer Geschäftsleiter der Buchhand¬
1796 3049 3009 3142 lung hervorgehoben, ebenso Max Landa als adelstolzer blin¬
1802 3087 2994 3201 der Valois, besonders aber Friedrich Kayßler, der in
1796 3133 3004 3231 seinem General Rapp eine Gestalt wie aus Eisen auf die Bühne
1806 3174 2997 3275 stellte. Die Inszenierung Victor Barnowsky war vor¬
1794 3215 3007 3328 trefflich, wenn auch die gebotenen Bilder teilweise zu sehr nach
1812 3251 2180 3332 Sczessionaussahen.
