3392 4320
393 228 847 324 Ausschnitt aus:
917 220 1319 407 Wie in big
654 300 857 397 1219915
408 340 600 399 vom:
899 285 1328 464 -Ren- Wien
399 465 2709 555 KUNSTPUNB LITERATGRNACHRICHTEN
1568 535 2728 620 tiker der Nation. Es hat außerdem eine Tradition
381 553 1043 648 Der junge Medardus
1561 613 2738 688 (und Renommé zu verlieren). Ferner: das Theater
597 640 1372 725 Dramatische Historie von Arthur Schnitzler
1567 664 2738 736 im allgemeinen ist eine Institution, in der die Kunst
1303 693 1363 745 Wechen
387 689 1122 773 „Wirf dich nicht weg, Agathe!“—
1567 702 2730 766 zum Publikum herabsteigt. Der Kritiker muß also
1569 757 2743 829 hinaufsteigen, damit keine Verschiebung des ästhetischen
392 761 1115 820 „Hab keine Angst, Medardus!“
393 778 1559 872 „Beim Andenken unseres Vaters, schwör mir das!“
1565 800 2741 870 Balancements stattfindet. Ferner: Gerade jetzt, in
1562 855 2739 924 Kriegszeiten, sollte man dem Publikum nur das Beste
398 858 1445 928 „Ich schwör es dir bei unseres Vaters Grab!“
1561 907 2738 980 vom Besten bieten, Stücke der Selbstzucht, der Hu¬
387 905 1558 972 So beginnt es. Bild: das Zimmer der Buchhändlers¬
1573 966 2750 1025 manität und Besinnung. Nicht Stücke wie dieser
384 959 1561 1026 witwe Klähr. Das Bild ist aber, um das gleich vor¬
1577 1010 2733 1073 „Medardus“. Der Weaner Rithmus, den Schnitzler
397 1015 1565 1070 wegzunehmen, nicht von Schwind, sondern von Karl
1568 1054 2742 1117 meint, fällt auf ihn selbst zurück. Schnitzler ist
401 1054 1561 1132 Walser, via „Werkstätten für Bühnenkunst“ etwa aus
1569 1113 2746 1168 weanerischer in diesem Stück als d'Weaner selbst (auf
403 1098 1560 1168 „Velhagen und Clasing“. Ein Onkel tritt auf. Der
397 1148 2736 1216 heißt Eschenbacher. Und sagt etwas bieder=beschwich=, die er es abgesehen hat). Uebrigens eine gute Figur:
2149 1201 2736 1257 Büdinger, der Arzt! (dar¬
398 1209 985 1273 tigendes. Man bemerkt das
2158 1251 2749 1325 gestellt von Gottowt). Im¬
400 1264 981 1326 Spiel: bißchen deklamato¬
2164 1294 2739 1354 merfort fallen ihm Grab¬
403 1298 991 1368 risch, gedreht. „Euch alle,
2158 1335 2780 1421 inschriften ein, die er für
389 1361 991 1422 die ich lieb habe“ sagt
2222 1395 2607 1471 Sentenzen hält.
401 1383 1000 1478 Medardus. Man erinnert
404 1463 994 1521 sich der lapidaren ersten
2395 1444 2757 1549 Hugo Ball
399 1505 995 1569 Kriegsdepeschen des Ge¬
404 1547 983 1624 neralquartiermeisters von
405 1607 992 1668 Stein und findet das
392 1652 985 1731 Ganze dort oben etwas
392 1695 991 1790 unsachlich, umschweifig,
397 1743 729 1818 droschkenhaft.
1762 1806 1828 1874 80
401 1779 986 1866 Zweites Bild: „Kleines
399 1842 983 1915 Wirtshaus in den Donau¬
411 1893 989 1968 auen.“ Freiwillige Sol¬
408 1932 992 2016 datenkerle aus guter Fa¬
392 1996 990 2062 milie sind versammelt,
400 2051 993 2117 Mädgens dabei, und mit
411 2094 995 2162 Absingen patriotischer Lie¬
409 2155 999 2205 der beschäftigt. Man denkt:
401 2187 985 2272 Na schön. Also was wei¬
406 2238 993 2301 ter? „Es geht hinaus gen
403 2295 993 2370 Napolium“, sagt Schnitz¬
396 2342 983 2422 ler. „Gen Napolium“
407 2371 995 2452 sagt Barnowsky. „Gen
396 2435 993 2513 Napolium“ sagt Walser.
407 2470 986 2559 (Schlacht bei Aspern. 1809.)
404 2517 1061 2608 Es herrscht Stimmung. I
412 2588 997 2656 Ohne Zweifel. Nur daß
1237 2585 1916 2663 Generaloberst von Hindenburg
412 2634 990 2700 man das Bestreichen glatter
1161 2636 1965 2726 Originalbüste von Romanus Undresen
404 2693 992 2746 Mädchenflächen im Vor¬
402 2716 1594 2793 dergrunde etwas reichlich findet. Jedoch: dem mag “
406 2781 1270 2842 in Wien so sein, bevor man außerziagt.
556 2824 1430 2917 „Jetzt ist es Zeit, die Trommel ruft,
555 2885 1234 2951 Lieb Mädel, laß mich ziehn.
552 2925 1312 3008 Die Fahne flattert in der Luft,
544 2983 1238 3055 Muß zu den Männern hin.“
400 3015 1569 3093 Schon bringt man Agathe, tot, die Ertrunkene in
400 3073 1565 3144 den Donauwellen (also sie hatte sich doch weggeworfen).
404 3127 1575 3186 Das Wirtshaus: es sieht nicht ganz wie ein Wirts¬
403 3174 1580 3252 haus aus. Eher wie Wildwest, aus Brettern ver¬
403 3227 1462 3279 wegen errichtet. Tut nichts. Man wartet ab.
407 3257 1575 3328 Dann eine Friedhofszene. Massenverkehr. Ganz Jung¬
404 3319 1570 3386 Wien ist da. Geschmeiß! (denkt man). Kraus müßte
407 3370 1576 3437 das sehen! Mehr Menschen als Kreuze. Duftkleider
407 3419 1564 3490 und Geschnatter. Charlottenhüte, Ridikülchen. D#
407 3473 1590 3535 Weana Leit san zgegn. Ein Totengräber ist zgegn.
394 3510 1577 3594 An Begräbnis findt statt. Dann d' Leidtragenden
406 3563 1580 3637 am Doppelgrab. Spannst du es, lüaba Leser? Eine
398 3611 1581 3676 Prinzessin (huch nein, eine Prinzessin!) kommt mit
404 3669 1584 3730 roten Rosen. Diese ist die Schwester des toten Bräu¬
410 3709 1585 3775 tigams und die Anstifterin der Liebestragödie. Und
406 3764 1586 3831 Medardus kommt, seinerseits und beleidigt die Prin¬
401 3811 1570 3889 zessin. Und die Prinzessin (Lina Lossen, ein starkes,
398 3866 1560 3921 großes, reichliches Mädchen mit Feurigkeitsmomenten)
410 3909 1581 3978 sagt zu ihrem Begleiter: „Töten Sie den Menschen
412 3949 1574 4030 und ich werde die Ihre sein." Es muß gesagt werden:
406 4007 1592 4068 das Lessingtheater ist kein Volkstheater. Es trägt
410 4061 1584 4139 seinen Namen nach dem ersten und gewitzigtsten Kri¬
