3392 4320
1022 165 1094 231 M
1344 176 1422 236 11
304 141 1473 282 22. Derjunge Redands
1618 160 2087 273 box 27/3
685 364 1570 482 DOBSERVER
787 438 1482 512 I. österr. behördl. konzessioniertes
747 490 1534 564 Unternehmen für Zeitungs-Ausschnitte
802 553 1491 627 WIEN, I., WOLLZEILE 11
887 609 1384 667 TELEPHON R-23-0-43
686 736 1071 828 Ausschnitt aus:
951 787 1612 916 Mr. Neueste Nachrichten, Wiel
689 952 869 1048 vom:
1016 979 1429 1086 -8.NAl 1932
1828 1129 3012 1206 als Heldentum aus, und der zuerst von vaterländischem
805 1158 1704 1260 „Der junge Medarduse
1816 1179 2992 1255 Eifer Beseelte wird endlich ganz von seinen Trieben
1820 1220 2987 1310 verschlungen. Tragisch=ironisch die Auflösung, da Me¬
856 1239 1618 1338 Neu einstudiert im Burgtheater
1803 1273 2973 1348 dardus Napoleon ermorden möchte und die Geliebte
707 1293 1822 1378 Die dramatische Historie Artur Schnitzlers aus
1827 1331 2976 1377 niedersticht. Sie aber, kalt, hart und doch von seiner
646 1359 1830 1438 dem Wien von 1809 rollt eine Fülle von Menschen
1835 1368 2981 1448 Glut besiegt, kennt ihn in dem vornehmen Kreis ihres
651 1418 1832 1484 und Schicksalen auf, wie sie nicht oft in einem
1832 1420 2990 1490 Hauses nicht, und das war der Höhepunkt von Ebbal
663 1456 1815 1526 Theaterstück zu finden ist, mit großer Kunst werden
1826 1472 2975 1518 Johannsens Darstellung, da sie ihn, in dessen Armen
646 1507 1812 1566 die privaten Leidenschaften des Bürgersohnes Medardus
1816 1513 2980 1603 sie gelegen, mit bannenden Blicken lähmt, entwaffnet,
651 1552 1820 1617 Klähr in die welthistorischen Geschehnisse hineinver¬
1821 1568 2973 1638 hinauszwingt. Nicht Neigungen beherrschen sie, son¬
651 1596 1818 1656 sponnen. Es ist reizvoll und dichterisch fein, wie eigent¬
1821 1606 2977 1680 dern Macht begehrt sie, hochmütig duckt sie den Ge¬
651 1654 1817 1711 lich Napoleon im Mittelpunkt steht, aber niemals sicht¬
1813 1658 2980 1724 liebten und schreit ihm doch heischend ihre Liebe ins
654 1697 1814 1762 bar wird, wie alles zu ihm hinströmt und manches
1819 1706 2982 1781 Gesicht. Man glaubt Frau Johannsen die Prinzessin
654 1737 1827 1825 von ihm bewegt wird. Die höchste Leistung bei der
1819 1757 2988 1823 (die früher Else, Wohlgemuth gegeben hat), und sie
649 1786 1818 1853 gänzlich erneuten Vorstellung bietet Lotte Medelsky,
1812 1787 2990 1879 sricht auch die Monologe, die merkwürdigerweise in
659 1840 1816 1903 die Mutter des Medardus und der Agathe, die sich
1809 1850 2976 1919 diesem Stück nicht selten sind, mit einer selbstverständ¬
647 1893 1813 1946 von stillem Dulden allmählich bis zum höchsten tragi¬
1815 1898 2973 1975 lichen Sicherheit. Tief menschlich, von ihrem Schmerz
659 1935 1808 2000 schen Ausbruch steigert. Gleich neben ihr ist Elisabeth
1810 1937 2980 2020 ergriffen Anna Kallina als Herzogin. Prachtvoll
652 1977 1815 2044 Ortner=Kallina als Agathe zu nennen, nur eine
1816 1991 2980 2064 der blinde Herzog Georg Reimers, wahrhaft ein
648 2017 1818 2102 kleine Rolle, denn sie geht schon am Ende des ersten
1813 2042 2968 2109 König im Exil, der von seinen Träumen lebt. Feiner
654 2080 1812 2136 Bildes mit ihrem Geliebten, dem Prinzen von Valois
1823 2088 2967 2147 und französischer als bei den meisten Franzosen wird
657 2125 1804 2183 (den Karl Eidlitz mit Anmut und elegischer Ver¬
1814 2132 2966 2189 in seinem Hause konversiert, aber es ist eine (vermut¬
648 2178 1809 2236 liebtheit darstellt) ins Wasser, aber in dieser einen ihr
1814 2170 2973 2248 lich schon öfter bemerkte) historische Unmöglichkeit, daß
656 2220 1805 2292 gehörigen Szene findet Frau Ortner ganz innige Töne
1813 2229 2965 2310 die Valois gegen Napoleon Ränke schmieden, sie sind
647 2269 1543 2326 der Liebe und der Todesentschlossenheit.
1814 2264 2396 2343 schon 1672 ausgestorben.
694 2313 1823 2387 Den Medardus gab zum erstenmal Alfred Lohner,
1855 2330 2965 2400 Auf dem Theaterzettel stehen sechsundsiebzig Namen,
649 2366 1822 2442 die Rolle ist in ihrer jugendlichen Chaotik nicht leicht
1805 2381 2971 2429 man kann nicht allen Mitwirkenden gerecht werden.
658 2423 1816 2492 herauszubringen. Lohner hatte manchen starken, auf¬
1817 2429 2975 2507 Eine schöne, hilfsbereite Freundesgestalt der lahme Etzelt
648 2451 1806 2523 brausenden, scharf losfahrenden und wieder liebens¬
1810 2477 2966 2547 des Herrn Emmerich Reimers, eine gute Episode der
657 2516 1807 2579 würdigen Moment, daneben freilich Konventionelles,
1816 2523 2960 2585 verbitterte Arzt Arndts, ein phrasenloser, heimattreuer
655 2569 1812 2621 ganz zu überzeugen vermochte er nicht. Dazu kommt
1817 2569 2972 2646 Wiener Bürger Maierhofer, Wawra eine unermüdliche
660 2617 1815 2666 noch, daß auch nicht eine Spur der Wiener Sprache
1820 2618 2952 2676 männliche Bezirkstratschen, Straßni der Dreiund¬
649 2656 1801 2714 in seinem Munde wohnt, während alles rundherum
1817 2661 2967 2753 neunzigjährige, Maria Kramer, das einfach=kindliche
650 2696 1822 2746 doch wenigstens in Anklängen den Ort festhält. Das
1807 2713 2962 2763 Mädchen, Blankg Glossy die neugierige Frau, die über¬
647 2741 1808 2810 Seelische, das zwischen ihm und der Prinzessin schwebt,
1815 2762 2965 2826 all dabei sein muß, Huber der wetterwendische
658 2793 1813 2856 ist Haßliebe, von beiden Seiten Liebe und von beiden
1817 2812 2963 2863 Denunziant. Auf der anderen Seite das nette Kammer¬
647 2848 1819 2922 Seiten Haß. Er möchte sie, die seine Schwester in den
1811 2857 2957 2912 mädchen der Frau Mayen, der vornehme Marquis des
640 2903 2967 2974 Tod getrieben hat, der öffentlichen Schande preisgeben Herrn Hennings, der skeptische Arzt Heines, Höbling,
641 2945 2960 2985 und wird doch von einer wilden Eifersucht besessen, ein napoleonischer General in guter Haltung. Die Bilder:
650 2996 2977 3074 da sie sich am Tag ihrer ersten Liebesbegegnung mitGeylings sind von früher her bekannt, am hübschesten!
647 3034 2960 3112 einem anderen verlobt. Es ist ein reiches, echt schnitz= das Barockschlössel, in dem die Valois hausen, und
641 3101 2960 3163 lerisches seelisches Gewirre. Was Medardus tut, wird die Schönbrunner Hoffassade. Herterich führte die
643 3151 2964 3231 von den Seinigen falsch gedeutet, Rache legen sie ihm komplizierte Regie. Das Publikum wollte nicht warm
1741 3860 2905 3920 werden, alles wirkte ein bißchen langatmig und er¬
1732 3901 2591 3978 müdend. Man hat die Historien satt.
2700 3910 2855 3994 E. L.
2794 4071 3015 4174 —.—
