3344 4384
238 203 1059 320 22. Der jung
954 215 1410 315 Medardus
1567 227 2011 318 box 27/4
539 590 1054 791 Sgersc
640 671 2293 894 btesa Karn Glen
652 880 893 972 Rundschau.
1653 849 2399 1020 (cülit, C.Keg.
2664 946 2793 1033 115
672 999 1714 1103 Scheinbar differenziert: denn in Wahrheit macht sich
1731 1031 2792 1142 ten Bildern, die sich aber nicht zur Kunstform eines
667 1070 1717 1150 nur die Wichtigkeit bemerklich, die der jugendliche
1737 1092 2091 1163 Romans fügen.
664 1115 1724 1202 Student jedem Wort und jeder Geste beilegt: seine
1773 1145 2775 1234 Eine Übersetzung, die nur mit Freude an den lite¬
659 1176 1720 1233 geistigen und dialektischen Turniere sind ein wenig
1734 1199 2772 1282 rarischen Grenzpfählen begrüßt werden kann, ist
661 1215 1708 1297 Windmühlenkampf — und seine Schicksale wirken
1727 1240 2780 1341 „Rutland"*) eine Seegeschichte von Jonas Lie.
660 1259 1715 1348 ungefähr wie die Tagebuchnotizen eines intellek¬
1731 1298 2774 1376 Die Schilderung von ein paar Menschenschicksalen,
653 1309 1709 1384 tuellen Studenten mit erotischen Stationen. Das
1727 1348 2780 1419 mit denen das alte Schiff Rutland beladen ist, gibt
657 1364 1716 1445 andere Buch erhebt sich aus den gleichen geistigen
1713 1403 2778 1477 der gemütvolle Erzähler mit seiner ganzen Wärme
649 1413 1717 1492 Voraussetzungen, aus kluger Jugend mit literarischen
1710 1458 2783 1521 und Schalkhaftigkeit; da in dem ziemlich langen Ver¬
659 1463 1714 1546 Allüren, aber ohne eigentliche Gestaltungskraft, in
1717 1499 2780 1566 lauf des Buches es naturgemäß einige seichtere
645 1521 1698 1598 etwas pathetischere Regionen. Die immerhin sorg¬
1712 1548 2771 1627 Stellen gibt, wäre es vielleicht besser gewesen, es in
650 1557 1711 1631 lichen Großstadtschilderungen Biberichs sind hier
1709 1581 2771 1660 kleine Novellen zu teilen, mit je einer Pointe und
649 1603 1704 1680 durch eine Malerei mit phantastischerem Pinsel abge¬
1712 1638 2769 1721 der Verbindung, die die gleichen Personen und das
652 1653 1697 1734 löst, deren Bewußtheit aber keinen Augenblick im
1708 1681 2761 1776 gleiche Milien geben; die Geschichte von der Alabaster¬
652 1702 1704 1767 Zweifel bleibt. Um das schwärmerische Paar
1713 1730 2766 1817 uhr und „Mann über Bord“ könnte auf diese Weise
659 1752 1698 1836 „Manfred und Helena“*:), das dem Buch den
1711 1786 2772 1851 betonter und abgeschlossener wirken. Jonas Lie
646 1804 1703 1889 Titel gibt, weht die Luft aus dem Land, wo die
1714 1843 2768 1909 gleicht in seiner volkstümlichen Weichheit und Wärme
639 1846 1696 1923 Myrthe still und hoch der Lorbeer steht und wo
1704 1884 2766 1971 unsern naturnahen Dichtern; er ist ein wenig der
647 1897 1700 1987 Annunzio seine Romane geschrieden hat. Es fehlt
1707 1923 2396 2019 Rosegger des nordischen Meeres.
2491 1946 2719 2030 H. A. S.
645 1942 1692 2043 dem Autor, Emil Ludwig, gar nicht an schön geschau¬
1765 1997 2751 2080 28 Leipzig, Georg Merseburger 1911. Übersetzt von
695 2000 1685 2114 27) S. Fischer, Verlag, Berlin 1911. Geh. 3.50 Ml.,
631 2053 923 2136 geb. 4.50 Mk.
1712 2064 2746 2127 Emilie Stein in Wien. Einbandzeichnung von Albert
1717 2096 2761 2194 Andresen. Druck der Spamer'schen Buchdruckerei, Leipzig.
934 2161 1399 2246 Neuere Dramen. II.
1752 2167 2749 2280 „Die Ratten“ Berliner Tragikomödie,?) gehört
684 2219 1666 2325 Gerhakt Hauptmann hat die in unseren allge¬
1701 2245 2762 2332 wiederumsder naturalistischen Produktionsreihe=Ger¬
638 2269 1675 2352 meinen Ausführungen an dieser Stelle jüngst rurz
1701 2297 2755 2370 hart Häuptmanns an. Ursprünglich beabsichtigte
641 2328 1674 2402 umrissenen Wandlungen alle mitgemacht. Als
1699 2329 2754 2426 der Dichter, wie wir wissen, eine Roman=Serie,
636 2365 1669 2445 starrer Naturalist begann dieser große Dichter des
1690 2398 2739 2476 die das Berliner Leben darstellen sollte. Der Stoff
636 2414 1669 2489 Mitleids, als Verfechter des altruistischen Sozialis¬
1690 2428 2747 2521 der „Ratten“ verleugnet auch nicht die romanhafte
639 2458 1684 2549 mus. Das Sehnen nach dem Übermenschentum riß
1692 2494 2747 2553 Herkunft. Da er uns ins dunkelste Berlin führt, ist
626 2515 1669 2598 ihn, aus der passiven Enge Ibsenscher Familien¬
1684 2538 2748 2620 er natürlich der eines Hintertreppen= und Kriminal¬
623 2574 1678 2639 trägödien zum Traum von der Versunkenen Glocke,
1693 2589 2730 2668 Romanes. Schauplatz ist eine ehemalige Kavallerie¬
630 2617 1676 2700 die wir alle in uns tönen hören; die Herrschaft der
1684 2631 2735 2706 kaserne, deren wirkliche Existenz sogar unlängst nach¬
637 2665 1678 2750 Physis über die Psyche führte ihn zur Gestaltung
1695 2684 2744 2765 gewiesen wurde; überhaupt hat Hauptmann sich
628 2710 1669 2796 von Kaiser Karls Geisel und Griselda, eine alte
1688 2734 2731 2820 nicht gescheut, in der Wirklchkeit unsres Alltags be¬
620 2765 1667 2840 Legende formte er um im Armen Heinrich, auch den
1692 2777 2735 2869 kannte Namen und „Lokales“ zu verwenden, so unter
621 2808 1667 2903 Herrn von Ithaka begann er, den heimkehrenden,
1684 2819 2726 2894 anderm die zu einem Gesangverein zusammenge¬
633 2856 1148 2926 dramatisch zu behandeln.
1682 2874 2739 2947 schlossenen Plattenbrüder, den Präsidenten Maddei
674 2910 1662 2984 Bei allem Grau in Grau entging ihm aber die
1684 2939 2724 2999 u. v. a. Auf dem Dachboden der Kavalleriekaserne
613 2957 1658 3044 komische Seite der Elendmalerei durchaus nicht,
1677 2986 2734 3061 hat der Ex=Theaterdirektor Harro Hassenreuter
619 3002 1672 3090 weder die sarkastische Note (Biberpelz) noch auch die
1679 3033 2730 3108 seinen Theaterfundus untergebracht, hier hält er
618 3056 1669 3133 rührende Lächerlichkeit (Kollege Crampton) sind
1680 3068 2723 3148 Unterricht, hier hat er, der Not gehorchend, eine Art
620 3098 870 3176 ihm fremd.
1670 3131 2726 3206 Maskenleihanstalt etabliert, hier empfängt er auch
659 3157 1658 3222 Eine zwiespältige poctische Triebkraft wirkt in
1677 3167 2712 3259 den Besuch einer ehemaligen Schülerin und „Freun¬
610 3213 1641 3271 ihm, der unbestritten der Dichter des letzten Men¬
1676 3212 2721 3288 din“. Hier wirtschaftet aber auch die Frau John
607 3247 1655 3333 schenalters war, die romantische Kraft kämpft mit
1670 3272 2723 3352 herum, Maurerpoliersgattin, die dem Direktor die
607 3299 1660 3382 der unerbittlichen naturalistischen. Die erste schöpft
1665 3310 2710 3397 Räume und den Fundus in Ordnung hält und
608 3354 1653 3431 aus dem pietistisch angehauchten Religionstum
1673 3375 2710 3442 reinigt. Hier hausen endlich auch Ratten. Auch das
610 3399 1656 3483 Hauptmanns, die letzte aus den Naturwissenschaften
1667 3413 2722 3507 Gespenst eines selbstmörderischen Reiters soll sich
611 3442 1074 3526 und der Wirklichkeit.!)
1676 3452 1846 3522 zeigen.
1708 3508 2708 3593 Tiefer, im zweiten Stock, liegt die Wohnung der
676 3541 719 3599 1)
709 3513 1645 3614 Siehe auch: Kurt Sternberg „Gerhart Hauptmann.
1670 3560 2712 3655 Frau John, das ist der zweite Schauplatz der „Ratten“.
608 3568 1648 3662 Der Entwicklungsgang seiner Dichtungen.“ Verlag Neues
596 3602 1295 3695 Leben. Wilhelm Borngräber, Berlin.
1709 3646 2358 3734 *) S. Fischer Verlag, Berlin 1911.
2352 3693 2459 3793 15•
