3392 4320
1556 174 2019 265 bos 27/2
232 185 1411 288 22. Derjunge Medandus
628 1174 715 1241 —
148 1237 3248 1290 e höheren Werte kennt als das liebe Ich, als und ihn auch dann noch in Ehren begnadigen, als andern Honoratioren Krähwinkels aus schmalzig¬
156 1283 1143 1339 istische Gelüste und Eitelkeiten. Wenn man ihn
1127 1282 3186 1340 er gesteht, wie und aus welchen Gründen sie ge-verquollener Kehle ein sentimentales Lied singt..
155 1321 1139 1382 ersten Akt so daherkommen sieht, in seiner
1138 1330 3243 1395 schehen. Aber Medardus will keine Gnade. Er! Dann aber gab's'uns einen um so kräftigeren Ruck:
151 1357 1138 1418 ucken Uniform, den jungen Herrn Medardus
1140 1368 3241 1430 will den Tod. Den nutzlosen Tod vor den Gewehr= Ist das der Sinn und die Aufgabe der Kunst, uns
154 1415 1138 1476 fhr, ist man wohl einen Augenblick versucht, an
1135 1420 3247 1466 läufen der Füsiliere. Mehr war ihm nicht be¬ die Gedanken von dem alles überschattenden Er¬
143 1441 1141 1523 eodor Körner zu denken: aber bald schämt man
1138 1455 1326 1530 schieden.
2153 1455 3232 1524 lebnis dieser Monate mit fader Verzerrung unsrer
160 1494 1151 1567 des Vergleiches: von entschlossenem Tatenmut
1202 1503 2197 1569 Gerade diese wehrlose Resignation, die dem
2174 1503 3245 1579 Art und Unart hinwegzuscheuchen? Nun und
175 1541 1139 1599 tgar nichts in diesem Zweifler und Zauderer;
1134 1532 3250 1611 Stücke noch in der vorigen Spielzeit den Ruhm be¬ nimmermehr! Wußten wir es noch nicht, daß
180 1572 1140 1645 ihn in flackernde Bewegung setzt, ist nicht mehr
1142 1598 3254 1650 sondrer echtmenschlicher Seelenkenntnis eingebracht dieser Kotzebne nicht wert ist, die Fußspitze auf die
160 1638 1144 1695 eine romantisch erhitzte Ehr= und Abenteuersucht,
1139 1637 3255 1714 hätte, macht es jetzt vor dem Richterstuhl einer Schwelle unster Tage zu setzen, so wissen wir es
171 1677 1143 1733 von dem Dichter mehr willkürlich als charakter¬
1139 1671 3094 1740 starken Wirklichkeit stumpf. Sein Wert scheint uns jetzt. „In die Ecke, Besen, seid's gewesen!“
3053 1707 3210 1788 IAEN N
178 1719 1146 1792 1 und überzeugend mit verwegenen Erfindungen
1130 1731 2183 1788 nur noch von kulturhistorischer Bedeutung, in die
187 1769 1132 1829 Verwickelungen genährt wird. Das erste ist,
1141 1773 2220 1832 sich ein feines lyrisches Aroma, wie Lavendeldust¬
193 1797 1142 1870 Medardurs sich aus einem Vaterlands¬
1129 1806 2201 1868 aus alten Familientruhen, mischt. Sehr hübsch sield¬
163 1847 1147 1912 steidiger in einen Rächer seiner Schwester ver¬
1138 1850 2003 1926 namentlich die zarten Bilderbogen in
1990 1857 2217 1923 Wasser¬
154 1894 1141 1952 delt, die gemeinsam mit dem ihr nicht be¬
1132 1894 2208 1972 malerei, die das freundnachbarliche Bürgerleben
161 1933 1152 2017 mten Liebhaber in die Donau gegangen ist.
1131 1942 2203 2011 aus dem Wien von 1809 illustrieren; den Ein¬
176 1979 2212 2041 t diesem Liebhaber hat es eine eigne. Bewandt=lheimischen werden sie durch ihre liebevolle, unauf¬
216 2031 2213 2100 es ist ein Prinz, ein Valois, und er hat eine dringliche Echtheit noch mehr entzücken als den
156 2052 2196 2132 wester, die ganz erfüllt ist von dem königlichen Fremden. Aber das sind Friedensschönheiten in
163 2121 2210 2206 bicksal und Beruf ihres entthronten Geschlechts.l einem Kriegsstück; sie sind „fehl am Orte“, oder ihre
186 2160 1779 2228 s hindert sie freilich nicht — wie andre Gegen= Zeit soll erst wieder kommen.
226 2204 1145 2273 so liegen bei Schnitzler auch Stolz und
1218 2198 2217 2286 Doch wie? Sehnt sich die vom Schlachtenlärm
166 2231 1145 2322 amlosigkeit, Eis und Feuer eng beieinander —
1126 2240 2205 2317 ermüdete Welt nicht gerade jetzt nach solchen
179 2295 2200 2372 dem jungen Medardus, dem Beleidiger ihres Friedensseligkeiten aus den Zeiten, da der Groß¬
165 2335 1153 2408 blzes, nachdem eine Kugel ihres ebenbürtigen
1138 2343 2202 2412 vater die Großmutter nahm? Manchmal will es so
167 2382 1147 2447 Flobten im Duell ihn nur gestreift hat, in dirnen¬
1133 2375 2212 2466 scheinen. Der Zuschauer des gewaltigen Welt¬
165 2416 2212 2489 ter Anwandkung hinzugeben. Medardus hat theaters, das sich Tag um Tag vor uns abspielt,
169 2472 2209 2548 ke ganz besonderen Absichten bei dem Liebesspiel: möchte es abends einmal, wenn die mitleidigen
161 2519 2205 2590 in die Prinzessin ganz die Seine geworden, will Schatten sich auf die Erde senken, ganz still und
170 2561 2195 2634 hingehen und ihre Schande vor aller Welt aus- friedlich haben. Da erinnert er sich an Kotzebue
160 2603 2192 2665 keien. Aber auch dazu bringt er's nicht, teils und seine Pfahlbürgerkomödien, die der liebe Gott
169 2647 2193 2705 l er selbst zu sehr zum Sklaven seiner erotischen von Weimar in seiner großen Güte und Langmut
176 2695 2189 2761 fühle wird, teils weil er sich von ihr betrogen neben den Werken eines Goethe und Schiller
172 2736 2192 2801 ubt. Denn bald wird ruchbar, daß die stolze duldete, ja sogar zu „Lieblingen des Publikums“
167 2778 2192 2851 ene von Valois als Geliebte Napoleons inwerden ließ, und wenn die Kammerspiele des
179 2825 2207 2896 hönbrunn bei ihm ein= und ausgeht. Nun könnte Deutschen Theaters sich und den Schauspielern zur
159 2867 2199 2952 dardus ja vielleicht auf einem Wege zu seinen Erholung die „Deutschen Kleinstädter“
171 2916 2211 2981 den Zielen gelangen, aber kaum daß er die aufführen, so wird der Deutsche von heute der eine
164 2954 2211 3006 Eulose erstochen, muß er erfahren, daß sie gerade Welt gegen sich in Waffen sieht für ein Stündchen
180 3001 2216 3073 dem besten Wege war, den Tyrannen und Biedermeier mit den Biedermeiern, Philister mit
170 3039 1142 3101 luber ihres Thrones, eine moderne Indith, in
1139 3051 2215 3124 den Philistern. Und er lacht und kreischt wohl gar
175 3074 1143 3149 besarmen zu erwürgen. So hat er im Gegen¬
1138 3098 2203 3157 aus vollem Halse, wenn Lucie Höflich, im
189 3116 1161 3199 verhindert, was der Zweck und Inhalt seines
1136 3140 2211 3201 übrigen nicht einmal die ergötzlichste unter den drei
179 3164 1150 3249 ens sein sollte: Napoleon, dem er Tod und Ver¬
1147 3180 2218 3251 „komischen Alten“, zu denen sich mit prächtiger
183 3218 2216 3291 ben schwor, lebt durch ihn!... Es heißt zu viel Laune die Schönheiten des Deutschen Theaters her¬
183 3265 2204 3339 langt, wenn uns nach der Entwirrung solchen In-geben, als Frau Stadt=Akzise=Kassa=Schreiberin
174 3288 2214 3361 ennetzes zugemutet wird, dennoch an den tragi= vor der Frau Unter=Steuer=Einnehmerin, der Frau
243 3337 867 3408 Heroismus dieses Unhelden
941 3357 2227 3437 glauben.] Ober=Floß- und Fischmeisterin, dem Herrn Bau=,
171 3399 2226 3483 poleon will ihn für die „Rettuntstat“ belohnen Berg= und Weginspektors=Substitut und all den
