3392 4224
1546 132 2016 221 box 26/5
228 131 1415 240 22 Denun Medadus
934 1161 1375 1258 geschlagen werden.
2051 1195 3194 1300 mäßigten Deutschen durch die Raditalen. Es zeigte
1040 1225 2722 1329 Es haben ja übrigens auch an sich schon die sich sehr zur Unzeit, daß
2780 1276 3184 1341 deutschböhmische
924 1265 3196 1411 posttiven Ergebnisse der bisherigen Arbeiten der Führung, die in der Nationalpolitischen Kommission
124 1372 924 1476 er. Pen
935 1396 3172 1502 Mutter des Mädchens und der unbeugsamen Fürsten=] die Seinen, fürs Vaterland töten gesollt. In jinnloser
920 1435 2066 1509 Fraison des Herzogs. Sie können und dürfen nicht mehr
2058 1463 3176 1551 Wut stürzt er auf sie zu, da sie in Kolzem, sicherem
119 1449 952 1547 natische Historie“ hat Artur Scni1er
947 1478 2063 1561 von einander lassen und gehen lieber in den Tod. Am
118 1509 954 1585 En Medardus genannt. Gegember
2055 1502 3167 1583 Schritt zu den kaiserlichen Gemächern emporsteigt, und
954 1523 2061 1609 Grabe Agathens gedenkt, der eben zum Auszug bereite
127 1551 956 1629 Würdigung wollte er wohl jestgestellt
2047 1552 3166 1632 nun tut das Messer seine Schuldigkeit. Die blutige Tat
954 1569 2058 1651 Landwehrmann Medardus nicht mehr des bedrängten
139 1582 945 1668 sein Werk über streng gezogene Grenzen
2051 1594 3170 1672 ist ein schauerlicher Irrtum. Sein Messer hat eine echte
947 1614 2055 1691 Vaterlandes, nicht mehr des verhaßten Tyrannen Na¬
134 1630 952 1710 hen Komposition hinausgeführt habe. In¬
2047 1636 3171 1734 Rächerin getrosfen. Da Medardus ihr sich geweigert,
951 1662 2045 1737 poleon, sondern der Rache an der hochmütigen Fürsten¬
130 1681 952 1758 haffens mag die Fülle des Stoffes ihm
2040 1680 3171 1769 wollte Helene selbst den Gewaltigen hinwegräumen, der
950 1707 2051 1782 familie, durch die die zärtlich geliebte Schwester ins Un¬
126 1715 951 1801 gung über die andere gebracht haben, der
2049 1732 3172 1809 zwischen ihr und dem Throne Frankreichs stand. Doch
948 1752 2061 1821 glück geraten und ihm geraubt worden ist. Und mit
122 1763 951 1854 ehen konnte. So hat er uns eine Reihe
2055 1773 3163 1855 die Tat ist geschehen und in dieser Stunde ist der
940 1789 2063 1877 schmähenden Worten des Hasses weist er die Blumen
127 1801 952 1891 kboten. Er ist sichtlich bestrebt gewesen,
2043 1815 3173 1895 Träumer Medardus zum Manne geworden; zum Helden
946 1834 2058 1914 zurück, mit denen die stolze Prinzeß Helene den Sarg des
128 1861 950 1927 Zusammenhang zu wahren, trotzdem sehen
2047 1861 3171 1950 wächst er empor, da er den Mordauschlag Helenens nun
940 1885 2056 1956 Bruders schmücken will, der mit dem Agathens im ge¬
130 1898 947 1975 es Gefüge vor uns und erst in den aller¬
2047 1913 3159 1982 auch als den seinigen kühn einbekennt und sich mit ihm
937 1921 2049 2004 meinsamen Grabe bestattet ist. Der geschworene Haß je¬
122 1934 944 2017 schließen sich Stimmungen, Schicksale und
2033 1951 3157 2022 unlöslich verbunden erklärt. Nun ist ihm geworden, was
932 1974 2040 2041 doch wandelt sich später in erhörte Liebe, die alle anderen
142 2001 949 2084 zu einer Gesamtwirkung und zu einem
2035 2004 3159 2071 er einst geträumt und wozu die Kraft seiner Seele nicht
944 2008 2044 2084 Gedanken an Pflicht, Vaterland, Rache auslöscht. Doch
127 2036 224 2088 en.
2036 2043 3155 2110 ausgereicht. Für die unausgeführte Tat eilt er dem Tode
941 2061 2045 2145 neuerdings schreckt Medardus das Bluturteil, das seinen
134 2061 944 2154 aller Begebenheiten steht der Held, der
2044 2080 3152 2166 entgegen. Und selbst der Gewaltige, dessen dämonischer
929 2092 2045 2182 wackeren Oheim vor sechs Flintenläufe zerrt, auf.
133 2122 943 2181 sohn Medardus, mit seinem Erleben und
2042 2125 3158 2201 Wille die Völker niedergezwungen, versagt nicht seine
942 2144 2043 2220 Wiederum fühlt er sich als den berufenen Tyrannen¬
2033 2166 3145 2251 Achtung dem Mannesmut, den dies Wiener Kind bezeigt.
125 2163 943 2239 en heroischen Entschlüssen und seiner
942 2183 2046 2258 mörder. Doch der liebe Junge ist nicht der tatkräftige
128 2211 938 2285 osigkeit: um ihn her die wechselnden
2113 2225 3147 2285 Ist Medardus der symbolische Ausdruck für das
933 2231 2045 2311 Hasser, für den er sich selbst hält und für den ihn auch
132 2264 943 2340 on 1809, die tatenfreudige Brgeisterung
2041 2235 3156 2334 Wien von 1809, für jene wundersame Stimmung voll
929 2272 2051 2355 Prinzeß Helene nimmt, die ihn in ihren Armen zur Er¬
123 2290 930 2371 schen Jugend, die Hoffnungen der Besten,
2039 2300 3144 2369 blühender Hoffnung, voll Begeisterung für Kaiser und
931 2319 2043 2404 mordung Napoleons berauschen zu können meint. Seine
124 2328 935 2416 kre Enttäuschungen wandeln, die unruhig
2030 2337 3150 2426 Reich, für die deutsche Sache? Oder will Schnitzler
939 2370 2048 2442 weiche Seele kennt nur die flüchtige Freude, das Leid,
111 2386 933 2448 ng des kleinen Bürgervolkes. Bestimmend
2031 2387 3143 2467 solchen Glauben verhüten, indem er seine Zeitschilderung
932 2408 2040 2484 den Zorn des Augenblicks. Jene männliche Entschlossen¬
122 2435 931 2505 #l wird aber noch ein anderes. In Wien
2024 2431 3146 2492 vor den Erlebnissen des Medardus loslöst und gleichsam
938 2452 2039 2528 heit, die die Tat fest im Auge behält, unerschütterlich
122 2476 936 2558 der entthronten französischen Königsfamilie
2027 2473 3143 2551 zebenher in einigen vorzüglich herausgearbeiteten Szenen
926 2494 2041 2575 vorbereitet und in finsterer Ruhe sie reifen läßt, ist ihm
120 2521 925 2592 In, der greise, blinde Herzog ist von vagen
2030 2523 3138 2600 jene wenigen Stunden der Verteidigung Wiens darstellt?
927 2536 2038 2618 fremd. Er gleicht dem Hamlet Goethes, dem „eine Tat
118 2547 939 2637 nungen betört. Ein paar seiner Getreuen
2039 2566 3144 2626 Da zeichnet er mit ein paar sicheren Strichen bürgerliche
920 2580 2029 2663 auf die Seele geschrieben ist, der sie nicht gewachsen".
127 2614 941 2677 und andere knüpfen an ihre Verwirk¬
2024 2604 3155 2680 Tüchtigkeit, schlichten Mannesmut und tiefwurzelnde
927 2628 2028 2691 Wohl faßt er das Gewaltige, das um ihn her sich be¬
2025 2652 3136 2725 Vaterlandsliebe. Doch äußert sich dies nicht in den voll¬
122 2647 2032 2752 artungen ehrgeiziger Verschwörer. Seiner gibt und auch ihm zum Erlebnis wird, aber es vermag
122 2693 947 2769 er herrlich schönen Prinzessin Helene ist
2021 2689 3128 2777 tönenden Worten, wie sie die Jugend und die Frauen
922 2724 2026 2796 nur die hoffnungslose Erkenntnis seiner Schwäche zu be¬
126 2731 929 2811 kreichs glühender Lebenstraum. Von dem
2021 2731 3135 2822 lieben, sondern in grimmigem Humor und in wortarmer
923 2763 2027 2830 wirken; doch dem verzweifelnden Jüngling soll kein
113 2767 923 2859 antenhof haben sich zarte Fäden zu dem
2031 2782 3136 2863 Tat. Ein kräftiger Gegensatz also zu dem träumerischen,
927 2802 2027 2878 kleinlicher Ausgang beschieden sein. Im Schönbrunner
122 2826 925 2890 gerhaus gesponnen, dem Medardus ent¬
2031 2826 3131 2913 tatenscheuen Wesen des Medardus. Einen anderen und
918 2846 1150 2905 Schloßhof,
1151 2854 2024 2921 wo er über seine finsteren Vorsätze brütend
2029 2869 3140 2947 noch wirksameren Gegenpart dieses passiven Helden stellt
120 2867 2026 2973 erden zum Verhäugnis für beide. Den sich herumtreibt, gewahrt er Helenen, deren Begehren,
2024 2922 3136 2989 Helene dar. Eine hochragende Frauengestalt von glühender
130 2916 2016 3010 und Agathe, die Schwester des Me= Napoleon zu ermorden, er voll Abscheu von sich ge¬
2014 2954 3136 3046 Jugendkraft und Shönheit. Ihrem heroischen Willen beugt
154 2961 2030 3062 ein Herzensbund fürs Leben. Sie ge= wiesen. Das Gerücht bezeichnet sie ihm als die nun¬
2012 3005 3136 3093 sich ihre gesamte Umgebung. Auch auf ihrer Seele lastet
119 3012 3139 3131 n, trotz der vorsichtigen Abwehr der mehrige Geliebte desjenigen, den er für sie, für sich und“ ein Vermächtnis: mit stolzer Bereitschaft hat sie es
