3436 4384
1048 223 1134 288 Me
274 211 1479 329 22. berungdus
1634 227 2088 324 box 27/4
1014 1566 1404 1655 „OBSERVER“
999 1627 1456 1709 I.6. terr. bshördl.
1031 1693 1425 1770 kongessiehirtes
2040 1676 2188 1776 Wie
1123 1746 1329 1817 Bureau
988 1801 1418 1888 für Zeitung enachrichten
1131 1854 1293 1924 Wien, 1.
1683 1845 2186 1965 17.DLZEMBER1910
1020 1907 1417 1968 Konkordiaplatz 4
1036 2062 2152 2182 [Vortrag über Schnitzlers „Der junge
972 2137 2158 2243 Medardus“.] Der Schrifffener Herr Fritz Georg Antal
966 2174 2139 2272 hielt heute in den Räumen des Neuen Frauenklubs einen
977 2223 2153 2338 Vortrag über die Dichtung und Darstellung des „Jungen
975 2269 2139 2362 Medardus“. Herr Antal versuchte zunächst ein Gesamtbild der
967 2307 2132 2389 dichterischen Persönlichkeit Schnitzlers zu geben, wobei er be¬
967 2359 2132 2438 sonders auf den „Schleier der Beatrice“ hinwies, der wohl
959 2403 2146 2502 auch seine Bühnenauferstehung erwarten dürfe. Er legte dann
963 2434 2128 2529 die Geschehnisse in dem jüngsten Schnitzlerschen Werke dar
959 2479 2132 2563 und beschäftigte sich mit der Charakteristik der Hauptfiguren,
963 2535 2133 2615 zunächst des jungen Medardus selbst. Der Vortragende be¬
951 2577 2130 2649 zeichnete diesen scheinbar schwankenden und widerspruchsvollen
952 2624 2136 2703 Helden als ein Sinnbild der Jngend, vor allem der Wiener
953 2665 2123 2744 Jugend, als einen Nerven= wid Stimmungsmenschen, der vor
956 2714 2134 2778 allem aus diesem Gesichtspunkt betrachtet und „berstanden
959 2740 2129 2849 werden müsse. Der Vortrag schloß mit einem warmen Lob
946 2781 2132 2904 der Darstellung, die wieder einmal den Glanz des „alten
954 2822 1498 2895 Burgtheaters“ gezeigt habe.
