3392 4352
263 154 1447 285 22. Derjunge Nedandus
1485 178 2046 292 box 27/3
500 926 2333 1028 Inzwischen verschlimmert sich die leidige In= sich diesmal aber gründlich verrechnet und
3190 962 3353 1050 den a
499 965 2325 1065 slationswirtschaft fortgesetzt. Die Reichsbank hat geht jetzt mit Bangen der für den 18. Mai
2467 985 3111 1095 Wiener Warenbörse.
3196 1035 3349 1092 stützur
493 1024 2330 1110 auch in der ersten Maiwoche abermals mehr l. J. einberufenen außerordentlichen General¬
2377 1062 3355 1160 Zum öffentlichen Verkauf gelangt morgen Wille
487 1072 2963 1164 als zwei Milliarden Mark neues Papiergeld versammlung entgegen, denn man weiß noch um 10 Uhr ein Waggon Hanf.
3179 1131 3354 1196 stützun
1376 1203 3351 1312 von der Schwelle des ihm anvertrauten! Einzelschicksals, enthüllt sich österreichi=ger
536 1186 1330 1304 „Der junge Medardus.“
1391 1251 3352 1375 Hauses fortwies. Und es war eines der scher Menschenwert und österreichische druck
477 1264 1405 1374 Dramatischke Historie von Artur Schnitzler.
1401 1300 3213 1397 dümmsten Worte, das sich über den Erbärmlichkeit. Es zeigt sich jetzt, da dieses
3206 1347 3342 1403 irre,
755 1356 1168 1436 Burgtheater.
1407 1356 3211 1443 „Jungen Medardus“ sagen ließ. Nur Stück nach mehr als zehn Jahren wieder
3202 1386 3352 1450 geiste
1397 1394 2321 1465 einem orthodoxen, vor der phantastischen
2313 1423 3213 1496 auf die Bühne gelangt, daß es Lebens¬
561 1416 1407 1498 In diesem Werk seiner Hochreife sind
3198 1432 3351 1514 Roko
1396 1447 3224 1565 Bilderfülle einer „dramatischen Historie“ kraft für eine lange, für eine sehr lange
490 1476 2795 1578 alle Elemente vereinigt, alle die beson= ratlos entsetzten Naturalisten konnte Zukunft in sich birgt.
488 1523 1987 1591 deren Farben und Kräfte, die das Wesen dieses Wort entschlüpfen.
3209 1516 3352 1596 Scho
2362 1561 3212 1641 Es zeigt sich ferner auch, daß eine un¬
491 1568 1418 1647 Artur Schnitzlers bilden. Da sind in
3206 1583 3339 1640 noch
1466 1591 3209 1687 Als dann Alfred Freiherr v. Berger trennbare Einheit dieses Stück und das
3197 1626 3351 1687 licher
477 1613 3352 1748 Liebe und Liebelei seine jungen Wiener ins Burgtheater kam, führte er den Burgtheater verbindet, Wie der Stoff zu ständ
490 1662 1417 1729 Mädchen, wie er sie voll Andacht, voll
1399 1701 3204 1774 „Jungen Medardus“ auf. In dieser un= diesem Werk aus der österreichischen Erde
481 1705 1409 1787 Skepsis, immer jedoch mit großer Zärt¬
3190 1720 3333 1781 noch
1393 1727 3350 1812 vergeßlichen Vorstellung, in der Ernst empfangen wurde, wird das Werk für seinen
473 1752 1400 1828 lichkeit darstellt. Da sind die jungen
1405 1779 3213 1876 Hartmann den alten Herzog=Präten= das Burgtheater komponiert, aufgebaut
481 1792 1408 1873 Männer, berauscht von der Süße des
3192 1807 3349 1872 zu #
1390 1825 2306 1894 denten zum Vorbild echter Majestät er¬
2286 1823 3220 1921 und geschrieben. Man kann sagen, das
475 1847 1413 1918 Lebens, umweht von der Ahnung des
3199 1862 3342 1922 licher
1394 1873 2314 1940 hob, in der Balajthy mit dem Eschen¬
2298 1895 3204 1961 Burgtheater hat inspirierend selber an
3195 1907 3345 1969 bachen
484 1909 2303 1986 Todes und dabei in einem überwachen bacher eine Prachtgestalt bürgerlichen
2296 1937 3203 2006 diesem Stück mitgearbeitet. Keine andre
3204 1957 3336 2015 auch
478 1944 2300 2028 Bewußtsein beständig auf der Hut vor Heldentums schuf, und die Wohlgemuth
2294 1986 3200 2053 Bühne wäre imstande, den „jungen Me¬
475 2000 1395 2058 sich selbst. Da sind die merkwürdigen
3200 2004 3332 2068 nicht
1402 2012 2308 2081 als Helene v. Valois künstlerisch entdeckt
2309 2035 3346 2128 dardus“ so zu spielen, wie er am Burg= in ei
476 2041 1399 2101 Verknüpfungen des Schicksals, die tragi¬
1392 2055 2298 2148 wurde, kehrte das Burgtheater gleichsam
2297 2083 2781 2152 theater gespielt wird.
482 2092 1398 2165 sches Erleben ins Groteske zerren, heiteres
3178 2090 3324 2158 auch
1393 2085 2026 2175 wieder zu sich selbst zurück.
2360 2116 3334 2211 Das bliebe auch dann noch wahr, volle
470 2121 1407 2202 Getändel zu tragischen Abenteuern
1455 2150 3203 2248 Jetzt hat Anton Wildgans dieses Werk wenn die Einzelleistungen weniger gut
467 2179 1404 2250 steigern und immer den tiefen Sinn
3186 2192 3336 2249 finde
1396 2192 2309 2289 ausgewählt, um Schnitzlers sechzigsten
2284 2225 3194 2297 wären. Auch dann noch wäre der Ge¬
471 2235 1402 2296 jeglichen Geschehens enthüllen. Da ist das
3195 2242 3337 2295 einfa
1396 2258 2299 2330 Geburtstag zu feiern. Seit wir diese
2301 2273 3339 2337 samtton, wäre der Glanz, der alle diese einfa#
478 2279 1402 2337 Phantastische, das breit ausholende
1393 2302 1923 2370 „dramatische Historie“
1943 2297 2300 2375 nicht gesehen
2303 2304 3188 2412 fünfzehn Bilder überschimmert, etwas
472 2308 1389 2393 Spiel mit den Möglichkeiten der Szene,
3186 2328 3331 2391 gar
1398 2354 2301 2424 haben, sind mehr als zehn Jahre ver¬
2294 2365 2523 2435 Einziges.
480 2371 1386 2435 das sich in Schnitzlers frühesten Ent¬
3181 2364 3330 2439 in sel
1389 2400 2303 2471 gangen und wir häben unterdessen so
2342 2415 3336 2481 Von der ersten Besetzung ist ja heute, Vorn
479 2423 1396 2484 würfen anmeldet. Und da ist ein großes,
1385 2441 2298 2517 manche dramatische Historie selber mit¬
481 2473 1394 2538 farbenbuntes, gestaltenreiches Abbild
2283 2434 3321 2545 nach zehn Jahren, nicht mehr so sehr viel von
1388 2493 3198 2588 erlebt, selber mit erlitten. Es zeigt sich, das übrig, aber doch noch manches Wichtige.
473 2506 1393 2575 von Oesterreich. Menschen, Landschaft,
3182 2515 3336 2582 Frau
1385 2545 2299 2608 Schnitzlers Werk in diesen zehn Jahren
472 2560 1400 2632 Geschichte und Geschick, zusammengefaßt
2284 2560 3194 2620 Vor allem Frau Bleibtreu, die als Mutter
3172 2568 3327 2631 als
2324 2586 2378 2636 910
1397 2587 3191 2685 jünger geworden ist und lebendiger. Als Klähr ebenso viel menschliche Einfachheit
475 2603 1381 2692 mit dem wunderbar formenden Griff
3179 2617 3332 2670 repräh
1383 2636 3198 2730 hätte es das Blut dieser zehn Jahre in sich als seelischen Reichtum entfaltet. Dann
476 2648 1084 2732 einer hohen Meisterschaft.
3179 2660 3340 2734 neral
1392 2672 2299 2756 gezogen, pocht nun in diesem Werk der
2288 2701 3198 2771 die Agathe der Frau Medelsky, die er¬
543 2699 1399 2787 Vor etwa vierzehn Jahren hat Paul
1387 2730 2300 2808 fiebernde Puls unsrer Zeit. Alle Zu¬
3189 2733 3332 2813 Tiefe
2290 2745 3178 2821 schütternd wirkt. Dann der uralte Herr,
468 2751 1399 2829 Schlenther dieses Werk „ein liebens¬
1393 2777 3190 2851 sammenhänge treten deutlicher hervor. den Herr Straßny mit seiner fahlen Ein¬
3175 2804 3314 2869 lang
479 2817 3328 2867 würdiges Monstrum“ genannt und hat Was hier poetisch gestaltete Vergangen=dringlichkeit zeichnet, mit jener Kraft, die stellu
471 2860 3327 2909 es abgelehnt. Es war eine der vielen, heit ist, dramatisierte Geschichte, erscheint der äußersten Blässe so viel Plastik zu Lang
465 2906 3328 3016 leichtfertigen Entscheidungen, mit denen jetzt fast wie Prophetentum. Furchtbar geben vermag. Ferner die Helene von Stim
472 2956 3189 3006 dieser Direktor des Burgtheaters gerade begreiflich enthüllt sich das Walten der Valois der Frau Wohlgemuth, die an
3177 2989 3337 3068 Zwisch
466 3009 3212 3062 die wichtigsten und wertvollsten Stücke rücksichtslosen Gewalt, die Ohnmacht des schauspielerischer Vollendung und adeli¬
1900 3070 2025 3123 —.—
3130 3100 3334 3189 im Tuch
2786 3173 3295 3326 PASCHKUST
528 3256 1843 3382 Gongreligl.
2587 3301 3320 3413 4 7 nur Wien, 1. Bezirk. F
1838 3303 2603 3408 erstklessiger Quemna: N
3087 3355 3334 3440 Telephon
1207 3403 1587 3495 eid
