3296 4352
864 142 986 209 Me
1469 135 1920 227 box 26/7
146 143 1323 243 22. berjungeudardus
1717 904 2264 998 ENTELBR
1496 992 2529 1074 intercalée, elle parait n’étre qu'un moyen d’al¬
2515 993 3235 1071 une rapidité bien signiflcative.
460 992 1503 1066 inégal: deux scènes excellentes, un dénoue¬
2513 1048 3229 1121 aappelé son cuvre une histoire
460 1056 1504 1124 ment romanesque et psychologiquement inex¬
1499 1063 2515 1116 longer, le troisième acte et de retarder le dé¬
2516 1095 3239 1161 public, qui a assisté à la représ
453 1100 694 1173 plicable.
1504 1104 2516 1176 nouement, qui est d’ailleurs ce que la piece
496 1122 1505 1202 L’heure fatale a sonné pour les paysans pro¬
2531 1139 3241 1211 quoi s’en tenir à ce sujet;et il s
1501 1154 2017 1219 a de plus contestable.
2525 1191 3245 1255 que M. Schnitzler avait dram
454 1181 1514 1263 testants. IIs s’apprétent à quitter leur foyer,
1544 1184 2522 1253 Rott a caché à son fils Spatz, qui ne vit que
2531 1235 3237 1287 d’histoires insuffisamment relic
461 1229 1500 1288 leur village, pour aller à la recherche d’une
1497 1233 2527 1281 dans la joie du voyage, du départ pour des pays
2529 1277 3238 1335 par une cohésion logique. Un er
453 1266 1503 1348 terre plus hospitalière. Par un raffinement de
1496 1284 2522 1336 inconnus, la nécessité pour Tenfant de rester
2526 1324 3225 1373 que dans le Jeune Médardus on
461 1318 1508 1384 cruauté, le reitre a altendu jusqu'au dernier
1495 1333 2511 1391 au village. II veut lui épargner le plus long¬
453 1367 1503 1423 moment pour les prévenir d’un décret impé¬
1504 1369 2527 1428 temps possible la déception et le chagrin. II
2528 1409 3234 1467 l’erreur de l’auteur de n’en avd
453 1416 1510 1471 rial qui portera le dernier coup aux malhen¬
1505 1414 2517 1469 craint peut-être aussi le caractère violent de
451 1449 1501 1508 reux. IIs n’auront pas le droit d’emmener en
2529 1446 3238 1516 qu'une. Le drame de M. Schnit
1497 1450 2533 1515 Spatz, son impétuosité de jeune sauvage élevé
461 1496 1508 1549 exil leurs enfants. IIs devront les abandonner
2519 1496 3249 1554 l’cuvre d’un romancier que la#
1504 1505 2523 1560 en pleine nature. M. Schcnherr aurait bien
464 1539 1511 1612 à des mains étrangères, qui les éléveront dans
2530 1543 3225 1592 ches aurait saisi et qui aurait
1506 1548 2521 1602 fait de faire exprimer ces craintes par Chris¬
460 1588 1227 1646 le culte de la religion catholique.
2517 1576 3244 1655 de théätre avec les mémes proc
1501 1586 2523 1652 tophe Rott dans le dialogue avec sa femme. Le
2525 1623 3221 1691 qu'un roman. Si l’on jugeait
501 1619 1513 1688 Malgré tout son amour pour son fils Spatz,
1507 1633 2526 1688 coup de téte de Spatz eüt paru moins inad¬
2521 1658 3244 1734 d’après son Medardus, on pourr
1501 1681 2524 1733 missible. Au moment ou le reitre met brutale¬
460 1665 1510 1745 Christophe s’est résigné. Sa femme, la Rottin,
2526 1720 3245 1775 dre d’étre injuste, défendre l’opin
1514 1725 2519 1770 ment fin aux adieux des paysans, en leur in¬
455 1720 1505 1776 restera au pays avec l’enfant; elle l’élévera
2533 1760 3243 1830 que de la plus élémentaire prati
1508 1766 2527 1831 timant l’ordre de partir, Spatz s’échappe des
469 1769 1516 1817 de son mienx, et les conseils que Rott donne
2556 1796 3244 1860 La place nous ferait défaut id
1512 1802 2531 1859 bras de sa mère qui veut le retenir. II s’en¬
468 1806 1498 1855 à sa compagne en cet instant tragique de sé¬
2521 1849 3245 1900 toutes les péripéties du Jeune M
1504 1854 2526 1913 fuit, et pour éviter les soldats, pour les narguer
459 1853 1506 1915 paration sont empreints d’une tendresse qui
2522 1886 3252 1946 teur, soncieux du pathétique, acc
1499 1900 2525 1948 peut-étre, il se jette dans la rivière qui coule
464 1894 1497 1952 font de cette scène, finement observée d’ail¬
2524 1937 3250 2006 méme famille viennoise plus d
1506 1937 2518 1995 près de la ferme de Rott. Son père le rapporte
463 1937 1503 1996 leurs, une idylle au milieu d’un drame som¬
2524 1970 3237 2028 que n’en ont pu attendre cent
1503 1975 2525 2041 mort dans ses bras. Fou de douleur, assoiffé
463 1981 1506 2043 bre. Sans tomber daus la déclamation fade ni
2525 2024 3241 2086 siege de Vienne par Napoléon. M
1510 2035 2529 2084 de vengeance, il se rue sur le reitre, qu’il ter¬
463 2024 1510 2099 dans l’attendrissement de convention, M.
2519 2067 3232 2119 schur séduite et entrainée au
473 2074 1503 2131 Scheanherr a su donner à cette scène une sa¬
1499 2057 2525 2128 rasse et qulil s’appréte à frapper de sa hache
2520 2108 3243 2174 prince de Valois, le fils d’un 6
1502 2119 2531 2160 de paysan. Mais un souvenir paralyse son bras;
467 2107 1510 2192 veur paysanne-qui est répandue un peu sur tout
2528 2151 3244 2212 qui se croit le prétendant au tr
474 2155 847 2221 le dernier acte.
1509 2154 2521 2216 les mots de la Bible: & Pardonne à ton en¬
2522 2204 3245 2256 bons. Pour venger sa scur, il con
1501 2196 2527 2258 nemi n, lui reviennent à la mémoire. II ne
519 2185 1504 2272 Mais l’idylle est de courte durée, et l’arrivée
2523 2250 3246 2305 séduire la fille du duc, une prin
1508 2253 2527 2303 tuera pas; il tend la main à son adversaire
475 2236 1515 2309 de Saudperger, le mari de la morte, nous
2520 2278 3254 2344 taine et entichée de ses titres noh
1501 2286 2520 2347 que tant de générosité confond. Et pendant que
465 2288 1511 2359 rappelle à la réalité tragique. Saudperger est
2521 2329 3258 2387 plusicurs-duels, il conquiert le co
1501 2333 2527 2398 Rott et sa femme quittent le village à la re¬
465 2338 1508 2399 peut-étre, parmi les personnages de For #ei
1505 2381 2524 2440 cherche d’une autre patrie, le reitre, devant l’au¬
2526 2371 3243 2433 cesse qui conquiert le sien à son
468 2388 1501 2445 Patrie, celui qui a gardé le plus les allures
2529 2399 3255 2475 complétement et en fait le jouet
1507 2424 2536 2484 tel de la Vierge, va briser son épée encore
469 2423 1515 2476 et l’äme paysannes. La pavsahnerie du vieux
2524 2451 3254 2519 Le drame se complique d’une 6
1502 2467 2525 2522 sanglante du sang des paysans. Je le répête,
470 2470 1510 2525 Rott est exagéréc. Celle de Christophe Rott
2525 2507 3248 2573 de courplot ourdi par la prince
1510 2507 2540 2566 ce dénouement est inexplicable, II est certes
476 2514 1515 2573 n’apparait guère. Saudperger est un type réel
2531 2558 3243 2613 poléon. Medardus, qui croit, on
1511 2562 2523 2617 déjà fort difficile d’adme tre qu'un enfant, füt¬
471 2548 1507 2609 de paysan. Son amour pour le village, pour
2536 2598 3253 2649 quoi, que la princesse est-la ma
1508 2593 2530 2655 il l’impétuosité méme, comme Spatz, se jette
460 2591 1514 2659 la maison natale, ce n’est pas l’attachement un
2527 2641 3237 2703 poléon, la tue lorsque celle-ci
1513 2626 2536 2699 dans le courant d’une rivière pour narguer
464 2646 1514 2708 peu idéal de Christophe Rott, ce n’est pas la
2520 2683 3247 2740 T’empereur au chätean de Scho
1510 2674 2526 2739 des soldats, auxquels il peut échapper plus
476 2688 1513 2756 passion outrée du vieux Rott, qui, comme le
2529 2725 3256 2777 ce meurtre, bien inutile, Medar
1512 2731 2538 2789 facilement par la course. II est impossible de
471 2737 1504 2791 dit je ne sais quel personnage, avait le mal
2520 2770 3250 2835 Jui-méme en avonant avoir part
1502 2771 2532 2830 croire qu'un père que la douleur accable et¬
471 2768 1518 2835 du pays lorsqu’il avait perdu de vue les dernie¬
2530 2817 3253 2874 plot contre la vie de Napoléon
1500 2815 2537 2871 rend aveugle soit aussi pitoyable, et le genou
472 2809 1505 2874 res maisons de son village. C’est un amour
2534 2861 3251 2919 sillé. Ainsi se termine cette 6t
1513 2855 2533 2919 sur la gorge de son adversaire, songe à lui par¬
465 2855 1515 2928 qu'une longue habitude a tissé de l’éternelle
2537 2900 3250 2959 suicides, de duels, de meurtres.
1522 2905 2531 2958 donner au nom de la Bible. Lä encore la piéce
472 2904 1515 2976 suite des peines et des joies éprouvées sur la
2522 2948 3245 3003 M. Schnitzler n’a été accueilli
1514 2950 2530 3009 de M. Schenherr péche par le côté psycholo¬
469 2948 801 3017 terre natale.
2520 2987 3243 3049 par le public viennois, quf a pf
1504 2989 2527 3059 gique insuffisamment étudié. Le public vien¬
507 2970 1513 3055 Cequi le prouve bien, c’est que Saudperger
2524 3038 3261 3093 décors et aux reconstitutions his
1506 3038 2529 3098 nois, qui ne dédaigne pas d’ailleurs les fins de
478 3033 1514 3085 sait sa maison inhabitable depuis la mort de sa
2535 3072 3258 3144 à grands frais par le Burgtheate
1506 3081 2525 3134 spectacle en apothéose, a accepté ce dénoue¬
468 3077 1504 3140 femme. Son imagination lui fait apparaitre
2528 3121 3244 3183 lent directeur, le baron Berger.
1512 3123 2528 3179 ment, que les acteurs du Volkstheater, par leur
476 3129 1506 3188 chaque nuit des fantômes menaçante La vie
2536 3147 3245 3220 sans trop d’ennui, assister à un
1520 3169 2536 3227 interprétation magistrale, ont rendu, il est vrai,
476 3162 1512 3231 dans cette maison ne sera pour lui qusun long
2539 3189 3262 3265 tion d’une durée de cing heure
1514 3212 1742 3281 possible.
471 3216 1521 3262 martyre. Pourtant il préfère ce martyre à
1551 3230 2532 3312 La pièce de M. Schcenherr, en somme, mal¬
2532 3246 3245 3316 cessité l’apparition en scène de
475 3253 1518 3305 la vie à l’étranger. Et pour pouvoir rester au
1506 3297 2536 3361 gré les défauts que nous avons signalés, tient
2525 3294 3248 3357 ges, sans compter les simples
471 3304 1511 3364 village, mourir sous son toit, lui, le protestant
2528 3322 3265 3398 renom seul de M. Schnitzler, la##
1517 3343 2529 3412 encore le premier rang parmi les cuvres
468 3347 1518 3398 convaincu, abjurera sa religion. Toute cette
2528 3373 3265 3447 d’Anatole et du Perroquet ver#
1516 3375 2167 3450 jouées cette année à Vienne.
469 3395 1512 3447 scène est fort belle et fort logiquement déduite.
2534 3415 3264 3499 pièce d'un échec complet: le pub
1555 3422 2536 3491 Elle est habilemont composée, elle est d’un
485 3435 1518 3486 La seule critique que l’on puisse adresser à
2530 3472 3253 3533 & l’auteur en raison de ses succe
1509 3458 2532 3527 dramatique vigomenx et impressionnant. Nous
483 3475 1509 3533 M. Schenherr, c’est de l’avoir traitée en épi¬
2559 3516 3252 3573 La piéce qui a en le plus gran
1508 3504 2544 3583 ne pouvons pas en dire autant de la pièce de
484 3519 1513 3573 sode, de ne pas l’avoir suffisamment ratta¬
2526 3545 3181 3626 saison, après Foi cs Patrie -
478 3559 1514 3628 chée au corps méme du drame, de ne pas l’avoir
1510 3564 2533 3609 M. Schnitzler, le Jrune Medardus, qui a d’ail¬
471 3604 3260 3659 nurdie assez.intimement dans son.ouvre. Mal lleurs disparu de l’affiche du Burgtheater avec lgenre tout différent, — c’est 17
