<?xml version="1.0" encoding="UTF-8" standalone="yes"?>
<PcGts xmlns="http://schema.primaresearch.org/PAGE/gts/pagecontent/2013-07-15" xmlns:xsi="http://www.w3.org/2001/XMLSchema-instance" xsi:schemaLocation="http://schema.primaresearch.org/PAGE/gts/pagecontent/2013-07-15 http://schema.primaresearch.org/PAGE/gts/pagecontent/2013-07-15/pagecontent.xsd">
    <Metadata>
        <Creator>prov=University of Rostock/Institute of Mathematics/CITlab/Gundram Leifert/gundram.leifert@uni-rostock.de:name=ONB_Newseye_GT_M1+(htr_id=10810)::::v=2.4.2
prov=University of Rostock/Institute of Mathematics/CITlab/Tobias Gruening/tobias.gruening@uni-rostock.de:name=de.uros.citlab.module.baseline2polygon.B2PSeamMultiOriented:v=2.4.2
prov=University of Rostock/Institute of Mathematics/CITlab/Tobias Gruening/tobias.gruening@uni-rostock.de:name=/mnt/transkribus/LA/DEA/URO/LA_news_onb_att.pb:de.uros.citlab.segmentation.CITlab_LA_ML:v=2.4.2
Transkribus</Creator>
        <Created>2019-10-07T11:15:25.035+02:00</Created>
        <LastChange>2019-10-08T01:04:23.152+02:00</LastChange>
        <TranskribusMetadata docId="223966" pageId="9496864" pageNr="227" tsid="16493314" status="IN_PROGRESS" userId="40391" imgUrl="https://files.transkribus.eu/Get?id=HDPPXHTKZSCQWAMTMHZASMXH&amp;fileType=view" xmlUrl="https://files.transkribus.eu/Get?id=OXKLMLYBNPFSUPZMHXVBHQYT" imageId="6187091"/>
    </Metadata>
    <Page imageFilename="223966_0227.jpeg" imageWidth="3392" imageHeight="4480">
        <ReadingOrder>
            <OrderedGroup id="ro_1711440578499" caption="Regions reading order">
                <RegionRefIndexed index="0" regionRef="r1"/>
            </OrderedGroup>
        </ReadingOrder>
        <TextRegion orientation="0.0" id="r1" custom="readingOrder {index:0;}">
            <Coords points="186,369 186,3984 3088,3984 3088,369"/>
            <TextLine id="r1l1" custom="readingOrder {index:0;}">
                <Coords points="897,405 917,405 921,402 932,406 952,405 948,333 928,334 926,337 923,334 911,345 909,342 894,343"/>
                <Baseline points="908,396 939,395"/>
                <TextEquiv>
                    <Unicode>M</Unicode>
                </TextEquiv>
            </TextLine>
            <TextLine id="r1l2" custom="readingOrder {index:1;}">
                <Coords points="1475,392 1532,417 1610,407 1697,432 1774,405 1874,420 1942,403 1942,333 1922,328 1835,343 1802,323 1767,348 1717,323 1605,357 1515,334 1475,342"/>
                <Baseline points="1487,399 1513,399 1539,399 1565,399 1591,399 1617,399 1643,400 1669,400 1695,401 1721,401 1747,401 1773,401 1799,401 1825,401 1851,401 1877,400 1903,399 1929,398"/>
                <TextEquiv>
                    <Unicode>box 26/5</Unicode>
                </TextEquiv>
            </TextLine>
            <TextLine id="r1l3" custom="readingOrder {index:2;}">
                <Coords points="173,402 892,455 1331,440 1332,377 1038,334 935,395 813,349 478,360 446,330 173,364"/>
                <Baseline points="186,396 242,401 299,405 355,408 412,411 469,413 525,415 582,415 638,416 695,416 752,417 808,417 865,416 921,416 978,416 1035,416 1091,415 1148,416 1204,416 1261,416 1318,417"/>
                <TextEquiv>
                    <Unicode>22. Der junge Ledaraus</Unicode>
                </TextEquiv>
            </TextLine>
            <TextLine id="r1l4" custom="readingOrder {index:3;}">
                <Coords points="916,1041 2859,1050 2940,994 917,931"/>
                <Baseline points="930,1012 1029,1010 1129,1007 1229,1006 1329,1005 1429,1004 1529,1004 1628,1004 1728,1005 1828,1006 1928,1007 2028,1009 2128,1011 2228,1012 2327,1014 2427,1017 2527,1019 2627,1021 2727,1023 2827,1025 2927,1027"/>
                <TextEquiv>
                    <Unicode> Zur Neuinszeuierung der „Götterdämmerung“ in der Wiener Hosoper: Szenenbild aus dem zweiten Akt.</Unicode>
                </TextEquiv>
            </TextLine>
            <TextLine id="r1l5" custom="readingOrder {index:4;}">
                <Coords points="1691,1066 1850,1086 1893,1061 1953,1080 2083,1057 2165,1088 2215,1066 2285,1082 2305,1075 2306,1025 1691,1018"/>
                <Baseline points="1703,1054 1732,1052 1762,1051 1791,1051 1821,1051 1850,1050 1880,1051 1909,1051 1939,1051 1968,1052 1998,1052 2027,1053 2057,1054 2086,1055 2116,1056 2145,1056 2175,1057 2204,1058 2234,1058 2263,1058 2293,1058"/>
                <TextEquiv>
                    <Unicode>Illustr.=Untern. C. Seebald, Wien.</Unicode>
                </TextEquiv>
            </TextLine>
            <TextLine id="r1l6" custom="readingOrder {index:5;}">
                <Coords points="1988,1130 2999,1164 3094,1145 3095,1093 2966,1061 2860,1102 1989,1075"/>
                <Baseline points="2000,1121 2054,1123 2108,1125 2162,1126 2216,1128 2270,1129 2324,1130 2378,1131 2432,1131 2486,1132 2540,1132 2594,1133 2648,1133 2702,1134 2756,1134 2810,1135 2864,1136 2918,1137 2972,1139 3026,1141 3081,1143"/>
                <TextEquiv>
                    <Unicode>blikum manchmal stutzig machte, erzielten Stück und Darstel¬</Unicode>
                </TextEquiv>
            </TextLine>
            <TextLine id="r1l7" custom="readingOrder {index:6;}">
                <Coords points="1016,1155 1830,1161 1831,1106 1727,1064 1552,1061 1463,1011 1358,1017 1242,1087 1168,1060 1018,1067"/>
                <Baseline points="1028,1132 1067,1132 1107,1133 1146,1133 1186,1134 1225,1136 1265,1137 1304,1138 1344,1139 1383,1140 1423,1142 1462,1143 1502,1144 1541,1145 1581,1146 1620,1146 1660,1146 1699,1146 1739,1145 1778,1144 1818,1142"/>
                <TextEquiv>
                    <Unicode>Wiener Theaterbilder.</Unicode>
                </TextEquiv>
            </TextLine>
            <TextLine id="r1l8" custom="readingOrder {index:7;}">
                <Coords points="1996,1178 3097,1212 3091,1141 1997,1136"/>
                <Baseline points="2009,1176 2062,1177 2116,1178 2170,1179 2224,1180 2278,1181 2331,1182 2385,1183 2439,1184 2493,1185 2547,1185 2600,1186 2654,1187 2708,1187 2762,1188 2816,1189 2869,1189 2923,1190 2977,1191 3031,1191 3085,1192"/>
                <TextEquiv>
                    <Unicode>lung doch einen Erfolg, der sich besonders stürmisch in der</Unicode>
                </TextEquiv>
            </TextLine>
            <TextLine id="r1l9" custom="readingOrder {index:8;}">
                <Coords points="956,1205 1020,1234 1331,1209 1632,1245 1990,1218 1953,1170 1598,1189 1564,1161 1298,1184 957,1156"/>
                <Baseline points="969,1208 1019,1208 1069,1209 1120,1210 1170,1211 1220,1211 1271,1212 1321,1213 1371,1214 1422,1215 1472,1216 1522,1216 1573,1217 1623,1218 1673,1219 1724,1220 1774,1221 1824,1222 1875,1223 1925,1224 1976,1225"/>
                <TextEquiv>
                    <Unicode>Burgtheater. Die mit Spannung erwartete erste</Unicode>
                </TextEquiv>
            </TextLine>
            <TextLine id="r1l10" custom="readingOrder {index:9;}">
                <Coords points="1994,1239 3098,1249 3098,1209 2939,1191 1995,1177"/>
                <Baseline points="2006,1224 2062,1226 2119,1227 2176,1228 2233,1230 2289,1231 2346,1232 2403,1233 2460,1234 2517,1235 2573,1236 2630,1237 2687,1238 2744,1239 2801,1240 2857,1241 2914,1241 2971,1242 3028,1243 3085,1244"/>
                <TextEquiv>
                    <Unicode>ersten Hälfte des Dramas äußerte. Ein vielbewegtes, an</Unicode>
                </TextEquiv>
            </TextLine>
            <TextLine id="r1l11" custom="readingOrder {index:10;}">
                <Coords points="866,1270 1983,1274 1956,1229 1021,1234 939,1203 867,1240"/>
                <Baseline points="880,1263 934,1263 989,1263 1043,1264 1098,1264 1152,1265 1207,1266 1261,1266 1316,1267 1370,1268 1425,1268 1480,1269 1534,1270 1589,1270 1643,1271 1698,1271 1752,1272 1807,1272 1861,1272 1916,1272 1971,1272"/>
                <TextEquiv>
                    <Unicode>Aufführung der historischen Tragödie „Der junge Me¬</Unicode>
                </TextEquiv>
            </TextLine>
            <TextLine id="r1l12" custom="readingOrder {index:11;}">
                <Coords points="1994,1276 3092,1310 3093,1262 2999,1245 1995,1244"/>
                <Baseline points="2007,1274 2060,1276 2114,1277 2167,1278 2221,1279 2275,1280 2328,1282 2382,1283 2435,1285 2489,1286 2543,1287 2596,1288 2650,1289 2703,1291 2757,1292 2811,1293 2864,1293 2918,1294 2971,1295 3025,1295 3079,1296"/>
                <TextEquiv>
                    <Unicode>dramatischen Szenen und dichterischen Gestaltungen reiches</Unicode>
                </TextEquiv>
            </TextLine>
            <TextLine id="r1l13" custom="readingOrder {index:12;}">
                <Coords points="867,1333 1974,1345 1974,1280 868,1273"/>
                <Baseline points="881,1312 935,1312 989,1313 1043,1314 1097,1314 1151,1315 1205,1316 1259,1316 1313,1317 1367,1317 1421,1318 1475,1319 1529,1319 1583,1320 1637,1320 1691,1321 1745,1321 1799,1322 1853,1322 1907,1323 1962,1323"/>
                <TextEquiv>
                    <Unicode>dardus“ von Artur Sch##eielte ein tiefgehendes</Unicode>
                </TextEquiv>
            </TextLine>
            <TextLine id="r1l14" custom="readingOrder {index:13;}">
                <Coords points="1993,1334 3002,1366 3097,1348 3098,1310 1994,1289"/>
                <Baseline points="2006,1325 2059,1326 2113,1327 2167,1328 2221,1329 2275,1331 2329,1332 2383,1333 2437,1335 2491,1336 2545,1338 2598,1339 2652,1340 2706,1341 2760,1342 2814,1342 2868,1343 2922,1343 2976,1343 3030,1343 3084,1342"/>
                <TextEquiv>
                    <Unicode>Wiener Bild aus den napoleonschen Tagen des Jahres 1809</Unicode>
                </TextEquiv>
            </TextLine>
            <TextLine id="r1l15" custom="readingOrder {index:14;}">
                <Coords points="874,1386 1976,1385 1976,1345 1894,1329 875,1328"/>
                <Baseline points="886,1364 939,1364 993,1365 1047,1365 1101,1366 1155,1366 1209,1367 1263,1367 1317,1368 1371,1369 1425,1370 1478,1370 1532,1371 1586,1371 1640,1372 1694,1373 1748,1373 1802,1374 1856,1374 1910,1374 1964,1374"/>
                <TextEquiv>
                    <Unicode>Interesse von Seite des Publikums.Obwohl durch das</Unicode>
                </TextEquiv>
            </TextLine>
            <TextLine id="r1l16" custom="readingOrder {index:15;}">
                <Coords points="1994,1398 3101,1402 3057,1349 1995,1341"/>
                <Baseline points="2008,1377 2062,1378 2116,1378 2170,1379 2224,1380 2278,1381 2332,1382 2386,1383 2440,1384 2494,1385 2548,1387 2602,1388 2656,1389 2710,1390 2764,1391 2818,1391 2872,1392 2926,1393 2980,1393 3034,1393 3088,1393"/>
                <TextEquiv>
                    <Unicode>entrollt sich in schier erdrückender Fülle in einem Zeitraume</Unicode>
                </TextEquiv>
            </TextLine>
            <TextLine id="r1l17" custom="readingOrder {index:16;}">
                <Coords points="870,1431 1947,1446 1975,1386 871,1386"/>
                <Baseline points="882,1414 936,1414 990,1415 1044,1416 1098,1417 1152,1417 1206,1418 1260,1419 1314,1420 1368,1420 1422,1421 1476,1422 1530,1422 1584,1423 1638,1423 1692,1424 1746,1424 1800,1425 1854,1425 1908,1425 1962,1425"/>
                <TextEquiv>
                    <Unicode>Drama kein einheitlicher Zug geht und das dämonische Haß¬</Unicode>
                </TextEquiv>
            </TextLine>
            <TextLine id="r1l18" custom="readingOrder {index:17;}">
                <Coords points="1987,1427 3035,1467 3085,1455 3086,1405 1987,1395"/>
                <Baseline points="1999,1428 2052,1429 2106,1429 2160,1430 2214,1431 2267,1432 2321,1433 2375,1434 2429,1435 2482,1436 2536,1437 2590,1438 2644,1439 2697,1440 2751,1441 2805,1442 2859,1442 2912,1443 2966,1444 3020,1444 3074,1444"/>
                <TextEquiv>
                    <Unicode>von fast fünf Stunden. Der Dichter steht in einem fortwäh¬</Unicode>
                </TextEquiv>
            </TextLine>
            <TextLine id="r1l19" custom="readingOrder {index:18;}">
                <Coords points="865,1476 1873,1498 1978,1487 1979,1442 865,1431"/>
                <Baseline points="876,1466 930,1466 985,1466 1039,1467 1094,1467 1148,1468 1203,1469 1257,1469 1312,1470 1366,1471 1421,1472 1475,1473 1530,1474 1584,1475 1639,1475 1693,1476 1748,1476 1802,1476 1857,1476 1911,1476 1966,1475"/>
                <TextEquiv>
                    <Unicode>und Liebesspiel des Helden und seiner Partnerin das Pu¬</Unicode>
                </TextEquiv>
            </TextLine>
            <TextLine id="r1l20" custom="readingOrder {index:19;}">
                <Coords points="1968,1497 3092,1516 3093,1466 1969,1439"/>
                <Baseline points="1982,1478 2036,1480 2091,1481 2146,1483 2201,1483 2256,1485 2311,1485 2366,1487 2421,1487 2476,1488 2531,1489 2585,1490 2640,1490 2695,1491 2750,1492 2805,1493 2860,1494 2915,1495 2970,1496 3025,1497 3080,1499"/>
                <TextEquiv>
                    <Unicode>renden Kampfe mit der Ueberfülle seines Stoffes, der haupt¬</Unicode>
                </TextEquiv>
            </TextLine>
            <TextLine id="r1l21" custom="readingOrder {index:20;}">
                <Coords points="1989,1606 3088,1614 3088,1571 3038,1566 1989,1549"/>
                <Baseline points="2002,1591 2055,1592 2109,1593 2163,1594 2216,1595 2270,1595 2324,1596 2377,1596 2431,1596 2485,1597 2539,1597 2592,1597 2646,1597 2700,1597 2753,1598 2807,1598 2861,1599 2914,1600 2968,1601 3022,1603 3076,1604"/>
                <TextEquiv>
                    <Unicode>sächlich durch eine große, mit der Haupthandlung nur lose</Unicode>
                </TextEquiv>
            </TextLine>
            <TextLine id="r1l22" custom="readingOrder {index:21;}">
                <Coords points="1985,1654 3081,1670 3082,1617 2992,1601 2837,1630 1986,1605"/>
                <Baseline points="1998,1644 2051,1645 2105,1645 2158,1645 2212,1646 2265,1646 2319,1646 2372,1647 2426,1647 2479,1647 2533,1647 2587,1648 2640,1648 2694,1649 2747,1649 2801,1650 2854,1651 2908,1652 2961,1653 3015,1655 3069,1656"/>
                <TextEquiv>
                    <Unicode>zusammenhängenden Episode, dem Schicksal der französischen</Unicode>
                </TextEquiv>
            </TextLine>
            <TextLine id="r1l23" custom="readingOrder {index:22;}">
                <Coords points="1977,1707 3086,1703 3021,1660 1977,1653"/>
                <Baseline points="1990,1699 2044,1698 2098,1697 2152,1697 2206,1697 2261,1697 2315,1697 2369,1697 2423,1698 2477,1699 2532,1700 2586,1700 2640,1701 2694,1702 2748,1703 2803,1704 2857,1704 2911,1705 2965,1705 3019,1706 3074,1706"/>
                <TextEquiv>
                    <Unicode>Herzogsfamilie von Valois, verursacht wird. Der junge Me¬</Unicode>
                </TextEquiv>
            </TextLine>
            <TextLine id="r1l24" custom="readingOrder {index:23;}">
                <Coords points="1304,1762 1357,1778 1371,1763 1444,1769 1469,1760 1554,1769 1591,1760 1641,1772 1645,1699 1600,1698 1577,1676 1522,1684 1509,1675 1477,1695 1444,1676 1400,1697 1302,1692"/>
                <Baseline points="1317,1746 1343,1743 1369,1741 1396,1740 1422,1739 1448,1738 1475,1738 1501,1738 1527,1738 1554,1738 1580,1737 1606,1737 1633,1735"/>
                <TextEquiv>
                    <Unicode>Telepben 12.897.</Unicode>
                </TextEquiv>
            </TextLine>
            <TextLine id="r1l25" custom="readingOrder {index:24;}">
                <Coords points="1987,1753 2901,1780 3078,1770 3079,1706 1987,1710"/>
                <Baseline points="2000,1747 2053,1747 2106,1748 2159,1748 2213,1748 2266,1748 2319,1748 2372,1748 2426,1749 2479,1749 2532,1749 2585,1749 2639,1749 2692,1750 2745,1750 2798,1750 2852,1751 2905,1751 2958,1752 3011,1752 3065,1753"/>
                <TextEquiv>
                    <Unicode>darous und seine Schwester Agathe, Kinder der Buchhändlers¬</Unicode>
                </TextEquiv>
            </TextLine>
            <TextLine id="r1l26" custom="readingOrder {index:25;}">
                <Coords points="1978,1802 3085,1813 3085,1775 2856,1753 1979,1765"/>
                <Baseline points="1990,1795 2044,1795 2098,1796 2152,1796 2206,1796 2260,1797 2314,1797 2368,1798 2422,1798 2476,1799 2531,1799 2585,1799 2639,1800 2693,1800 2747,1801 2801,1802 2855,1802 2909,1803 2963,1804 3017,1805 3072,1806"/>
                <TextEquiv>
                    <Unicode>witwe Klähr, kommen in einen tragischen Konflikt mit der</Unicode>
                </TextEquiv>
            </TextLine>
            <TextLine id="r1l27" custom="readingOrder {index:26;}">
                <Coords points="1977,1861 3083,1871 3083,1814 1977,1801"/>
                <Baseline points="1990,1847 2044,1848 2098,1848 2152,1849 2206,1849 2260,1850 2314,1850 2368,1851 2422,1851 2476,1851 2530,1852 2584,1852 2638,1853 2692,1853 2746,1853 2800,1854 2854,1854 2908,1854 2962,1855 3016,1855 3071,1856"/>
                <TextEquiv>
                    <Unicode>Familie Valois. Der junge Herzog François und Agathe</Unicode>
                </TextEquiv>
            </TextLine>
            <TextLine id="r1l28" custom="readingOrder {index:27;}">
                <Coords points="1989,1905 3088,1908 3088,1870 2941,1859 1989,1858"/>
                <Baseline points="2002,1897 2055,1898 2109,1898 2162,1899 2216,1900 2270,1900 2323,1900 2377,1901 2431,1901 2484,1901 2538,1901 2592,1902 2645,1902 2699,1903 2753,1903 2806,1904 2860,1904 2914,1905 2967,1906 3021,1907 3075,1909"/>
                <TextEquiv>
                    <Unicode>haben einen heimlichen Liebesbund geschlossen. Die redlichen</Unicode>
                </TextEquiv>
            </TextLine>
            <TextLine id="r1l29" custom="readingOrder {index:28;}">
                <Coords points="758,1934 975,1910 1046,1934 1395,1929 1391,1779 986,1768 849,1786 756,1859"/>
                <Baseline points="771,1919 801,1916 832,1913 862,1910 893,1907 923,1906 954,1904 984,1903 1015,1902 1045,1901 1076,1901 1106,1901 1137,1900 1167,1900 1198,1900 1228,1900 1259,1900 1289,1900 1320,1899 1350,1899 1381,1898"/>
                <TextEquiv>
                    <Unicode>„OBSERVER‘</Unicode>
                </TextEquiv>
            </TextLine>
            <TextLine id="r1l30" custom="readingOrder {index:29;}">
                <Coords points="1981,1948 3044,1973 3089,1955 3090,1908 1981,1911"/>
                <Baseline points="1994,1947 2048,1948 2102,1949 2156,1950 2210,1950 2264,1951 2318,1951 2373,1951 2427,1952 2481,1952 2535,1952 2589,1952 2643,1952 2697,1953 2752,1953 2806,1953 2860,1954 2914,1954 2968,1955 3022,1955 3077,1956"/>
                <TextEquiv>
                    <Unicode>Absichten des Prinzen scheitern aber an dem Widerstande von</Unicode>
                </TextEquiv>
            </TextLine>
            <TextLine id="r1l31" custom="readingOrder {index:30;}">
                <Coords points="540,1976 1542,1992 1659,1977 1658,1917 539,1938"/>
                <Baseline points="553,1979 607,1977 662,1975 716,1973 771,1972 826,1970 880,1969 935,1968 989,1967 1044,1966 1099,1965 1153,1965 1208,1964 1262,1963 1317,1962 1372,1961 1426,1960 1481,1959 1535,1958 1590,1957 1645,1956"/>
                <TextEquiv>
                    <Unicode>1. Beterr. bebördl. konz. Unternehmen für Zeltunge-Assecheitte</Unicode>
                </TextEquiv>
            </TextLine>
            <TextLine id="r1l32" custom="readingOrder {index:31;}">
                <Coords points="1985,2008 3049,2022 3080,1970 1986,1963"/>
                <Baseline points="1998,1997 2051,1999 2104,2000 2158,2001 2211,2002 2265,2003 2318,2003 2372,2003 2425,2003 2479,2003 2532,2002 2585,2002 2639,2002 2692,2002 2746,2002 2799,2003 2853,2004 2906,2005 2960,2006 3013,2008 3067,2010"/>
                <TextEquiv>
                    <Unicode>François' Vater, der in seinem eingebildeten Königsstolz die</Unicode>
                </TextEquiv>
            </TextLine>
            <TextLine id="r1l33" custom="readingOrder {index:32;}">
                <Coords points="735,2038 1179,2027 1409,2049 1499,2023 1498,1990 1433,1969 1403,1989 1019,1974 977,2002 944,1978 734,1986"/>
                <Baseline points="747,2026 784,2026 821,2026 858,2026 895,2025 932,2025 969,2025 1006,2024 1043,2024 1080,2023 1117,2022 1154,2022 1191,2021 1228,2021 1265,2020 1302,2019 1339,2019 1376,2018 1413,2018 1450,2018 1487,2017"/>
                <TextEquiv>
                    <Unicode>Wien, I., Conoordiaplats 4.</Unicode>
                </TextEquiv>
            </TextLine>
            <TextLine id="r1l34" custom="readingOrder {index:33;}">
                <Coords points="1983,2060 3094,2089 3095,2024 3010,2013 1984,2007"/>
                <Baseline points="1995,2049 2049,2050 2103,2050 2158,2050 2212,2050 2267,2051 2321,2051 2375,2051 2430,2051 2484,2052 2539,2052 2593,2053 2647,2053 2702,2054 2756,2055 2811,2056 2865,2057 2919,2058 2974,2059 3028,2061 3083,2063"/>
                <TextEquiv>
                    <Unicode>Ehe mit einem Bürgermädchen verweigert. Aus Verzweiflung</Unicode>
                </TextEquiv>
            </TextLine>
            <TextLine id="r1l35" custom="readingOrder {index:34;}">
                <Coords points="947,2087 1095,2080 1182,2093 1200,2082 1225,2089 1259,2061 1292,2066 1291,2031 1149,2029 1114,2039 1094,2027 1061,2028 1039,2043 1004,2031 946,2040"/>
                <Baseline points="960,2074 986,2074 1013,2073 1039,2073 1066,2073 1092,2073 1119,2073 1146,2072 1172,2072 1199,2070 1225,2070 1252,2068 1279,2067"/>
                <TextEquiv>
                    <Unicode>Vertretungen</Unicode>
                </TextEquiv>
            </TextLine>
            <TextLine id="r1l36" custom="readingOrder {index:35;}">
                <Coords points="1983,2107 3079,2120 3064,2065 1983,2063"/>
                <Baseline points="1995,2101 2048,2102 2102,2102 2155,2102 2209,2102 2263,2102 2316,2102 2370,2103 2423,2103 2477,2103 2531,2103 2584,2104 2638,2104 2691,2105 2745,2105 2799,2106 2852,2107 2906,2107 2959,2108 3013,2109 3067,2110"/>
                <TextEquiv>
                    <Unicode>hierüber suchen die Liebenden den Tod in den Wellen der</Unicode>
                </TextEquiv>
            </TextLine>
            <TextLine id="r1l37" custom="readingOrder {index:36;}">
                <Coords points="550,2131 1519,2129 1606,2120 1605,2062 549,2088"/>
                <Baseline points="562,2130 613,2129 665,2129 716,2128 768,2127 820,2126 871,2126 923,2125 974,2124 1026,2124 1078,2123 1129,2122 1181,2121 1232,2120 1284,2119 1336,2118 1387,2117 1439,2115 1490,2114 1542,2112 1594,2110"/>
                <TextEquiv>
                    <Unicode>in Berlin, Basel, Budapest, Chicago, Cleveland, Chrtstl##t</Unicode>
                </TextEquiv>
            </TextLine>
            <TextLine id="r1l38" custom="readingOrder {index:37;}">
                <Coords points="1982,2158 3026,2178 3081,2170 3082,2121 1983,2113"/>
                <Baseline points="1995,2152 2048,2153 2102,2154 2155,2154 2209,2155 2263,2155 2316,2155 2370,2155 2424,2155 2477,2155 2531,2155 2585,2155 2638,2155 2692,2156 2746,2156 2799,2156 2853,2157 2907,2157 2960,2158 3014,2159 3068,2161"/>
                <TextEquiv>
                    <Unicode>Donau. Diese Liebesaffäre steht im Zusammenhang mit den</Unicode>
                </TextEquiv>
            </TextLine>
            <TextLine id="r1l39" custom="readingOrder {index:38;}">
                <Coords points="555,2177 1666,2156 1665,2128 1435,2115 554,2135"/>
                <Baseline points="568,2170 622,2171 676,2171 730,2171 785,2170 839,2169 893,2168 947,2167 1002,2166 1056,2164 1110,2163 1164,2161 1219,2159 1273,2158 1327,2157 1381,2156 1436,2155 1490,2155 1544,2154 1598,2155 1653,2155"/>
                <TextEquiv>
                    <Unicode>Genf, Kopenhagen, London, Madrid, Mailand, Minneapolte,</Unicode>
                </TextEquiv>
            </TextLine>
            <TextLine id="r1l40" custom="readingOrder {index:39;}">
                <Coords points="547,2229 1606,2218 1660,2165 546,2177"/>
                <Baseline points="559,2209 613,2208 667,2207 722,2205 776,2204 831,2203 885,2203 940,2202 994,2201 1049,2201 1103,2200 1157,2200 1212,2199 1266,2198 1321,2197 1375,2196 1430,2195 1484,2194 1539,2193 1593,2191 1648,2189"/>
                <TextEquiv>
                    <Unicode>New-Vork, Paris, Rom, San Francisco, Stockholm, St. Petess¬</Unicode>
                </TextEquiv>
            </TextLine>
            <TextLine id="r1l41" custom="readingOrder {index:40;}">
                <Coords points="1979,2215 3070,2231 3086,2174 1979,2165"/>
                <Baseline points="1991,2204 2045,2203 2099,2203 2153,2203 2207,2203 2261,2204 2315,2204 2369,2204 2423,2204 2477,2205 2531,2205 2585,2206 2639,2206 2693,2207 2747,2207 2801,2208 2855,2208 2909,2209 2963,2210 3017,2210 3072,2211"/>
                <TextEquiv>
                    <Unicode>großen Kriegsereignissen und der Bedrängnis der Wiener</Unicode>
                </TextEquiv>
            </TextLine>
            <TextLine id="r1l42" custom="readingOrder {index:41;}">
                <Coords points="956,2245 1024,2254 1096,2246 1126,2256 1151,2245 1189,2252 1276,2239 1275,2209 981,2205 956,2215"/>
                <Baseline points="969,2237 995,2239 1022,2239 1049,2240 1076,2240 1103,2239 1129,2238 1156,2237 1183,2237 1210,2236 1237,2236 1264,2236"/>
                <TextEquiv>
                    <Unicode>burg, Toronto.</Unicode>
                </TextEquiv>
            </TextLine>
            <TextLine id="r1l43" custom="readingOrder {index:42;}">
                <Coords points="1975,2264 2894,2286 3054,2270 3080,2227 1976,2219"/>
                <Baseline points="1989,2253 2042,2254 2096,2255 2150,2256 2204,2256 2258,2257 2312,2257 2366,2258 2420,2258 2474,2258 2528,2258 2581,2258 2635,2258 2689,2258 2743,2258 2797,2259 2851,2259 2905,2259 2959,2260 3013,2261 3067,2262"/>
                <TextEquiv>
                    <Unicode>Bürgerschaft im Jahre 1809. Wir sehen den echten Dichter</Unicode>
                </TextEquiv>
            </TextLine>
            <TextLine id="r1l44" custom="readingOrder {index:43;}">
                <Coords points="876,2293 911,2297 941,2327 1093,2285 1253,2288 1303,2309 1335,2275 1352,2277 1352,2257 1281,2237 1187,2255 992,2253 931,2227 875,2261"/>
                <Baseline points="888,2290 913,2290 938,2289 963,2289 988,2288 1013,2287 1038,2286 1063,2285 1088,2284 1114,2282 1139,2281 1164,2280 1189,2280 1214,2279 1239,2279 1264,2279 1289,2279 1314,2280 1340,2282"/>
                <TextEquiv>
                    <Unicode>(cseengabe ehne Gewarrg</Unicode>
                </TextEquiv>
            </TextLine>
            <TextLine id="r1l45" custom="readingOrder {index:44;}">
                <Coords points="1982,2311 3084,2319 3084,2269 3019,2266 1982,2276"/>
                <Baseline points="1995,2304 2048,2304 2102,2305 2156,2305 2210,2305 2264,2306 2317,2306 2371,2306 2425,2306 2479,2307 2533,2307 2586,2307 2640,2308 2694,2308 2748,2309 2802,2309 2855,2309 2909,2310 2963,2311 3017,2311 3071,2312"/>
                <TextEquiv>
                    <Unicode>auch bei einzelnen meisterhaft gezeichneten Figuren an der</Unicode>
                </TextEquiv>
            </TextLine>
            <TextLine id="r1l46" custom="readingOrder {index:45;}">
                <Coords points="994,2342 1114,2336 1165,2361 1219,2342 1279,2375 1436,2383 1492,2372 1499,2290 1436,2298 1375,2280 1305,2309 1164,2285 998,2294"/>
                <Baseline points="1007,2319 1033,2322 1059,2324 1085,2327 1112,2330 1138,2333 1164,2334 1190,2337 1217,2339 1243,2342 1269,2344 1296,2346 1322,2348 1348,2350 1374,2352 1401,2353 1427,2354 1453,2356 1480,2357"/>
                <TextEquiv>
                    <Unicode>iener Büder</Unicode>
                </TextEquiv>
            </TextLine>
            <TextLine id="r1l47" custom="readingOrder {index:46;}">
                <Coords points="1976,2367 3052,2377 3093,2319 1976,2310"/>
                <Baseline points="1989,2353 2043,2354 2098,2354 2152,2355 2207,2355 2261,2355 2316,2355 2370,2355 2425,2355 2479,2355 2534,2355 2589,2355 2643,2356 2698,2356 2752,2356 2807,2357 2861,2358 2916,2359 2970,2360 3025,2361 3080,2363"/>
                <TextEquiv>
                    <Unicode>Arbeit und selbst die Nebenfiguren atmen wahres Leben. Bei</Unicode>
                </TextEquiv>
            </TextLine>
            <TextLine id="r1l48" custom="readingOrder {index:47;}">
                <Coords points="553,2373 600,2369 626,2384 715,2371 748,2383 793,2369 826,2386 868,2369 930,2375 929,2315 878,2299 829,2313 766,2297 659,2325 624,2309 587,2322 551,2313"/>
                <Baseline points="565,2367 590,2366 615,2365 640,2364 665,2363 690,2362 715,2361 741,2361 766,2360 791,2359 816,2359 841,2358 866,2358 891,2358 917,2357"/>
                <TextEquiv>
                    <Unicode>Ausschnitt aus:</Unicode>
                </TextEquiv>
            </TextLine>
            <TextLine id="r1l49" custom="readingOrder {index:48;}">
                <Coords points="1985,2416 2967,2408 3079,2442 3080,2367 1986,2369"/>
                <Baseline points="1997,2403 2050,2403 2104,2404 2157,2405 2211,2405 2264,2406 2318,2406 2371,2407 2425,2407 2478,2407 2532,2408 2586,2408 2639,2408 2693,2409 2746,2409 2800,2410 2853,2410 2907,2411 2960,2412 3014,2414 3068,2415"/>
                <TextEquiv>
                    <Unicode>der Riesenzahl der Darsteller ist es unmöglich, sie alle nach</Unicode>
                </TextEquiv>
            </TextLine>
            <TextLine id="r1l50" custom="readingOrder {index:49;}">
                <Coords points="1982,2462 3081,2464 2966,2409 1982,2417"/>
                <Baseline points="1995,2453 2048,2454 2102,2455 2155,2456 2209,2456 2263,2457 2316,2457 2370,2457 2424,2457 2477,2457 2531,2457 2585,2457 2638,2457 2692,2457 2746,2457 2799,2458 2853,2458 2907,2459 2960,2459 3014,2460 3068,2461"/>
                <TextEquiv>
                    <Unicode>Gebühr zu würdigen. Am hervorragendsten wirkten die Damen</Unicode>
                </TextEquiv>
            </TextLine>
            <TextLine id="r1l51" custom="readingOrder {index:50;}">
                <Coords points="555,2489 572,2487 595,2497 667,2497 720,2490 720,2440 670,2440 645,2452 638,2447 630,2452 613,2439 583,2439 570,2447 555,2444"/>
                <Baseline points="568,2489 595,2489 623,2489 650,2490 678,2490 706,2489"/>
                <TextEquiv>
                    <Unicode>vom:</Unicode>
                </TextEquiv>
            </TextLine>
            <TextLine id="r1l52" custom="readingOrder {index:51;}">
                <Coords points="718,2528 813,2526 811,2458 799,2459 794,2464 776,2462 752,2485 717,2486"/>
                <Baseline points="729,2506 765,2506 801,2504"/>
                <TextEquiv>
                    <Unicode></Unicode>
                </TextEquiv>
            </TextLine>
            <TextLine id="r1l53" custom="readingOrder {index:52;}">
                <Coords points="1977,2533 2209,2504 3043,2537 3090,2528 3091,2468 1977,2473"/>
                <Baseline points="1989,2504 2043,2504 2098,2505 2152,2505 2207,2505 2261,2505 2316,2506 2370,2506 2425,2506 2479,2507 2534,2507 2588,2507 2643,2507 2697,2508 2752,2508 2806,2509 2861,2509 2915,2510 2970,2510 3024,2511 3079,2512"/>
                <TextEquiv>
                    <Unicode>Römpler=Bleibtreu, Medelsky, Hofteufel</Unicode>
                </TextEquiv>
            </TextLine>
            <TextLine id="r1l54" custom="readingOrder {index:53;}">
                <Coords points="860,2518 877,2524 878,2528 888,2523 898,2525 907,2522 921,2528 939,2479 928,2474 922,2475 918,2465 912,2466 907,2458 886,2451"/>
                <Baseline points="881,2502 913,2514"/>
                <TextEquiv>
                    <Unicode>—</Unicode>
                </TextEquiv>
            </TextLine>
            <TextLine id="r1l55" custom="readingOrder {index:54;}">
                <Coords points="1971,2571 3079,2583 3080,2539 1971,2528"/>
                <Baseline points="1983,2554 2037,2554 2091,2554 2145,2555 2200,2555 2254,2555 2308,2556 2362,2556 2417,2556 2471,2556 2525,2557 2579,2557 2634,2557 2688,2558 2742,2558 2796,2559 2851,2559 2905,2560 2959,2560 3013,2561 3068,2562"/>
                <TextEquiv>
                    <Unicode>und Wohlgemuth, sowie die Herren Gerasch, Ba¬</Unicode>
                </TextEquiv>
            </TextLine>
            <TextLine id="r1l56" custom="readingOrder {index:55;}">
                <Coords points="911,2633 933,2630 952,2640 980,2625 992,2634 1021,2609 1048,2623 1068,2620 1053,2521 943,2522 896,2529"/>
                <Baseline points="920,2608 946,2600 972,2594 998,2591 1024,2588 1051,2589"/>
                <TextEquiv>
                    <Unicode>W</Unicode>
                </TextEquiv>
            </TextLine>
            <TextLine id="r1l57" custom="readingOrder {index:56;}">
                <Coords points="1983,2623 3084,2612 2974,2569 1983,2570"/>
                <Baseline points="1996,2606 2049,2607 2103,2607 2157,2607 2211,2608 2265,2608 2318,2609 2372,2609 2426,2610 2480,2610 2534,2611 2587,2611 2641,2611 2695,2611 2749,2611 2803,2611 2856,2611 2910,2611 2964,2610 3018,2610 3072,2609"/>
                <TextEquiv>
                    <Unicode>laithy, Treßler, Harimann, Devrient, Rei¬</Unicode>
                </TextEquiv>
            </TextLine>
            <TextLine id="r1l58" custom="readingOrder {index:57;}">
                <Coords points="1975,2669 2642,2695 2727,2668 2814,2696 2999,2662 3000,2627 1976,2607"/>
                <Baseline points="1988,2657 2038,2658 2088,2658 2138,2659 2188,2659 2238,2660 2288,2660 2338,2660 2388,2661 2438,2661 2488,2661 2538,2661 2588,2662 2638,2662 2688,2662 2738,2662 2788,2662 2838,2662 2888,2662 2938,2662 2988,2662"/>
                <TextEquiv>
                    <Unicode>mers, Arndt, Heine, Straßni und Frank.</Unicode>
                </TextEquiv>
            </TextLine>
            <TextLine id="r1l59" custom="readingOrder {index:58;}">
                <Coords points="2858,2736 2888,2728 2898,2733 2933,2713 2955,2735 2973,2722 3010,2727 3020,2717 3038,2717 3037,2665 3017,2665 3005,2655 2968,2673 2905,2668 2885,2676 2878,2668 2858,2666"/>
                <Baseline points="2871,2713 2896,2715 2922,2716 2948,2716 2973,2715 2999,2714 3025,2713"/>
                <TextEquiv>
                    <Unicode>V. Ch.</Unicode>
                </TextEquiv>
            </TextLine>
            <TextLine id="r1l60" custom="readingOrder {index:59;}">
                <Coords points="600,3899 1724,3871 1706,3814 1476,3853 1366,3814 1282,3853 599,3842"/>
                <Baseline points="614,3894 668,3893 723,3891 778,3889 833,3888 888,3886 943,3885 998,3884 1053,3882 1108,3881 1163,3880 1217,3879 1272,3878 1327,3878 1382,3877 1437,3877 1492,3877 1547,3876 1602,3877 1657,3877 1712,3878"/>
                <TextEquiv>
                    <Unicode>Dr. Artur Schnitzker, der Dichter der Hislorie „Der junge</Unicode>
                </TextEquiv>
            </TextLine>
            <TextLine id="r1l61" custom="readingOrder {index:60;}">
                <Coords points="607,3950 1741,3939 1739,3861 606,3900"/>
                <Baseline points="619,3934 674,3932 729,3930 785,3929 840,3927 896,3926 951,3925 1007,3924 1062,3923 1118,3922 1173,3922 1228,3921 1284,3920 1339,3920 1395,3919 1450,3919 1506,3918 1561,3918 1617,3917 1672,3917 1728,3916"/>
                <TextEquiv>
                    <Unicode>Medardus“, die am 24. im Hofburgtheater zum ersten Mal</Unicode>
                </TextEquiv>
            </TextLine>
            <TextLine id="r1l62" custom="readingOrder {index:61;}">
                <Coords points="984,3984 1057,3988 1066,3977 1087,3984 1124,3972 1167,3998 1187,3989 1240,3994 1266,3975 1309,3973 1307,3936 1244,3936 1232,3927 1209,3936 1179,3927 982,3936"/>
                <Baseline points="995,3974 1020,3971 1045,3969 1070,3967 1095,3965 1120,3964 1145,3963 1170,3961 1195,3961 1220,3960 1245,3960 1270,3959 1295,3959"/>
                <TextEquiv>
                    <Unicode>gespielt wurde.</Unicode>
                </TextEquiv>
            </TextLine>
            <TextEquiv>
                <Unicode>M
box 26/5
22. Der junge Ledaraus
 Zur Neuinszeuierung der „Götterdämmerung“ in der Wiener Hosoper: Szenenbild aus dem zweiten Akt.
Illustr.=Untern. C. Seebald, Wien.
blikum manchmal stutzig machte, erzielten Stück und Darstel¬
Wiener Theaterbilder.
lung doch einen Erfolg, der sich besonders stürmisch in der
Burgtheater. Die mit Spannung erwartete erste
ersten Hälfte des Dramas äußerte. Ein vielbewegtes, an
Aufführung der historischen Tragödie „Der junge Me¬
dramatischen Szenen und dichterischen Gestaltungen reiches
dardus“ von Artur Sch##eielte ein tiefgehendes
Wiener Bild aus den napoleonschen Tagen des Jahres 1809
Interesse von Seite des Publikums.Obwohl durch das
entrollt sich in schier erdrückender Fülle in einem Zeitraume
Drama kein einheitlicher Zug geht und das dämonische Haß¬
von fast fünf Stunden. Der Dichter steht in einem fortwäh¬
und Liebesspiel des Helden und seiner Partnerin das Pu¬
renden Kampfe mit der Ueberfülle seines Stoffes, der haupt¬
sächlich durch eine große, mit der Haupthandlung nur lose
zusammenhängenden Episode, dem Schicksal der französischen
Herzogsfamilie von Valois, verursacht wird. Der junge Me¬
Telepben 12.897.
darous und seine Schwester Agathe, Kinder der Buchhändlers¬
witwe Klähr, kommen in einen tragischen Konflikt mit der
Familie Valois. Der junge Herzog François und Agathe
haben einen heimlichen Liebesbund geschlossen. Die redlichen
„OBSERVER‘
Absichten des Prinzen scheitern aber an dem Widerstande von
1. Beterr. bebördl. konz. Unternehmen für Zeltunge-Assecheitte
François' Vater, der in seinem eingebildeten Königsstolz die
Wien, I., Conoordiaplats 4.
Ehe mit einem Bürgermädchen verweigert. Aus Verzweiflung
Vertretungen
hierüber suchen die Liebenden den Tod in den Wellen der
in Berlin, Basel, Budapest, Chicago, Cleveland, Chrtstl##t
Donau. Diese Liebesaffäre steht im Zusammenhang mit den
Genf, Kopenhagen, London, Madrid, Mailand, Minneapolte,
New-Vork, Paris, Rom, San Francisco, Stockholm, St. Petess¬
großen Kriegsereignissen und der Bedrängnis der Wiener
burg, Toronto.
Bürgerschaft im Jahre 1809. Wir sehen den echten Dichter
(cseengabe ehne Gewarrg
auch bei einzelnen meisterhaft gezeichneten Figuren an der
iener Büder
Arbeit und selbst die Nebenfiguren atmen wahres Leben. Bei
Ausschnitt aus:
der Riesenzahl der Darsteller ist es unmöglich, sie alle nach
Gebühr zu würdigen. Am hervorragendsten wirkten die Damen
vom:

Römpler=Bleibtreu, Medelsky, Hofteufel
—
und Wohlgemuth, sowie die Herren Gerasch, Ba¬
W
laithy, Treßler, Harimann, Devrient, Rei¬
mers, Arndt, Heine, Straßni und Frank.
V. Ch.
Dr. Artur Schnitzker, der Dichter der Hislorie „Der junge
Medardus“, die am 24. im Hofburgtheater zum ersten Mal
gespielt wurde.</Unicode>
            </TextEquiv>
        </TextRegion>
    </Page>
</PcGts>
