3344 4192
199 113 1370 222 22. Denjunge Nedandus
88 1375 1474 1431 schwung ein. tapferen Bürgersohn Medardus fehlt zum Helden nur eines:
101 1415 1472 1470 französischen er dürfte kein Wiener sein. Anderswo geboren, hätte er
95 1449 348 1510 ist, noch tot
358 1453 1463 1504 sich selbst oder hätte ihn das Geschick auf den richtigen Platz
97 1489 341 1543 schneller und
359 1493 1471 1545 gestellt. Aber er ist Wiener, und so fehlt ihm der starke
155 1539 1476 1585 Sinnlose Wille. Erst ist er kriegsbereit. Doch zum Liebesmahl werden
97 1558 340 1621 brennt, das
348 1569 1472 1619 zwei Selbstmörder gebracht, die der Strom eben bei jenem
93 1600 347 1660 len aus Ver¬
348 1609 1479 1652 Donanwirtshaus ans Land gespült hat. Es ist die Schwester
96 1644 334 1702 worden sein,
354 1648 1475 1698 des Medardus und ihr Geliebter, der Prinz von Valois,
103 1686 336 1732 anno 1805
351 1689 1479 1747 die gemeinsam starben, weil die Valois, Prätendenten von
97 1722 328 1780 Ist es nicht
352 1729 1478 1771 Frankreichs Krone, die Mésalliance des Erbprinzen nicht er¬
85 1761 330 1815 n Zeit wird
347 1769 1478 1814 laubten. Umsonst sagt dem Medardus sein bester Freund:
95 1802 325 1853 ht zum Ent¬
353 1814 1464 1860 „Mitstürzen in die Vernichtung oder erhobenen Hauptes
115 1839 329 1895 etwas zur
352 1849 1476 1894 weitergehen — es gibt keine andere Antwort auf das Un¬
569 1878 606 1914 77
82 1875 333 1941 ten Platz...
339 1886 1476 1933 abänderliche.“ Medardus bleibt in Wien, rückt dem Feind
353 1926 1472 1971 nicht mitentgegen. Vaterland, Ruhm und Heldenrum sind
98 1924 329 1984 ngen ist, in
337 1956 1470 2018 ihm leerer Schall geworden. Er will nur Rache. Beim Be¬
89 1968 328 2023 g zu machen.
346 1993 1479 2057 gräbnis des Selbstmörderpaares lernt er des Prinzen Schwe¬
101 2009 333 2058 i Landwehr¬
348 2042 1474 2102 ster kennen, die, verlobt mit einem Vetter, nach ihres Bruders
98 2049 329 2096 irtshaus in
344 2085 1482 2124 Tod die Nächste ist zu Frankreichs Krone. Medardus ent¬
94 2082 331 2138 s ist voller
349 2121 1473 2175 flammt mit kühnem Ansturm der Prinzessin Liebe; er macht
87 2122 322 2176 esungen und
348 2160 1469 2215 sie zu seiner Geliebten, um ihre Schande den Valois und der
101 2165 325 2232 htvoll ange¬
344 2203 1464 2247 ganzen Welt ins Gesicht zu schreien. Allein zum andern Mal
352 2237 1479 2300 bleiot sein Wille nicht auf der erkorenen Linie. Er unterliegt
91 2218 335 2296 sterreich soll
97 2283 332 2340 ere, an die
349 2281 1473 2322 selbzst der Leidenschaft zur Prinzessin und wird Wachs in
98 2320 324 2385 den Hallen,
348 2319 1460 2369 ihrer Hand. Aber er möchte sich befreien, sehnt sich nach einer
340 2362 1470 2406 großen Tat. Napoléon ist schuld an seines Vaters und seines
333 2400 1462 2447 Oheims Tod. Medardus beschließt, den Tyrannen zu töten.
84 2396 322 2459 steien, hohen
347 2439 1466 2487 Kaum hat er den Plan gefaßt, da fordert die Prinzessin die
82 2446 333 2496 Vorstädten
340 2477 1459 2521 gleiche Tat von ihm. Soll er ihrem künftigen Gatten und ihr
82 2483 331 2542 vilvolk treibt
339 2517 1465 2561 den Weg zum Thron bereiten? Er wird es nicht tun!
85 2524 329 2580 eien herum,
335 2556 1470 2603 Da wird die Prinzessin plötzlich zu Napoléon eingeladen un
92 2563 331 2616 ein französi¬
342 2594 1464 2648 in der Stadt raunt man, sie sei des Kaisers Geliebte. Me¬
94 2602 329 2656 chs geöffnete
342 2635 1466 2681 dardus löst sich innerlich von ihr los und eilt nach Schön¬
82 2640 330 2694 ren, hernach
337 2673 1477 2712 brunn, Napoléon doch zu töten. An der Rampe, wo Me¬
87 2681 325 2736 inrergrundes
342 2707 1466 2771 dardus inmitten des Volkes lauert, kommt auch unter andern
91 2721 324 2774 hende laufen
344 2754 1466 2798 Dinergästen Napoléons die Prinzessin an ihm vorüber. Und
79 2756 322 2811 rn will, auf
337 2790 1481 2859 abermals läßt er sich von außen her bestimmen: er stößt der
84 2792 327 2849 d Uebergabe
336 2831 1464 2878 Geliebten den Dolch in die Brust. Medardus sitzt im Ge¬
82 2835 322 2891 lein elegantes
341 2864 1468 2921 fängnis; und dort erst gelingt es ihm, den Wiener in sich
80 2874 324 2927 hauspiel an¬
338 2912 1473 2963 zu überwinden. Es hat sich herausgestellt, daß die Prinzessin
90 2916 324 2968 e der Stadt.
328 2943 1482 3002 selbst bei jenem Diner Napoléon morden wollte. Unbewußt
91 2948 323 3009 die Wiener,
337 2989 1480 3033 ist Medardus der Retter des Kaisers geworden, der ihm da¬
88 2993 323 3045 nnt, drängen
334 3024 1471 3082 für dankbar Leben und Freiheit schenken will. Medardus
76 3027 331 3081 renden Na¬
341 3060 1470 3108 aber bekennt seine wahre Attentatsabsicht und nimmt Leben
93 3071 323 3122 en Soldaten
334 3106 1478 3159 und Freiheit von Napoléon selbst für das bloße Versprechen,
93 3112 327 3160 darauf aber
91 3147 321 3200 en und tags
340 3183 1471 3236 Er schwört vielmehr, er werde Napoléon töten, wo und wann
89 3187 336 3240 stellung der
341 3218 1471 3269 er ihn erreichen könne. So muß er also die tödliche Ge¬
95 3228 324 3282 : es ist ganz
332 3261 1483 3302 wehrsalve des Hochverräters empfangen und sterben, im äuße¬
83 3261 335 3331 ie Zeit und
317 3293 1487 3359 ren Leben ganz erfolglos, ein Opfer seines Wienertums, das
334 3340 1365 3405 er aber innerlich doch überwunden hat, ein stiller Held.
85 3318 314 3394 Schicksal des
94 3382 329 3435 tapp „dieses
95 3423 1512 3501 Dem jungen! Es ist nicht wahrscheinlich, daß sich — Reinhardt
1523 118 1959 210 box 26/5
1478 1380 2630 1422 vielleicht ausgenommen — eine andere deutsche Bühne dieser
1490 1417 2602 1467 dramatischen Historie annehmen kann und wird, als das
1481 1459 2617 1508 Burgtheater. Und schön und mutig ist es, daß die Burg,
1493 1498 2620 1539 die früher Schnitzlers treueste Freundin war, bis sie ihm
1495 1526 2619 1585 für Jahre entfremdet ward, gerade bei einem so gefahrvollen
1492 1579 2620 1626 Wagnis, wie es „Der junge Medardus“ bedeutet, wie¬
1479 1610 2620 1646 der zur alten Tradition zurückkehrt. Fünfundfünfzig männ¬
1482 1656 2617 1708 liche und neunzehn weibliche Spieler zählt der Theaterzettel
1502 1696 2609 1751 auf, und siebzehn Mal wechseln die Schauplätze der Historie,
1493 1735 2612 1779 unter denen die Straßenkreuzung mit dem Zeughaus, die
1497 1767 2620 1823 Burgbastei mit dem Burgtor und der Schanze und den
1492 1806 2614 1860 Türmen der Vorstädte, die zwei Friedhofsbilder und dann
1493 1852 2616 1894 der Schönbrunner Schloßhof mit dem Schloß, der Terrasse
1496 1882 2614 1938 und den zwei Freitreppen. in technischer wie in dekorativer
1488 1923 2612 1982 Hinsicht harte Nüsse sind. Thimig als Regisseur, Direktor
1480 1964 2613 2015 Berger als Oberregisseur, Schnitzler als Mitregis¬
1486 2054 2548 2104 arbeitet; die Schauspieler taten emsig und feurig mit.
1564 2084 2465 2146 Kainz als Medardus! Wer das erlebt hütte!
1554 2130 2624 2186 Gerasch als Medardus war ganz gut, aber doch nicht
1490 2173 2617 2217 ausreichend. Neben ihm ragte aus der Unzahl der Mitwir¬
1485 2216 2618 2267 kenden vor allen seine Partnerin, Fräulein Wohlgemut
1481 2244 2633 2304 als Prinzessin Valois hervor, die nach diesem Tag zu den
1494 2300 2615 2340 ersten deutschen Schauspielerinnen gezählt werden muß. Ihr
1489 2333 2609 2373 ist es zuzuschreiben, daß die Liebestragödie die Tragödie
1484 2370 2614 2412 Wiens in den Hintergrund schob und daß der lauteste Jubel
1479 2409 2620 2461 des beifallreichen Abends nicht nach den bescheiden gedämpf¬
1491 2449 2619 2500 ten Aufruhr= und Kampfszenen auf der Bastei — was hätte
1483 2473 2628 2540 Reinhardt da herausgeholt! — sondern nach der Liebesszene
1490 2524 2625 2582 aufbrauste. Die Regie der intimen stillen Szenen gab viel
1476 2564 2616 2609 Stimmungsvolles, woran Dichter und Direktor Anteil hatten.
1485 2601 2629 2649 Von den Darstellern waren Hartmann als greiser Präten¬
1484 2642 2623 2691 dent, Treßler als junger und Balajthy als älterer ur¬
1487 2682 2615 2730 wienerischer Mann bedeutend, und dann Frau Bleibtreu
1479 2712 2631 2776 als Heldenfrau. Ein großer und gewiß auch dauernder Er¬
1491 2761 2383 2809 folg lohnte Mut und Mühe des Burgtheaters.
1896 2790 2576 2857 Dr. Wilhelm von Wymetal.
