3344 4352
1687 263 3038 360 marleineren lollen. Aneine ähnliche Szeue, von Reinhardt
1683 321 3044 441 intzeniert, durfte mun nicht denken. Die Kriegslieder
1700 411 3031 487 wurden gelingen, ganz im Stile der alten Gelangsverein¬
1684 455 3040 561 lnszenierung. Einer lprang auf den Tilch und lang die
1688 527 3038 593 Strophe, die andern langen in guteingelerntem Chor den
1695 571 3043 655 Refrain. Das lebendige Durcheinander, das prachtvolle
1699 640 3050 728 Gewoge und Geprallel der feurigen und anfeuernden
995 688 1117 784 5
1687 683 3044 786 Seelen fehlte. Wo Reinhardt die Geburt eines Liedes,
1696 748 3040 822 das prachtvolle Chaos der Stimmen zu geben weill, da
1713 820 3041 891 wußlte Baron Berger nur eine laubere Chorleiltung zu
1699 871 3044 963 bieten. Schmitzler bringt noch ändere Mallenszenen, die
1710 929 3047 1013 einen wirklichen Beherricher der Mallen zu lebenslprühen¬
1715 985 3050 1079 den Bildern und Bewegungen reizen müßten. Da wird
1706 1046 3050 1116 eine Szene auf den Balteien und Feltungswällen von All¬
1716 1101 3065 1188 Wien gezeigt. Die bewaffnete Bürgerwehr seht neben
1713 1164 3054 1240 den Kanonen, in Mallen drängen die Neugierigen vor,
1713 1218 3061 1308 die Wiener, die überall dabei lein müllen, die Offiziere
1706 1281 3066 1361 der Bürgerwehr hören die erlten Kanonenichülle und wollen
1708 1334 3052 1436 die Müßliggänger abdrängen, die nur im Wege stehen.
1716 1395 3060 1477 Darauf wird ihnen mit wienerilchen Frotzeleien geant¬
1715 1455 3056 1536 wortet. Am Ende wirdt den Offizieren zu bunt und lie
1717 1528 3061 1607 lallen, während die ersten Granaten donnern, die Balteien
1720 1572 3061 1657 räumen. Baron Berger begnügte lich hier mit zehn oder
1713 1634 3061 1724 zwölf Statilten, die das müßige Herumstehen der Bürger¬
1713 1688 3070 1788 schaft darktellen follten. Der Kontralt zwilchen den
1713 1766 3071 1835 loldatilch-erntten Bürgeroflizieren und den Flaneuren kam
1720 1823 3067 1904 pur ganz matt und ichwächlich heraus. Es fehlte nicht nur
1730 1882 3068 1953 die Malle, die bei lolchem Anlaß auf die Bühne mullte.
1721 1944 3068 2016 Esfehlte auch der große Schwung, die dirigierende Mallen¬
1720 1997 3064 2066 herrichaft des Regilleurs. Selblt die Vorichriften, die der
1725 2058 3082 2143 Dichter angibt, wurden ins Mittelmäßige herabgestimmt.
396 2314 1567 2430 Kainz als Hamlet 7 Statue von Bildhauer Sandor Jaray
387 2377 1744 2513 konitruiert; wehe, wenn ein Darlteller diele Konstruktion
392 2470 1740 2560 nicht durch leinen Ueberichwang zu verkleiden weisl! Und
383 2530 1734 2628 wieder wird Medardus lich lelber untreu, denn die Liebe
373 2597 1727 2701 ilt Rärker als alle Rachepläne. Medardus wirkt belächelns¬
386 2656 1748 2747 wert, wenn der Zulchauer nicht fühlt, wie die Flammen
387 2713 1748 2798 einer großen Leidenlchaft über ihm zulammenichlagen.
379 2783 1730 2861 Dann plötzlich wird Medardus wieder Krieger. Der Trou¬
384 2827 1755 2913 badour wird wieder hart, der Senlitive wird wieder
380 2888 1754 2980 heroilch. Er tötet nicht nur Helene von Valols, er will
384 2943 1755 3047 auch die Gnade von Napoleon nicht annehmen, er fordert
382 3010 1752 3104 lein Todesurteil. Dieles Ziekzuckgehen des Medardus kann
382 3067 1753 3153 nur ein innerlich Reicher verkörpern! Das Burgtheaterist
399 3113 1753 3219 an der einen Rolle, die mehr als einen Epilodillen fordert,
387 3180 1751 3269 gelcheitert. Man wird die Alt-Wiener Tragödie anderswo
400 3235 1758 3333 unwienerlich geben, mit weniger lchönen Szenenbildern,
395 3303 1766 3379 aber innerlich glaubwürdiger. Fier fehlte ein Moilli oder
391 3375 1660 3450 Kayfller, ein Kainz oder auch nur ein Harry Walden.
492 3419 1761 3510 Bei jeder Burgtheater-Premiere gibt es eine Anzahl
395 3484 1756 3559 alter Herren, die im Parkett lpazieren gehen und ver¬
409 3540 1754 3623 lichern: Eine lolche Vorstellung ilt doch nur im Burg¬
401 3599 1758 3691 theater möglich. Das ilt wahr und auch nicht wahr. Richtig
399 3662 1757 3746 ist, daß den PMedarduse überhaupt nicht viel deutiche
405 3709 1761 3808 Theater werden geben können. — Es gehört ein Enlemble
409 3777 1766 3870 von etwa liebzig Perlonen dazu und es gibt natürlich nicht
405 3841 1765 3907 viel Bühnen, die lo reich beletzt lind. Die Malle tut es!
411 3899 1749 3979 Andererleits hat der Vorstellung als Regieleillung außer¬
411 3944 1758 4028 ordentlich viel gefehlt. Wie mittelmällig war dieles Bei¬
417 4001 3072 4122 lammenlein der Soldaten, die gegen Papoleon ams- Beert Deetjen und Gultav Matzner im PPuppenmädel¬
1912 4034 3149 4151 Immerhin brachte der Abend eine Ichaulpielerilche
1803 4114 3155 4193 Entdeckung. Eugenie Wohlgemuth, die noch Schlenther
429 4112 554 4205 178
