3436 4320
1592 180 2059 274 box 26/5
268 198 1434 282 22. Der junge Madandus
2125 624 2463 719 Montag,
921 620 1439 788 Ulittat
1946 701 2620 784 21. November 1910.
1404 758 1489 794 1
1507 774 1589 833 M
2027 772 2333 845 M
1789 846 2681 911 Kleineren. Vor allem das des jungen Buch¬
860 835 1769 907 dige Stimme, sympathischer Klang, leichte Höhe,
1790 898 2664 956 händlersohnes Medardus Klähr,
876 905 1771 958 gutes Aussehen und viel Beweglichkeit im Spiel.
1787 944 2668 990 der sich selbst zu einem Nachewerkzeug Deutsch¬
867 946 1771 1006 Sein weibliches Gegenstück ist Frl. Merrem,
1777 992 2674 1052 lands auserwählt, aber gelähmt von der Macht
863 997 1774 1056 die eine ganz allerliebste Rita war. Lüppertz¬
1790 1025 2540 1107 des Gewaltigen von Wagram dahinsinkt.
873 1033 1770 1082 Berengar, Rapp=Diomed undStadtegger¬
877 1080 1777 1133 Maddalena gruppierten sich geschickt um dieses
872 1118 1765 1172 Trio. Seinen Separaterfolg hatte wie immer
1839 1119 2676 1189 Die Tragödic eines Verzweifelten. Unter
879 1159 1770 1211 der sehr komische, wenn auch gelegentlich etwas
1779 1170 2673 1225 den jungen Wienern, die zu den Waffen ge¬
881 1209 1779 1256 detonierende Kunze (Habakuk). Succes
1789 1219 2682 1281 griffen haben, ist der junge Medardus Klähr
878 1246 1775 1308 d’estime für die Komponistin, die vom dritten
1782 1265 2688 1307 der Begeistertsten und Besten einer. Seine
880 1293 1775 1355 Akt ab erscheinen konnte. Beglücktes Erschrecken
1794 1306 2678 1369 Schwester Agathe sreht im innigen Herzens¬
865 1343 1760 1401 über Blumenspenden, Abwälzen der Ehre durch
1788 1353 2674 1407 bund mit dem jungen Prinzen François v. Va¬
870 1380 1767 1448 eine großartige Handbewegung auf das Orchester:
1786 1398 2683 1448 lois, dem Sohn des blinden Herzogs, der sein
873 1430 1534 1503 auch das nach berühmten Mustern.
1788 1441 2685 1485 Geschlecht im napoleonischen Frankreich auf den
1365 1458 1736 1553 Erich Urban.
1789 1484 2672 1533 Königstron setzen will. Ein Lebenswahn. Dem
1789 1529 2686 1580 jungen Prinzen ist das Haus der Buchhändlers¬
1798 1566 2689 1617 witwe Klähr solange verboten, als bis sein
1802 1612 2690 1663 stolzer Vater selbst um die Hand Agathens für
1787 1654 2675 1706 den Sohn anhalten wird. Grad als der junge
1791 1705 2675 1764 Kriegsmann Medardus Abschied nimmt von
869 1614 1769 1779 Der junge Medardus.
1794 1727 2677 1794 den Seinen, kommt der Prinz, um das Einver¬
1793 1788 2683 1847 ständnis seinen Eltern mitzuteilen. Er lügt.
948 1771 1698 1871 Arthur Schuitzlers neuestes Werk.
1803 1832 2684 1883 Er ist nur gekommen, um mit Agathen gemein¬
939 1843 1774 1904 An einem der nächsten Abende wird eine
1802 1872 2692 1941 sam in den Tod zu gehen. In den Wellen der
879 1905 1774 1960 große dramatische Historie von Arthur
1794 1912 2678 1969 Donau suchen die Liebenden ihr Brautbett.
872 1950 1765 2013 Schnitzler: „Der junge Medardus“
1785 1961 2687 2020 Just in das Donauerwirtshaus, wo junge
867 1986 1776 2059 zum ersten Male gegeben werden. Zu Wien,
1794 2010 2682 2060 Krieger Abschied feiexn, unter ihnen Medardus,
873 2045 1775 2096 am Burgtheater. Dann erst wird Berlin
1785 2051 2686 2093 werden die Leichen gebracht. Und der Jüng¬
871 2076 1775 2143 folgen. Der Dichter hat diesmal aber nicht
1790 2091 2680 2151 ling, der eben noch hinaus wollte ins Feld,
885 2123 1776 2179 darauf beharrt, das Buch, wie in den letzten
1784 2128 2681 2193 tauscht mit einem anderen. Er bleibt in Wien.
882 2173 1779 2230 Jahren allgemein Uebung worden, erst am Mor¬
1793 2176 2688 2252 „Hier ist mein Platz, Denn ich weiß, was heute
880 2217 1777 2273 gen nach der Aufführung in die Oeffentlichkeit
1803 2220 2664 2276 geschah, das ist ein Anfang — kein Ende ...“
898 2267 1775 2325 zu senden; heute früh ist es im Verlag von
1794 2263 2680 2310 Nächen will er sich an den stolzen Aristokraten,
888 2299 1500 2377 S. Fischer in Berlin erschienen.
1797 2312 2688 2381 deren Hochmut ihm die Schwester getötet ...
1833 2353 2445 2416 Dies das zweiteilige Vorspiel.
947 2350 1786 2432 Ein dicker Band von 300 Seiten; ein Vorspiel
883 2420 1782 2464 und fünf Akte. Er mag wohl die Wortzahl Don
887 2444 1791 2520 Carlos erreichen und die Bühne, die das Werk
1850 2443 2693 2517 In den jetzt sich aufrollenden fünf Akten, in
884 2496 1778 2555 aufzuführen unternimmt, ist vor eine der
1796 2490 2691 2555 denen fünfzehnmal die Szene wech¬
894 2539 1783 2598 größten szenischen Aufgaben gestellt. Und — es
1804 2548 2692 2599 selt, vollzieht sich das seltsame verfehlte und
884 2582 1771 2634 kann nach dem ersten raschen Durchlesen des
1797 2590 2692 2652 fehlschlagende Rachewerk. Schon am frischen
894 2629 1776 2679 Dramas gesagt werden — vor eine würdige und
1807 2635 2695 2687 Grabe der Schwester setzt es ein. Medardus
883 2673 1787 2728 ehrenversprechende. Schnitzler ist hier allerdings
1804 2685 2692 2739 begegnet da der Schwester des Prinzen, der
893 2719 1777 2771 nicht der mit feinen Instrumenten arbeitende
1810 2728 2696 2781 schönen, stolzen Helene, der Dame mit den
903 2761 1778 2815 Zergliederer sensibler Naturen; wohl ist auch
1800 2762 2686 2822 „hochmütig mörderischen Fingern". Er beleidigt
895 2806 1776 2860 der Nerv des Wiener Dichters in den stilleren
1803 2804 2691 2868 sie und muß ihrem Werber, dem Marquis von
898 2858 1773 2910 Momenten des Werkes, aber in seinem Haupt¬
1795 2853 2698 2914 Valois vor den Degen. Beide werden im Duell
900 2891 1769 2942 wesen ist es ganz anderer Art. Große Völker¬
1794 2903 2684 2959 verwundet. Aber die lüsternen Sinne Helenens
894 2932 1782 2991 historie bald, dann anekdotische Historiette; liebe¬
1791 2942 2681 2998 haben Feuer gefangen aus des jungen Medar¬
897 2980 1778 3039 volle Altwien=Studie, wieder dann buntroman¬
1796 2977 2691 3053 dus traurig flackernden Augen. Sie inter¬
891 3016 1777 3077 tischer Geschichtsroman mit auffallenden Luise
1805 3034 2682 3090 essiert sich für den Füngling, und der wieder
891 3064 1782 3121 Mühlbach=Flecken. Und auch die Sprache hat
1801 3075 2693 3129 kennt nur ein Ziel: die Stolze verführen und
890 3105 1772 3163 nicht die flaumfederfeine Schnitzlersche Leichtig¬
1790 3112 2689 3188 dann ihre Schande öffentlich ausschreien. Rasch
889 3154 1779 3220 keit und Ungebundenheit und Natürlichkeit.
1805 3164 2691 3220 kommt er so weit. Die Kammerjungfer
901 3197 1776 3248 Wiener Bürger von 1809 führen, ein wenig
1801 3196 2694 3263 Helenens ist der Liebesbote und in schwüler
889 3238 1775 3298 steif stilisiert. Die lieben Wiener reden fast nur
1793 3252 2688 3307 Nacht wird Helene in ihrem Schlaf¬
892 3284 1773 3347 im Imperfekt; und das tut dort im täglichen
1789 3289 2684 3367 gemach des Medardus Geliebte. Aber
895 3336 1536 3401 Verkehr kaum der Kuliusminister.
1803 3332 2681 3388 die Wonne wandelt die Rachegier. Zwar stellt
1787 3373 2689 3436 Medardus bei der Verteidigu. Wiens seinen
944 3377 1778 3450 Eine wirre bunte Bilderfolge aus Kriegs¬
1799 3416 2687 3483 Mann, aber es ist eine seltsame büster flackernde
890 3442 1776 3489 tagen Altwiens entrollt der Dichter. Napoleons
1790 3471 2680 3526 Glut in ihm. Zwar wird Napoleon bei Aspern
893 3479 1777 3537 übergroßer Schatten liegt auf der heiteren
1788 3512 2681 3575 besiegt, aber nur, um nachher doppelt
899 3526 1778 3575 Stadt, in der Beethoben und Haydn schaffen.
1787 3564 2696 3617 die Sieger aufs Haupt zu schlagen. In des
896 3570 1780 3622 Aber nicht die großen Schlachtfeldhelden
1788 3597 2695 3660 Medardus Familie nistet das Unglück. Sein
894 3592 1796 3667 jener Tage zitiert der Dichter: sie lenken
1795 3643 2686 3696 Onkel Eschenbacher, ein wackerer Bürger und
895 3652 1775 3723 nur die Geschicke der Welt und im pulver¬
881 3690 2689 3758 erfülleten Wirbel erfüllen sich die Schicksale der Patriot wird von den Franzosen erschossen, weil
2259 4093 2374 4177 En
