3344 4352
988 237 1079 303 Me
258 245 1434 347 22. Der junge dandus
503 1060 1513 1171 Bitte Rückseite beachten!
1068 1166 1546 1259 Telephon 12.801.
588 1328 1356 1426 „OBSHRTER
435 1420 1549 1511 I. österr. behördl. konz. Unternehmen für
750 1474 1239 1548 Zeitungsausschnitte
466 1530 1542 1601 Wien, I., Konkordiaplatz 4.
861 1587 1145 1649 Vertretungen
447 1610 1543 1709 in Berlin, Basel, Budapest, Chicago, Cleveland, Christiania,
446 1664 1539 1738 Genf, Kopenhagen, London, Madrid, Mailand, Minneapolis,
434 1701 1544 1795 New-Vork, Paris, Rom, San Francisco, Stockholm, St. Peters¬
852 1753 1153 1810 burg, Toronto.
686 1803 1289 1878 (Queilenangabe ohne Gewähr).
437 1843 1451 2010 Reschalt uhianef Ailtage Zeltung
587 1925 981 2015 8 WNZ. 1911
437 1941 581 2015 vom:
521 2042 1555 2192 (Schnitler Gder Grillparzer
384 2105 1546 2239 Gesellsch####-Artm, Schnitzler las gestern als
393 2151 1543 2262 Gast der Grillparzer=Gesellschaft im Ingenieur= und
394 2215 1533 2329 Architektenvereinssaal Szenen aus dem „Jungen
384 2262 1535 2379 Medardus“, den Schluß des vierten Akts, der bei der Auf¬
385 2301 1518 2437 führung im Burgtheater wegblieb; nicht zum Schaden des
377 2349 1524 2474 Dramas, denn in dieser Szene, die nach Eschenbachers Be¬
378 2422 1527 2527 gräbnis spielt, steckt recht wenig dramatische Schlagkraft.
370 2448 1516 2561 Manches Detail ist sehr fein, der Orgelpunkt gedrückter, ver¬
375 2499 1519 2618 ängsteter Stimmung beherrscht die dumpfe Melodie der
373 2551 1521 2665 Szege, überklingt die leichten, ironisierenden Figuren, die
368 2598 1522 2737 das Hauptthema umspielen. Trotz alledem ist der Stimmungs¬
358 2656 1507 2758 gehalt dieser Szene nicht gesättigt, ihr dramatischer Atem
365 2698 1508 2816 kurz und ein wenig mühsam. Weitaus kräftiger, wenn auch
362 2734 1539 2877 freilich etwas oberflächlicher ist dann der Beginn des fünften
363 2918 1511 3042 Aufzuges. Schnitzler las beide Auftritte mit gutem Be¬
346 2966 1510 3092 mühen, zu charalterisieren, aber ohne allzu intensive Resonanz
348 3038 1505 3135 zl finden. Diese stellte sich erst ein, als er aus seinem
352 3059 1501 3177 Roman „Der Weg ins Freie“ das Kapitel vortrug, in dem
351 3126 1506 3230 er eine Weltanschauung mit beredter Gebärde, mit tiefem
349 3161 1499 3281 Ernst und lyrischer Schwärmerei bekundet. Den Schluß
351 3213 1506 3317 machte die von dem dichtgedrängten Auditorium mit Jubel
353 3263 1496 3376 ausgenommene Burleske „Zum großen Wurstel“ aus den
346 3313 1494 3433 „Marionetten“, die der Dichter mit aller Brillanz und mit
332 3367 1517 3468 einem in den tiefsinnig=humorvoll überlegenen Bemerkungen
340 3419 1497 3516 aufgehenden Mitschwingen vortrug. Hier nahm der immer
330 3448 1494 3587 mehr erstarkende Beifall den Charakter rauschende
326 3494 654 3580 Ovationen an.
1585 237 1994 339 box 27/1
2157 529 3156 668 be Sitte Rüchseite beachten! —
2750 652 3185 767 — Telephon 12.801.
2882 757 3003 861 0
2254 802 3023 933 JODSER. ER
2125 877 3219 1023 I. österr. behördl. konz. Unternehmen für
2414 946 2902 1045 Zeitungsausschnitte
2142 979 3196 1114 Wien, I., Konkordiaplatz 4.
2500 1057 2810 1136 Vertretungen
2113 1078 3203 1207 in Berlin, Basel, Budapest, Chicago, Cleveland. Christiania,
2120 1119 3198 1247 den Sepenhagen Londen, Madsit dinland Anenpelte.
2111 1150 3197 1286 New-Fork, Paris, Rom, San Francisco, Stockholm, St. Peters¬
2492 1219 2800 1297 burg, Toronto.
2338 1248 2968 1360 (Ouellenangabe ohne Gewähr).
2091 1294 3128 1452 AnschnitKIENER ABENDPeST
2245 1380 2664 1479 18. MRZ. 1911
2083 1412 2246 1503 vom:
2081 1556 3108 1632 (Vorlesung.) Gestern abend las Artur Schnißler
2057 1598 3090 1680 in der Grillparzer=Gesellschaft Szenen aus seiner Historte
2051 1641 3088 1706 „Der junge Medardus“, einen Abschnitt aus dem Roman
2059 1709 3098 1757 „Der Weg ins Freie“ und zum Schlusse die Burleske „Zum
2046 1751 3097 1827 großen Wurstl“ also durchwegs dem Wiener Publikum
2051 1808 3090 1877 wohlbekannte Dichtungen. Die Szenen des „Jungen
2048 1854 3079 1908 Medardus“, die aus äußeren Gründen in der Burgtheater¬
2058 1900 3093 1968 Aufführung fortbleiben mußten, eine Friedhofsszene und
2044 1957 3090 2033 eine Szene im Garten der Valois, brachte Schnitzler mit
2046 2007 3086 2071 großer Schlichtheit, dennoch sehr eindringlich und mit
2038 2062 3082 2130 kluger Differenzierung der einzelnen Personen. Als er
2039 2110 3075 2174 aber die Burleske „Zum großen Wurstl“ vortrug, da schienen
2039 2159 3086 2228 in ihm alle lustigen Geister des erfahrenen Puppenspielers
2035 2205 3089 2278 lebendig geworden und man darf wohl sagen, daß die
2039 2250 3081 2307 Wirkung gestern nicht um vieles hinter der Lustspiel¬
2037 2305 3073 2368 theater=Aufführung zurückblieb. Ob die Wahl eines tendenz¬
2030 2349 3074 2411 erfüllten Abschnittes aus dem „Weg ins Freie" die glück¬
2031 2404 3081 2461 lichste gewesen, möge dahingestellt bleiben, aber auch hiefür
2037 2448 2998 2513 dankte das zahlreiche Publikum mit lebhaftem Beifalle.
2058 2514 2907 2570 (Die Wachau.) Imaren S
2163 2551 2875 2608 sterr. Behördl. konz. Unternehmen
2022 2585 2912 2663 für Zeitungs-Ausschnitte und Blbllographien
2070 2640 2903 2723 Wien, I. Concordiaplatz 4
2289 2721 2666 2790 Vertretungen
2008 2747 2923 2831 in Berlin, Budapest, Chicago, Christiania, Genf,
2021 2810 2911 2877 Kopenhagen, London, Madrid, Mailand, Minne¬
2030 2856 2931 2912 apolis, New-York, Paris, Rom, San Francisco,
2219 2891 2718 2957 Stockholm, St. Petersburg.
2204 2925 2708 3015 (Quellenangahe ohne Gewähr.)
2010 2984 2459 3079 Ausschnitt aus
2006 3093 2165 3190 vom:
2162 3079 3117 3259 # # Wilerr. Volkts Zeitung. 19
2144 3177 3062 3296 * Vorlesung Artur Schnitzler. In der Grill¬
2070 3224 3066 3330 parzergesellschaft las letzten Freitag Arkür Schnitzler
2071 3281 3045 3398 einige Szenen aus seiner Historie „Der junge Medardus“,
2066 3318 3053 3442 sowie ein Kapitel aus dem Roman „Der Weg ins
2065 3363 3051 3473 Freie“ und am Schlusse die Burleske „Zum großen
2061 3413 3054 3537 Wurstl“. Von besonderem Interesse waren die Szenen
2045 3446 3040 3604 22 —Jungen Medardus“ eine Friedhosstene und eine
2046 3503 3032 3637 Szene im Garten der Valois, die bei der Burgtheater¬
2035 3566 3034 3686 aufführung leider entfallen sind. Der Dichter brachte die
2033 3607 3034 3746 romantische Schönheit dieser Szenen mit wundervoller
2031 3653 3023 3773 Empfindungstiefe zu Gehör, wie er sich überhaupt als
2024 3709 3016 3826 ein glänzender Interpret seiner Werke erwies. Sein
2020 3754 3027 3867 geistsprühender, von echt wienerischer Grazie und Anmut
2024 3798 3013 3930 erfüllter Vortrag der Burleske erntete rauschenden Beifall.
2017 3846 3008 3970 Ebenso fand der Abschnitt aus dem Roman „Der Weg
2011 3898 3003 4018 ins Freie“, worin konfessionelle und nationale Fragen
2012 3925 2996 4069 dm Gegenstand einer scharftungen Erörterung gemacht
2014 3988 3008 4115 werden, bei dem zahlreichen Auditorium das lebhafteste
1997 4025 2205 4102 Interesse.
2848 4183 2926 4230 BE
