3392 4480
1460 299 1913 398 box 26/5
140 308 1328 421 22. Der junge Medandus
58 1219 1988 1315 nze Gruppe von in Trauer gehne fnen diller erkennen, daß das Leben viel mächtiger
67 1290 830 1362 die den Korsen hassen und verach¬
833 1293 3122 1378 ist, als ihre Hirngespinnste und wie eine Lawine Räume, wie man sie in den sogenannten Kammer¬
72 1325 836 1396 einzige Hinderniß ihrer Wünsche
838 1353 1978 1417 den Berkrücken hinunterrollt, ohne sich um die
1979 1360 3118 1436 spielen zu verwirklichen sucht, dahin paßt seine in¬
62 1385 831 1444 n jungen Medardus Klähr, der so
838 1387 1980 1452 Zwerge zu scheren, die krampshaft versuchen, sich
1979 1396 3124 1472 time Wirkung; so oft er diese Grenzen in seinem.
52 1427 835 1503 r. meint sie ein gelungenes Werk¬
836 1451 1976 1515 auf ihren Rücken zu schwingen, sondern sie lieber
1985 1445 3110 1522 Werke überschreitet, bleibt dem Hörer immer der
52 1487 821 1553 ber bald muß sie darauf kommen,
831 1494 1965 1582 zermalmt: so kann niemand das Leben in seinem
1982 1503 3124 1573 Eindruck der verfehlten Perspektive. Die Anmut
63 1545 818 1604 bch ein gar zu gefährliches Spiel¬
834 1545 1453 1610 mächtigen Laufe meistern.
1975 1565 3100 1621 darf eben nicht in Courschleppen gehüllt werden.
68 1574 829 1650 will ihre Gunst nur aus der ge¬
942 1580 1962 1664 Es ist aber nicht zu leugnen, daß das Wiener¬
2090 1595 3111 1685 Ebenso ergeht es mir mit den Wiener Bür¬
64 1625 833 1696 bewähren, den Jüngling sich ganz
830 1645 1970 1710 tum, welches in Medardus gee zu start ausge¬
1987 1632 3129 1713 gern, die den Rahmen des Geschehnisses bilden.
64 1684 821 1755 n und ihn, wenn er genug aufge¬
835 1691 1966 1753 prägt ist, nicht recht in das historische Milieu hin¬
1974 1695 3127 1764 Ein jeder ist eine Kabinetfigur, wie sie in den win¬
61 1726 833 1803 veon loszulassen. Aber Amor ist ein
841 1744 1978 1814 einpaßt. Dieser junge Mann mit seiner leichten
1976 1763 3116 1814 keligen Vorstadtgäßchen noch heute dutzendweise
70 1775 822 1837 d verliert sie in der so süßen Ge¬
835 1792 1971 1846 Schwermut, seiner grüblerischen Mecme und
2408 1795 3123 1871 die Kleinstadttypen neugierig,
1985 1808 2305 1872 herumlaufen
64 1825 839 1888 den der großen Staatsintriguen
836 1835 1967 1903 dem kleinen Anfluge von Erotik ist ein Kind un
1984 1858 3132 1921 schwatzhaft, großtuerisch, feige, herzlich u. s. f.
76 1880 828 1955 Medardus in ihren Armen wie in
847 1889 1964 1954 seres Zeitalters, ist ein Produkt der leichten Ueber
1984 1890 3129 1963 Aber in diesem Werke sind sie eben zu wahr, zu
63 1921 826 1992 la zum Schwächlinge wird, wird
845 1939 1976 2001 kultur in ihrer anmutigen Wiener Gestalt, ist der
1985 1939 3133 2015 genau gezeichnet, wie wenn Rembrandt die hun¬
75 1968 839 2046 zur Verführten; mit der epikurei¬
843 1985 1977 2050 Anatol, der Lieutenant Gustl und wie die anderen
1983 1993 3125 2061 dert Gestalten seiner Nachtwache alle mit gleicher
76 2021 834 2083 der Jugend findet sie die schönen
836 2040 1978 2089 Helden Schnitzlers heißen: ein hübscher Junge,
1982 2023 3135 2106 Genauigkeit ausgeführt hätte — ebenso wie die
75 2074 827 2147 viel zu verlockend, um sich nicht
840 2086 1982 2143 der im langsamen Molltone des Wiener Walzers
1995 2087 3126 2149 Schönheit dieses gewaltigen Werkes darin liegt.
63 2124 827 2176 er zu ergeben, ungeachtet um
844 2134 1983 2202 leicht über die Welt flattert; es sehlt ihm vor allem
1981 2134 3126 2214 daß einige Figuren mit natürlicher Klarheit so¬
66 2172 823 2246 chmut und Rache. Wohl rafft sie
831 2187 1970 2249 die Kraft, der Sturm, der uns den Helden in ihm
1983 2170 3128 2259 fort die Aufmerksamkeit auf sich lenken, während
67 2218 836 2281 nmal zur vollen Höhe ihrer gro¬
846 2240 1974 2292 glaubhaft machen würde. Doch scheint dies mit der
1985 2223 3135 2314 die anderen im dunkeln Hintergrund immer mehr
66 2263 838 2336 er dieses gewaltsame Abschütteln
842 2282 1973 2350 poetischen Eigenart Schnitzlers im Zusammen¬
1981 2283 3134 2352 verschwinden — wäre auch hier die Beschränkung
76 2320 828 2402 lens ist nur ein letzter verzweifel¬
834 2332 1984 2398 hange zu sein; er ist nicht umsonst Arzt, das Herz
1993 2341 3127 2410 das Mittel der größten künstlerischen Wirkung ge¬
85 2366 399 2431 scheitern muß.
848 2378 1982 2432 des Menschen bleibt immer sein Lieblingsobjekt,
1993 2393 3121 2450 worden. Der Dichter liebt die Menschen gar zu
84 2400 822 2479 tuck Schnitzlers ist also die Tragö¬
837 2423 1987 2505 das er in seinen kaleidoskopartigen Verwandlun¬
1996 2440 3118 2507 sehr, selbst den unbedeutendsten Diener hebt er
91 2471 831 2528 Er predigt darin seinen ewigen,
855 2484 1983 2535 gen immer wieder sinnend betrachtet und der phy¬
1982 2482 3130 2544 aus dem Schattenreiche und macht ihn zum athmen¬
77 2507 837 2592 Refrain: Das Leben ist schön.
856 2530 1975 2593 sische Riesenmensch ist sicher nicht geeignet dazu, die
1987 2536 3132 2603 den Menschen — dadurch kommt der Zuschauer in
99 2564 837 2633 zu leben wissen. Eines seiner
850 2579 1924 2638 kleinsten Regungen der Seele wiederzuspiegeln —
1985 2588 3121 2649 Verwirrung, sein Interesse zerstreut sich, die ge¬
76 2606 837 2676 dige Stunden“ betitelt, darin er¬
1998 2626 3129 2704 schmiedeten Rosen am Schloßtore verhindern ihn,
85 2660 837 2728 Einaktern, daß man jede Stunde,
855 2678 1974 2738 Gefühlswesen, bei denen alles nur Nervenzuckung
1989 2684 2704 2754 den prächtigen Bau zu sehen!!
84 2714 847 2789 en einem bietet, um ihrer selbst
845 2726 1964 2788 ist. Deshalb fühlte ich bei diesem Stücke nicht de
2085 2702 3128 2792 So geht man dann aus dem Theater, ein we¬
81 2769 836 2837 müsse; die Stunde, in der man
837 2769 1950 2846 Wesen der historischen Tragödie, die gewaltig
1997 2778 3122 2838 nig müde, oft auch zu Widerspruch angeregt, aber
74 2806 835 2875 nken erfüllt, oder von vergange¬
855 2815 1927 2876 Umrisse, die übermenschliche Größe. Schnitzler
1996 2822 3137 2902 nicht in träger Gedankenlosigkeit, in befxemdeter
85 2854 837 2925 umend, die Gegenwart vergißt,
847 2879 1938 2938 ein viel zu feiner Detailmaler, der vor jeder klei:
1999 2880 3132 2938 Unbehaglichkeit wie nach manchem Abend — son¬
77 2911 843 2980 man kann sie trotz aller Reue nie
857 2923 1951 2988 sten Erscheinung des Lebens auch gerne stille ste
1994 2914 3130 3000 dern im Bewußtsein, einen schönen Blick getan
80 2956 843 3019 haffen, wieder erleben. Ius mäch¬
847 2977 1986 3027 und mit Behagen all' das analisirt, was andere¬
1982 2978 3130 3037 zu haben in die schöne Welt eines guten Menschen.
96 2999 842 3071 ck übertragen, ist es derselbe Ge¬
852 3019 1979 3072 kaum bemerken — als daß ihm der mächtige Wurf
76 3067 848 3132 dardus wiederkehrt — die jungen
851 3078 1987 3135 gelingen könnte, das große Drama zu schaffen, das
2751 3057 3086 3161 Herzfeld.
82 3110 1979 3181 das Leben als Werkzeug, als eine weite Perspektive voraussetzt. Dieser Dichter
90 3166 2003 3236 s Heldentums betrachten, ler gehort in kein großes Theater; in kleine begrenzte
