3392 4480
1494 280 1954 374 box 26/6
173 286 1353 415 22. DenjungeMedandus
151 1390 3078 1592 licher Fürsorge mit der Frage der Ermög=linfolge des enormen Eigenbedarfes der Versfund Digeprasident Ramond Corral haben
142 1453 678 1551 #iic, gohren Orte...—
156 1467 3069 1637 lichung des Importes von gesrorenem einigten Staaten nicht flark entwickeln wird. ihre Amter für eine weitere Amtsperiode über¬
152 1562 3089 1693 [Fleisch beschöftigt. Die große Masse des In diesen Schilfen nun wird das Fleisch wähe nommen. In der Hauptstadt und den größeren
149 1599 3081 1738 Volkes würde es freudig begrüßen, wenn in rend des Transportes in einer regelmäßigen! Städten herrscht große Begeisterung.
138 1637 2745 1791 edieser Angelegenheit etwas ginge, und es ist Temperatur von 12 Grad Cels. unter Null! Im ganzen Lande ist Ruhe.
153 1788 3098 1910 zeichnen kann, dem jedoch ebenfalls etwas fremden Truppen, aber doch zu jedem mili= Medardus Klähr ist der Sohn einer Buch¬
169 1786 3097 1951 Phantastisches beigemengt ist durch eine roya= tärischen Schauspiel sich drängend und nun gar, händlerswitwe, die ihren Mann vor vier Jah¬
172 1831 3106 2003 listische Intrige, die von einer auf die fran= wenn Napoleon oder seine Generäle ausreiten! ren bei der ersten Besetzung Wiens durch die
168 1884 3100 2055 zösische Königskrone spekullerenden, in Wien Wien in allen möglichen Vertretern seines Franzosen verloren hat, da er als Bürgergar¬
170 1962 3100 2104 im Exil lebenden französischen Herzogsfamilie Bürgerstandes, Rentiers, kleine Beamte, bie= dist im Schneesturm sich auf den Tod erkältete.
177 2010 3102 2133 ausgeht, während in Wirklichkeit eine solche dere Handwerker und ihre Frauen und Töchter Sie trägt es den Franzosen und ihrem Kaiser
181 2014 3109 2163 Prätendentensamilie (Valois) nicht vorhanden und alles das fortwährend in Atem gehalten Napoleon nach. Kein Wunder also, wenn der
195 2055 3108 2215 war; das dritte Element endlich ist das Wie= durch die wogende Bewegung einer kriegerischen feurige Sohn ein feinnerviger schöner blut¬
688 2084 3114 2238 Handlung umgesetzte Zeit der Not — man kann sich vorstellen, wie junger Mensch, im Vorspiel (das aber eben¬
179 2193 3105 2309 Charakteristik der Wiener Bevölkerung, wobei so etwas das Wiener Theaterpublikum in sei= sogut ein erster Akt heißen könnte) den Frei¬
175 2187 621 2258 (nerisch Lokale, die
116 2183 3104 2349 ät im Kulturbild von Altwien zur Zeit Napo= nem vornehmsten Schauspielhause packen muß, scharen sich anschließt, die den Tiroler Aufstand
111 2257 3118 2394 ne leons das zu jeder Zeit sich gleich bleibende zumal Schnitzler das Wesen der Wiener Volks= gegen Napoleon unterstützen wollen. Aber ein
120 2279 3112 2434 nd warmlebige Wesen des Wiener Naturells ge= seele in den Figuren ebenso wie in der Aktion furchtbares Ereignis in der Familie nötigt
122 2323 3131 2475 Zrn spiegelt wird ungefähr ähnlich, wie das für wundervoll getroffen und hier auch mit Humor ihn, die Kameraden allein ziehen zu lassen.
122 2375 3092 2524 n= das Berner Patriziat in den Zeitromanen und Witz das Seine getan hat die oft bäng= Seine einzige geliebte Schwester Agathe hatt
2121 2399 3122 2483 ein Liebesverhältnis mit einem es ehrlich mei¬
2136 2450 3118 2528 nenden französischen Emigranten von hohem
121 2431 2137 2569 nd unseres R. v. Tavel und neulich auch in seinem liche Situation, wo die Realistik trauriger
2111 2493 3121 2590 Adel, dem Sohne des in Wien im Exil leben¬
123 2482 2133 2606 hus Lustspiel aus dem Milieu der Julie Bondeli Vorgänge den Zuschauer zu erdrücken droht, in
1159 2528 1937 2636 die Höhe heiterer Kunst zu heben.
241 2582 3126 2702 Dies letztgenannte Element am meisten! Dagegen werden nun für Leser des Dramas den Christoph Bernard, ehemaligen Herzogs
132 2604 223 2658 Na¬
203 2597 523 2673 geschehen ist.
208 2582 3132 2748 macht, wie man leicht begreifen wird, das und zwar im Verhältnis ihrer körperlichen und v. Valois, der den Wahn hegt, berechtigter
189 2674 3131 2805 Stück des Wiener Arztes und Dichters zum geistigen Distanz von der Kaiserstadt an der Prätendent für die Krone Frankreichs zu sein.
129 2688 236 2753 am
2134 2703 3135 2790 des Vaters nicht und wünscht sich nichts ande¬
126 2676 3125 2845 ren großen Schlager für Wien. Wien wie es weint Donau die beiden anderen Elemente der Dich= Der Sohn, Frangois, teilt die Ueberspanntheit
2138 2756 3139 2836 res, als in der Ehe mit dem geliebten bürger¬
134 2746 2154 2886 Iner und lacht, wie es patriotischen Wallungen sich tung doch die packenderen und wichtigeren sein.
748 2781 2164 2899 a doch das Leben so Und der Dichter selbst wird dies nicht bedauern.
118 2798 3128 2980 len. schön — der Tapferkeit besseres Teil, die Vor= Heißt doch sein Stück nicht „Wien 1809“, son= lichen Mädchen glücklich zu werden. Doch seine
144 2856 717 2934 de hingibt, aber auch —
132 2846 3127 3020 igen sicht, nicht außer Acht läßt, das gutmütige, das dern „Der junge Medardus“. Dieses Menschen= verzweifelten Bemühungen die Zustimmung
133 2941 3130 3065 das wehleidige, das neugierige Wien, Wien auf schicksal intteressiert uns und die mit ihm ver= des Vaters zu dieser Vervindung zu erlangen,
124 2924 3145 3110 ung der Straße, im Wirtshaus in der bürgerlichen flochtene Beziehung auf Napoleon der zwar sind umsonst. Er kann das Agathen gegebene
124 2969 3144 3155 Eleb= Wohnung, auf dem Friedhofe bei einer „schö= in dem Schauspiel persönlich nicht auftritt, aber Eheversprechen nicht einlösen. In ihrem Leid
2123 3019 3148 3135 beschließen die beiden Liebenden, gemeinsam
140 3081 1835 3225 be¬ nen Leich“, Wien in Angst und Zorn über die doch tiefeingreifend mitspielt.
