3436 4320
1609 162 2052 250 box 26/5
290 174 1464 258 22. Derjunge Medandus
523 1049 1595 1134 ADOLF SCHUSTERMANN
501 1133 1639 1211 ZEITUNGSNACHRICHTEN-BUREAU
696 1203 1426 1275 BERLIN SO. 16, SPREEPALAST.
558 1298 1403 1392 Zeilung: Vossische Zeitung
1173 1346 1575 1445 Mörgenausgabe
560 1393 1450 1650 bein Szeorni.
536 1510 788 1597 Datum:
2031 1583 2319 1647 —
1746 1635 2914 1693 Der junge Medardus, Sohn eines angesehenen Buchhändlers, der
911 1628 1284 1745 Feuilleton.
1714 1670 2906 1733 bei dem früheren Einzug der Franzosen elend umkam, hat den
1710 1709 2908 1773 Stoff, aus dem Helden gemacht werden, aber das Schicksal schafft
1718 1745 2907 1811 ihn durch romantische Überfälle und Zufälle zum Narren um, und es
802 1735 1395 1822 Der junge Medardus.
1709 1787 2913 1848 ist eben die Absicht des Stückes, diese Verwandtschaft von Helden¬
524 1811 1704 1871 Arthur Schnitzlers neues Werk wird heute am Burgtheater in
1705 1817 2906 1888 tum und Narreutum wenigstens in einem schwärmerischen und
485 1838 1695 1908 Wien die Feuerprobe bestehen, während unser Lessingtheater sich
1706 1860 2907 1920 pathetischen Brausekopf zu begründen. Das Vorspiel gehört einer
479 1877 1691 1949 die Aufführung für den Anfang nächsten Jahres, vermutlich nach
1714 1903 2918 1974 Familienkatastrophe, die aus der Atmosphäre von Schnitziers ältestem
484 1921 1697 1986 Hauptmanns „Ratten“ vorbehalten hat. Das Buch ist soeben bei
1708 1950 2906 1997 Drama „Liebelei“ hervorzugehen scheint. Medardus' Schwester
489 1972 1702 2025 S. Fischer herausgekommen, und wir wollen uns auf die Wieder¬
1699 1968 2918 2026 Agathe hat sich mit Franz von Valois eingelassen, dem Sohn eines
483 2010 1693 2062 gabe der Handlung beschränken, um der kritischen Wertung nicht
1702 2022 2905 2077 erblindeten Emigranten königlichen Blutes, eines verirrten umhergetrie¬
491 2041 1686 2097 vorzugreifen, die die wesentliche, die dramatische Wirkung feststellen
1707 2058 2902 2119 benen Greises der auch geistig erblindet fast kindische Hoffnungen auf
483 2074 1690 2142 wird. Ein Drama im Buche schläft schicksalslos, und wer auf
1707 2096 2908 2160 den Thron nährt. Der Prinz und das verführte Bürgermädchen
487 2115 1700 2180 Grund der Lektüre seinem Erdenwandel das Horoskop stellt, wird
1708 2141 2900 2199 gehen zusammen in den Tod. An ihrem Grabe findet auch Medardus
477 2160 1240 2220 dem eigenen Ansehen zu Liebe
1234 2166 1597 2215 handeln, wenn
1709 2176 2901 2224 sein Schicksal; statt mit der akademischen Legion in den Krieg zu
490 2199 1250 2258 seine vorgreiflichen Meinungen in die
1235 2198 1702 2258 zweideutige Dunkelheit
1698 2224 2899 2278 ziehen, bleibt er zurück, um die Seinen zu rächen. Zwei Gegner
493 2242 1688 2294 delphischer Orakelsprüche hüllt. Arthur Schnitzler nennt sein neues
1705 2245 2899 2310 stellen sich ihm aus der feindlichen Familie. Mit dem Prinzen
488 2274 1689 2320 Werk eine dramatische Historie in einem Vorspiel und fünf Auf¬
1706 2287 2799 2336 Bertrand, einem Verwandten des Toten, schlägt er
2795 2298 2908 2355 sich,
488 2314 1686 2373 zügen. Diesen ungewöhnlichen Umfang, der in das Maß eines
1707 2322 2899 2387 wobei ehrenvolle Wunden gleich verteilt werden, und der Schwester
486 2354 1687 2408 regulären Theaterabends nicht hineingeht, wird die Bühne wahr¬
1695 2363 2899 2426 Prinzessin Helene will er mit derselben Schmach vergelten, die seine
481 2382 1694 2449 scheinlich reduzieren müssen, wenn es Schnitzler nicht gehen sollte,
1703 2403 2898 2465 eigene Schwester ins Grab gezogen hat. Helene heiratet ihren
479 2425 1686 2491 wie Maurice Donnay mit seinen „Amants“, die er am Théatre
1695 2440 2896 2503 Vetter, der sofort nach der Hochzeit abgeschoben wird, um in Paris
486 2470 1684 2528 Français einreichte. Das Stück wurde von den Sozietären zu lang
1700 2490 2898 2544 eine ziemlich törichte Verschwörung anzuzetteln, aber die bräutliche
469 2512 1691 2570 befunden, und der Dichter selbst schlug abwechselnd ungefähr jede
1693 2522 2894 2584 Frau erliegt auch dem Ansturm des Medardus, der sie mit seinem
475 2550 1682 2600 Szene zur Opferung vor, von denen jede als die schönste mit
1691 2555 2901 2624 wilden Haß bei der Bestattung des Liebespaares interessiert hat.
476 2580 1090 2646 Stimmeneinheit begnadigt wurde.
1700 2601 2895 2663 Schon bei dieser ersten Begegnung haben sich die Gegner zu
519 2612 1687 2673 Dramatische Historiest ungefähr das Gegenteil von historischem
1684 2631 2891 2706 tief in die Augen gesehen. Der Tollkopf Medardus hat den Plan
478 2656 1683 2721 Drama. Der Titel deutet auf eine freie Erfindung, die die
1685 2669 2889 2744 eines Zwanzigjährigen; wenn die Prinzessin sich ihm hingegeben hat,
473 2699 1683 2765 Geschichte benutzt, ohne sich an eine ihrer offiziellen Staatsaktionen
1688 2711 2886 2778 will er ihre Schande auf allen Straßen ausschreien. Das eine
469 2739 1676 2805 zu binden. Das Stück spielt zu Wien im Juli 1809; es ist die
1697 2754 2892 2804 gelingt ihm, das andere nicht; denn es ruht sich süß in ihren
482 2780 1680 2832 Zeit, da Tallenrand von der Napoleonischen Herrschaft das ahnungs¬
1685 2792 1853 2849 Armen.
471 2822 1681 2874 volle Wort sprach: C’est le commencement de la fin. In Spanien
1731 2823 2891 2895 Um den Konflikt zwischen den beiden auszutragen, wird Napoleon
477 2850 1680 2920 fand der Kaiser zum ersten Male den Widerstand eines fanatischen
1690 2865 2888 2928 herbeigerufen der allerdings unsichtbar bleibt, um die Politik, die
474 2905 1678 2959 Patriotismus der Volksaufstand der Tyroler machte seinen Truppen
1680 2909 2902 2975 nach seinem Worte das Schicksal war, zu leiten. Nach der Schlacht
473 2929 1686 2993 und seinen Verbündeten schwer zu schaffen. Österreich erklärte den
1690 2943 2894 3006 von Wagram residiert er in Schönbrunn, und es fällt ihm ein,
466 2979 1679 3033 Krieg, der gute Kaiser Franz entschloß sich sogar, die Landwehren auf¬
1690 2986 2891 3051 daß man die Valois, weil sie von beinahe lächerlicher Unschädlichkeit
473 3015 1671 3066 zubieten, und als bei Aspern der Unüberwindliche zum ersten Male
1681 3024 2888 3080 sind, begnadigen könnte. Helene wird zu ihm befohlen, sie scheint
476 3054 1685 3099 überwunden wurde, hoffte man auf den Anfall von Norddeutschland,
1683 3046 1797 3107 ihn
1782 3051 2342 3127 interessiert zu haben, und
2402 3055 2896 3136 gilt als die Geliebte
465 3081 1677 3145 das nach der Erstickung von 1807 mit den Unternehmungen von
1688 3100 2757 3157 des Kaisers. Es folgert sich nun fast von selbst,
2764 3113 2885 3166 daß
473 3132 1683 3189 Freischärlern und Verschwörern wie Schill und Dörnberg wieder seine
1693 3138 2888 3195 Medardus wie viele junge Leute seiner Zeit den Plau faßt,
478 3174 1676 3219 ersten Atemzüge zu tun schien. Den Heroismus seiner Vaterstadt,
1688 3175 2895 3233 den Gewalthaber über die Länder und die Seelen zu ermorden.
468 3194 1665 3263 gegen die Napoleon in dem berühmten Eilmarsch längs der Donau
1691 3211 2892 3283 Dieser Plan wird noch mehrfach umgebogen, so daß er seinen geraden!
472 3247 1682 3304 vorrückt, hat Schnitzler nicht übertrieben. Es gibt wenig echte
1674 3246 2890 3330 Willen verliert. Helene möchte die Tat zugunsten der Valois
457 3273 1673 3340 Patrioten, eine unentwickelte staatliche Gesinnung, viel Lauheit, Gleich¬
1687 3298 2879 3354 ausnutzen, und so fühlt er seine Hand hinterrücks geführt, da er
466 3310 1669 3367 gültigkeit, vor allem die alte leichtfertig gemütliche Genußsucht, und die
1677 3317 2878 3383 doch, nachdem der Kriegsheld in ihm verpfuscht worden ist, sich den
468 3361 1666 3414 meisten der guten Bürger Wiens, die ja die Franzosen nach Ansterlitz
1676 3368 2883 3431 anderen Heroismus des patriotischen Mordes retten will. Und auch
466 3395 1676 3446 schon einmal gesehen und überlebt haben, sind durchaus bereit, je
1685 3402 2877 3458 diese Opferfertigkeit verdreht das Schicksal in ein närrisches Gegenteil.
459 3441 2884 3485 nach dem Zwang des Moments für den Kaiser Franz oder für den ] Auf dem Wege zu Napoleon, für den das Volk schon Hurra ruft, trifft
450 3480 1118 3543 Kaiser Napoleon Hurra zu schreien.
1673 3485 2909 3548 er Helene, und er ersticht die Geliebte des Kaisers. Medardus wird !
3260 1587 3373 1660 1
2925 1638 3387 1703 ins Gefängnis gesetzt, um
2916 1672 3373 1740 Begnadigung, sondern
2920 1720 3376 1778 wollte Helene am Kaiser
2923 1760 3387 1819 ihm das Leben gerettet
2929 1793 3340 1856 verkehrten Absichten, d
2918 1836 3377 1893 überleben; dem Genera
2915 1868 3374 1932 sichten preis, und von
2914 1909 3385 1972 empfängt er die erlösend
2960 1953 3376 2025 Diese Handlung wagt
2915 1994 3377 2058 sich auch mit großer
2916 2025 3372 2097 faitigkeit von Lokal und
2923 2067 3381 2123 fällig dargestellt. Wir w
2923 2099 3366 2161 seiner klugen, vieles verst
2914 2145 3376 2201 wir begleiten ihn an das
2920 2191 3384 2245 gegnung mit den Valoil
2906 2214 3374 2280 Landwehrmänner von ih
2914 2263 3375 2325 nehmen wir wohnen den
2905 2289 3388 2371 romantischen Exil bei, wi
2905 2345 3354 2399 schwankende in vielen
2912 2378 3379 2440 auch von fern das süße 2
2901 2415 3377 2473 Erregung mit einem v
2907 2449 3389 2518 scheint: alles fließt, Helde
2909 2505 3379 2551 tragen, wenn man nur au
2905 2529 3387 2594 ausgetobt hat, wird wiede
2905 2570 3388 2626 dieser gegen die alte Mut##
2902 2609 3378 2671 melancholischen Reizen er
2903 2648 3389 2709 dieser Schnitzlersche Lyris#
2896 2687 3393 2747 gung im Schwall und Sch
2893 2726 3375 2786 keit ausdauern wird. Da
2897 2760 3380 2837 losigkeit wird die Antwort
