3392 4384
982 111 1052 176 M
245 86 1428 211 22 eundardus
1581 111 2035 213 box 27/4
1579 717 1937 800 Bühne und Welt.
2458 715 2622 808 261
904 840 2599 901 rufen, Herrschaft und Lakeien. Mit der Wunde in der Brust macht er sich zum Rachewerk auf.
902 888 2612 958 Helene hat sich inzwischen dem Marquis verlobt, doch die Bedingung gestellt, daß er gleich nach
894 927 2603 1003 der Trauung nach Frankreich abreisen müsse. „Ich will nicht früher einen Sohn zu erwarten
891 985 2613 1058 haben,“ sagt sie ihm. „ehe ich sicher bin, daß er bestimmt ist, einmal König von Frankreich zu
902 1037 2606 1107 werden.“ Etzelt, der die Klährsche Buchhandlung leitet und Medardus treuer Freund, wartet
891 1062 2623 1164 sorgenvoll die ganze Nacht vor der Dilla Dalois. Seine Ahnung hat ihm den richtigen Weg
898 1132 2308 1176 gezeigt. Da der junge Tag beginnt, schlüpft Medardus aus der Gartenpforte.
1012 1178 2595 1248 Die Franzosen sind inzwischen vor Wien angelangt. Sie haben ein Haus hinter den kaiser¬
890 1225 2604 1297 lichen Stallungen am Spittelberg durchgebrochen, um ihre Kanonen auf die Burgbastei richten zu
897 1271 2605 1330 können. Ein Trompeter, der mit den Abgesandten dos Marschall Lannes durchs Tor geritten ist,
896 1343 2602 1378 wird von der aufgeregten Aenge erschlagen. Kanonendonner erdröhnt. Der Feuerschein am
894 1379 2602 1423 Himmel verrät, daß viele Gebände in Flammen stehen. Die Kanonade dauert an, Hunger und
886 1422 2604 1488 Not steigern die Erregung. Lebensmittel sind kaum aufzutreiben. Das Dolk verlangt stürmisch,
884 1475 2610 1529 man möge kapitulieren und die weiße Fahne auf der Bastei aufstecken. „Wir wollen nicht massa¬
894 1525 2596 1579 kriert werden!“ tabt die Menge. Ein uralter, schon schwachsinniger Herr, dem alle seine Kinder
894 1578 2605 1643 und Kindeskinder ins Grab vorangegangen sind, zieht mit einer kleinen Urenkelin durchs Stück.
891 1621 2597 1699 Das Schlachtgetöse lockt ihn auch auf die Burgbastei, da tötet ein Granatsplitter das kleine
882 1671 2599 1746 Mädchen, und nun steht der Alte ganz allein da. Wien hat sich ergeben. Napoleon ist in Schön¬
881 1716 2600 1791 brunn eingezogen. Die Trauung zwischen Helene und dem Marquis wurde vollzogen. Durch
888 1777 2599 1848 seine Kundschafter hat Napoleon hiervon Kenntnis bekommen, sendet General Rapp zu den
894 1820 2596 1896 bestürzten Dalois', der Brem nebst den Glückwünschen ein kostbares Perlenhalsband als Ange¬
881 1862 2600 1925 binde zu bringen und die Familie zu der am nächsten Tage in Schönbrunn stattfindenden Cour
886 1911 1109 1975 einzuladen.
1010 1953 2585 2043 Die Landwehr ist wieder aufgelöst, Generalpardon erlassen, die Franzosen führen das
880 2020 2598 2088 Regiment. Der weitere Verkauf sämtlicher Landkarten ist streng verboten. Etzelt hat noch zwei
894 2073 2585 2118 im Klährschen Laden. Sie aber trotz des dafür gebotenen hohen Preises den Franzosen zu über¬
887 2110 2592 2191 liefern, dünkt ihn Hochverrat. Der Sattlermeister Eschenbacher, Frau Klährs Bruder, versteckt
875 2153 2596 2239 die beiden Landkarten bei sich in einem ausgetrockneten Brunnen. Ein Schurke zeigt ihn an,
885 2217 2583 2288 man findet die Karten, Eschenbacher wird mit seinen Gesellen verhaftet, ihm kurzer Prozeß ge¬
881 2269 2591 2329 macht, der Meister wird auf dem Glacis erschossen, die Gesellen läßt man laufen. (Nach der
881 2310 2595 2368 historischen Tatsache stand Eschenbach, den Schnitzler hier Eschenbacher nennt, unter der Anklage,
882 2351 2605 2432 daß er auf seinem Grund und Boden drei Kanonenrohre vergraben habe.) Die Kriegsgefangenen
887 2412 2597 2470 werden hart behandelt, darüber entsteht ein förmlicher Auflauf vor den Hofstallungen, in denen
886 2453 2585 2531 die Gefangenen eingesperrt sind. Weil der Anführer der Bürgermiliz, der Tischler Tell, das
883 2513 2595 2568 Dolk nicht barsch genug auseinander treibt, gerät ein französischer Offizier derart in Zorn, daß
887 2560 2582 2613 er mit gezogenem Säbel auf die Bürgerwache stürmt. Tell reißt ihm den Säbel aus der Band
885 2614 2591 2665 und wirft ihm denselben zerbrochen vor die Füße. Tags darauf wird er am Getreidemarkt füsiliert.
998 2665 2587 2708 Anna Berger sucht für ihr krankes Herz, in dem Medardus steckt, Heilung durch die Pflege
888 2695 2635 2783 Kriegsverwundeter. Im Lazarett holt sie sich den Cod. Medardus' Haß zu Helene hat sich in..
882 2753 2595 2839 des in glühende Liebe gewandelt. Man erzählt sich, daß Helene Napoleons Geliebte sei. Davon
884 2796 1882 2849 hört auch Medardus, und seine Sinne werden verwirrt.
993 2858 2583 2931 Diel Volk strömt nach Schönbrunn. Dort soll Napoleon Parade halten. Jeder will ihn
882 2896 2586 2956 sehen. Seit langem lag es in Medardus' Sinn, zu tun, was Helene von ihm verlangt hat,
878 2950 2586 3013 Napoleon zu töten, um den Dalois' zu helfen. Jetzt ist sein Arm lahm, sein Dolch stumpf ge¬
875 3013 2586 3075 worden, denn Medardus kann nicht aus dem Nächer seines Vaterlandes ein gedungener Mörder
883 3046 2580 3104 im Solde der Dalois' werden. Seine Liebe zu Helene hat einen andern Menschen aus ihm
879 3100 2583 3180 gemacht. Die Eifersucht quält ihn, macht ihn sinnlos, und sein Dolch, der für Napoleon bestimmt
878 3158 2582 3214 war, wühlt sich in Heienens Herz. Man bringt Medardus ins Gefängnis. Er hat dem Kaiser
882 3196 2594 3247 von Frankreich das Leben gerettet, denn es ist erwiesen, daß Helene mit der Absicht ins Schloß
880 3244 2595 3311 kam, Napoleon zu ermorden. Napoleon entsendet General Rapp zu Medardus, diesen vor sein
880 3298 2586 3372 Angesicht zu bringen, um ihm die Freiheit zu schenken. Doch Medardus lehnt diese Großmut ab;
884 3351 2584 3395 denn offen bekennt er, er habe Napoleon unschädlich machen wollen. Wäre ihm Helene nicht in
881 3399 2594 3467 den Weg gekommen, hätte sein Stahl Napoleon getroffen. Napoleon, dem dies freimütige Ge¬
885 3441 2582 3523 ständnis imponiert, will Medardus wieder die Freiheit geben, wenn er verspricht, ihm nicht mehr
880 3501 2581 3577 nach dem Leben zu trachten. Mutter und Freunde vermögen Medardus zu diesem Worte nicht zu
869 3539 2430 3604 bewegen und er erduldet den Feuertod als „dieses Krieges letzter und seltsamster Beld“.
