3344 4352
918 103 1018 177 ME
1520 89 1985 195 box 26/7
199 104 1373 212 22. berjundardus
2353 593 2634 674 Seite 269
1532 607 1862 694 Die Freistatt.
703 611 1030 693 Nummer 17
769 733 2668 814 Freilich waren die mittelalterlichen Krenz=, die Missionäre wirksam bei zur Lösung der
1682 791 2682 862 so modernen sozialen Frage? Bringen sie nicht
680 806 1667 879 fahrer viel zahlreicher als unsere Kreuzesritter.
1672 849 2671 904 armen, verkommenen Menschen Freiheit,
674 852 1663 922 Aber unsere Glaubensboten stehen höher als
1682 890 2676 956 Frende, geistiges und ewiges Glück und Leben?
681 902 1663 974 jene. Jene trugen eine äußere Wafsenrüstung.
1680 930 2672 1006 Die Missionäre graben aus dem Lastersumpfe
685 955 1662 1021 Erzgepanzert bahnten sie sich mit der blutigen
1685 985 2673 1056 des Heidentums mit unsäglicher Mühe Edel¬
676 1006 1670 1066 Schärfe des Schwertes ihren Weg und hinter¬
1684 1030 2691 1118 steine, um sie in die Siegeskrone, ins Diadem
673 1046 1665 1108 ließen oft Greuel, Fluch und Leichen; diese
1682 1088 2145 1158 der Kirche zu setzen.
678 1096 1670 1161 tragen eine geistige Wassenrüstung, ihr Schwert
1779 1113 2679 1194 Ja, wir können stolz sein auf diese edlen.
670 1137 1665 1207 ist das Kreuz und die Liebe, ihr Schild das Gott¬
1687 1182 2674 1253 Söhne und Töchter unseres Volkes. Aber ver¬
672 1201 1666 1253 vertrauen, ihr Banner der Glaube und sie brin¬
1697 1211 2684 1302 gessen wir ihrer nicht. Helfen wir ihnen im
680 1241 1680 1297 gen Glück, Segen und Leben. Jene kämpften
1681 1272 2677 1347 schweren Kampfe in der Ferne. Sie schauen auf
679 1289 1671 1354 um ein Land, einen Flecken Erde, der zwar
1693 1341 2687 1400 uns, sie hoffen auf uns. Nur etwas mehr Missi¬
685 1349 1684 1404 heilig durch seine Erinnerungen ist, aber doch
1694 1384 2681 1442 onseifer und guter Wille bei den Katyoliken.
692 1391 1671 1459 nur zeitlichen Wert hat; diese streiten um das
1692 1419 2689 1495 und die katholische Weltmission würde noch weit.
689 1438 1676 1500 Höchste und Beste, was es auf der Erde gibt,
1697 1472 2684 1548 glänzendere Erfolge zu verzeichnen haben. Wir
689 1487 1681 1556 nämlich um die Rettung der unsterblichen
1696 1532 2692 1587 müssen die Unterstützung der Mission als eine
693 1543 1675 1600 Seelen. Jene fochten zumeist in geschlossenen
1689 1589 2693 1638 Herzensangelegenheit betrachten; wir müssen
691 1591 1678 1659 Reihen und zeigten so ihren Mut, ihre Ritter¬
1689 1627 2683 1698 den Wunsch der Kirche zu verwirklichen suchen:
690 1633 1685 1700 lichkeit; diese kämpfen nur zu oft allein gegen
1689 1690 2688 1739 wir müssen das herrlich begonnene Missions¬
690 1685 1682 1748 eine drohende Uebermacht leiblicher und geisti¬
1699 1736 2683 1786 werk der Gegenwart fortsetzen; wir müssen der
694 1727 1678 1795 ger Feinde. Jene Eroberungen im heiligen
1699 1770 2690 1839 Wahrheit zum Siege verhelfen, denn wir allein
694 1782 1668 1866 Lande gingen wieder verloren; die Eroberun¬
1698 1815 2698 1892 haben sie. Wir sind es unserer Ehre, unserem.
690 1831 1684 1903 gen unserer Missionäre dehnen sich immer
1695 1884 2689 1931 guten Rufe, unserem schönen Namen „katho¬
686 1887 1683 1954 weiter aus, stets neue Vollwerke entreißen sie
1699 1922 2689 1985 lisch, allgemein“ schuldig, zur Ausbreitung des
685 1929 1684 2013 dem Feinde und pflanzen darauf das siegreiche
1703 1977 2687 2049 Reiches Gottes auf Erden nach Kräften beizu¬
687 1980 1041 2052 Kreuzesbanner.
1702 2027 1884 2094 tragen.
797 2002 1685 2091 Diese unsere Glaubensstreiter sind die
1795 2049 2693 2130 Diese Aufgabe der Katholiken hat Pro¬
699 2076 1695 2133 Freude jedes wahrhaft katholischen Herzens. Sie
1694 2099 2688 2191 fessor Dr. Meyers auf dem Katholikentag zu
689 2123 1675 2183 liefern ein glänzendes Zeugnis für die Jugend-,
1705 2168 2697 2220 Augsburg in seiner groß angelegten, überaus
692 2176 1684 2241 Lebens= und Werbekraft unserer Kirche. Ist
1694 2214 2691 2285 wirkungsvollen Missionsrede in die bezeichnen¬
691 2225 1683 2302 es nicht erfreulich und erhebend, auf ein katho¬
1694 2260 2703 2330 den Worte gefaßt, die sich jeder von uns tief
698 2280 1675 2343 lisches Missionsfeld von mehr als 36.000 Na¬
1707 2308 2697 2371 ins Gedächtnis schreiben sollte: „Neben den
695 2322 1678 2392 tionen hinblicken zu können, das wie ein weites,
1703 2371 2692 2428 berufenen Missionären, die praktische Aposto¬
695 2374 1667 2442 vielmaschiges Netz den ganzen Erdkreis um¬
1690 2421 2697 2479 latstätigkeit üben, hat jeder gläubige Christ die
699 2418 1688 2493 spannt? Zu hören, wie nahezu 13.000 Missi¬
1700 2477 2702 2526 Pflicht, der Mission Dienste zu leisten durch
698 2464 1684 2541 onspriester unter unsäglichen Mühen bei den
1699 2515 2696 2564 materielle Unterstützung und Teilnahme; durch
694 2516 1689 2588 Heiden arbeiten? Zu hören, daß ein Missions¬
1701 2564 2707 2623 Wort und Schrift, wenn er die Fähigkeit dazu.
693 2580 1685 2637 personal von rund 35.000 Personen, aus opfer¬
1709 2610 2700 2672 hat, durch sein Gebet unter allen Umständen.
709 2617 1691 2690 mutigen Priestern, Laienbrüdern und Missi¬
1697 2657 2706 2729 Missionspflicht und Missionsdienst müssen wir
706 2667 1696 2747 onsschwestern gebildet, tatkräftig für die Ehre
1713 2716 2699 2773 alle üben, Söhne des Apostolats müssen wir
694 2716 1219 2788 unserer Kirche eintritt?
2020 2764 2696 2821 Wer von uns Katholiken ins
1697 2763 1966 2830 alle sein..
805 2744 1675 2841 Professor Dr. Meyers hat kürzlich in
1707 2789 2708 2869 Grab geht, ohne den katholischen Missionen sein
704 2805 1695 2880 Augsburg den schönen Satz gesprochen: „Die
1705 2859 2700 2923 Interesse und seinen Eifer zugekehrt zu haben,
708 2867 1675 2924 Mission ist der Idealismus des Christentums!“
1703 2916 2702 2968 der hat sein schönstes Stöck Land in Gleichgiltig¬
713 2916 1699 2979 Führwahr! Bekundet das stattliche Heer unserer
1708 2946 2708 3029 keit und Verachtung liegen lassen und den besten.
699 2959 1683 3024 Missionäre nicht die edelsten Gemeinsamkeits¬
1709 3009 2343 3087 Teil seines Lebens verloren.“
712 3012 1691 3082 gefühle, weltumspannende Bruderliebe, Opfer¬
708 3071 1697 3131 mut, Uneigennützigkeit, Selbstverleugnung und
2128 3059 2290 3130 —
716 3115 1692 3174 Tatkraft? Kann der christliche Heroismus wei¬
708 3166 1700 3221 ter gehen, als sich im eisigen Norden oder
712 3215 1701 3284 im fieberschwangeren Tropenklima hinzuopfern
713 3256 1700 3332 und aufzureiben in einem Berufe, zu dem sich
1816 3234 2567 3329 Das Wiener Burgtheater.
714 3315 1704 3373 die Missionäre freiwillig aus höheren Beweg¬
1827 3319 2571 3411 Eine Studie von Dr. Karl Perger.
711 3353 1701 3431 gründen entscheiden? Sind sie nicht Fackelträger
1810 3388 2695 3469 „Das Burgthater ist lange nicht mehr
714 3411 1700 3465 des Lichts und der Wahrheit in Gebiete, wo
1707 3449 2679 3511 das, was es war und was es sein sollte,“
713 3452 1700 3522 bisher Finsternis und Irrtum herrschte? Reihen
1716 3482 2706 3561 das ist eine der häufigen Phrasen, die man
712 3504 1691 3573 sie nicht alljährlich Zehntausende in die Heeres¬
1716 3550 2720 3616 leider gerade in gebildeten Kreisen heutzutage
704 3557 1706 3613 folge Christi ein, ein reicher Ersatz für die
1714 3597 2714 3656 nur zu ost hören kanin. Aber nur eine Phrase.
716 3596 1706 3662 Seelen, die der moderne Uglaube der Kirche
703 3642 2716 3727 im Abendlande entreißt? Tragen nicht gerade Denn, daß dem nicht so ist, das will die fol¬
2204 3752 2469 3953 #
