3436 4352
1558 131 1934 239 box 27
228 139 1416 270 22. Derjunge-Medandus
452 1268 3323 1417 den es stagwicht sen henn, sonelln sen Buhese, . M Konles, woo sie deren antreffen, sie sind zum Teile radi= kroatischen Koalition
479 1332 721 1411 S
1212 1358 1384 1432 S
1631 1417 3339 1524 der Kaiser, der Ritter, der Bauer sterben, und er hat All dies kennen wir
690 1415 1549 1641 De Feuilletost.
1636 1464 3333 1579 darin gezeigt, welch einen Prunk, welch einen Farben= uns wie den Inhalt
1378 1428 1668 1626 100
427 1476 696 1655 4
1640 1521 3338 1633 reichtum er als Maler historischer Bilder besitzt. Er ar= In vielen Büchern habe
1162 1506 1551 1658 seg
840 1532 1315 1652 III 1612.#
1635 1563 2822 1654 beitet langsam, aber seine Werke haben dann auch die
1519 1577 1639 1690 7225
2814 1578 3339 1687 den Memoiren der napo
1628 1609 2820 1704 Vollsaftigkeit, die schwere Süße und den betäubenden
456 1608 1611 1718 [Anmerkungen zu dem Buche eines Dichters.
2807 1646 3332 1724 gigantischen Schmähung
1620 1659 2817 1753 Duft, den die Früchte haben, die in den langen, heißen
836 1679 1260 1760 Von Felix Salten.
2814 1693 3339 1767 zug mit Russenaugen ansch
1638 1709 2812 1807 Sommern des Südens gereift sind. So ist Sophus
2814 1747 3349 1818 diese Ereignisse dargestel
518 1743 1645 1847 Der Däne Sophus Michaelis gehört wirklich zu den
1629 1753 1871 1827 Michaelis.
2807 1796 3335 1870 Gemälde von Wereschtsch
442 1788 1641 1870 besten und feinsten Künstlern, die wir jetzt in Europa
1706 1794 2826 1899 Nun erzählt er den russischen Feldzug des großen
2806 1844 3350 1916 Buch von Sophus Mich
436 1845 1633 1937 haben. Man wird vielleicht schneller über ihn orientiert
1632 1840 2821 1951 Napoleon. 1812. Nur wenige Tage noch, und wir werden
2882 1887 3340 1967 Wenn ich aufrichtig
450 1892 1638 1979 sein, wenn ich sage, daß er der Mann von Karin Mi¬
1631 1902 2815 2014 1912 schreiben. Man wird die Jahrhundertfeier begehen,
2802 1929 3337 2020 gern aus der Hand geleg
450 1947 1628 2015 chaelis ist. Denn Karin Michaelis hat für den Augen¬
1631 1957 2812 2060 in stolzer Erinnerung daran, daß vor einem Säkulum...
2805 1991 3340 2059 gefühlt, als ich alle dieser
440 1993 1639 2076 blick den weitaus berühmteren Namen. Nicht etwa, weil
1621 1996 2801 2084 der russische Winter die Macht des großen Völkerfrühlings¬
2799 2041 3342 2115 es nicht, einen tiefen Ku
440 2043 1639 2126 sie eine bessere oder feinere Künstlerin ist. Oh, keines¬
1621 2058 2806 2150 helden gebrochen hat. Rußland wird sich erinnern. Und
2802 2088 3339 2156 Buch bedrückend und ein
438 2093 1626 2176 wegs. Sie ist weder besser, noch seiner, noch ist sie über¬
1615 2110 2803 2201 wird sehr stolz sein. Europa wird sich erinnern, und sehr
2794 2122 3340 2210 Wie anders empfängt m
441 2127 1622 2224 haupt eine Künstlerin. Sie hat nach manchen niedlichen
1623 2156 2808 2255 viele Bücher in die Welt setzen und sehr viele Phrasen.
2801 2180 3332 2261 noch ganz jung, vom
446 2181 1628 2273 Arbeiten ein recht saloppes, herzlich abgeschmacktes Buch
1621 2207 2812 2300 Neunzehnhundertneun ist das Andreas=Hofer=Jahr gewesen,
2795 2229 3341 2304 ganz unberührt ist. Als
442 2231 1627 2317 geschrieben, das aber mit etlichem Geschick eines jener
1612 2260 2808 2341 dieses eben abgelaufene Jahr gehörte Heinrich v. Kleist.
2795 2283 3345 2353 man es hin, erschütternd
443 2278 1630 2362 ewig weiblichen Themen anrührte, die ewig aktuell blei¬
1619 2304 2806 2386 Das nächste ist dem russischen Feldzug gewidmet, neunzehn¬
2802 2334 3338 2406 wie sehr ist man bereit,
432 2322 2803 2441 ben. Sie hat damit gleichsam den Knopf eines elekni= hundertdreizehn der Völkerschlacht bei Leipzig, neunzehn¬
2800 2381 3346 2457 lassen. Und wie stark em
445 2382 1625 2464 schen Lärmapparats gedrückt, und da haben nun pünkt¬
1607 2402 2806 2494 hundertvierzehn dem Wiener Kongreß und neunzehnhun¬
2799 2431 3333 2498 eine: Schauspiel. Für u
446 2425 1623 2514 lich alle Reklameglocken der europäischen Presse geklin¬
1620 2449 2801 2529 dertfünfzehn Waterloo. Wir gehen bewegten Zeiten entgegen.
2793 2471 3353 2550 wahrt. Dann aber eim
430 2472 1622 2559 gelt. Dann reiste Karin Michaelis umher und ist in deei
1698 2511 2800 2589 Sophus Michaelis hat sich die Peripetie des großen
2790 2531 3354 2620 spürt nichts mehr von ein
431 2525 1622 2618 Dutzend Großstädten sehr beredsam und außerordentlich
1612 2548 2804 2645 Napoleon=Dramas erwählt: die Schicksalswende dieses un¬
2786 2577 3317 2652 bare, von Angst und
443 2577 1620 2659 „sensationell“ gewesen. Sophus Michaelis hat noch keine
1613 2597 2798 2698 geheueren Lebens. Der Kaiser steigt vor dem Schlosse
2789 2613 3353 2703 dampfende Leben vor sich
439 2641 1617 2711 aktuellen Bücher geschrieben, er war noch niemals sen¬
1608 2649 2800 2738 St. Cloud in den Reisewagen und fährt nach Rußland.
2788 2676 3349 2750 Schmerzen, wie ein Man
431 2680 1623 2766 sationell, aber er wird noch berühmt sein, wenn man
1609 2688 2794 2775 Der Krieg beginnt. Auch das Buch. Denn seine erste
2795 2720 3348 2793 fängt, gleich einem Tier in
436 2721 1621 2811 die gute Karin längst vergessen haben wird. Er hat der
1612 2751 2801 2839 Zeile enthält den Wagen und St. Cloud. Seine letzte Zeile:
2784 2763 3348 2850 Wirrsal seiner Wünsche ver
432 2777 1617 2852 wundervollen Roman „Aebelö“ geschrieben. Der so schner
1613 2792 2790 2882 der Kaiser springt vor den Tuilerien aus der Kalesche.
2785 2822 3356 2891 Pläne sich selbst erdrosselt.
438 2819 1609 2908 und so einfach dabei, so zart und doch so voll frischer
1614 2842 2791 2929 Der Krieg ist aus. Dazwischen liegt die Fürstenparade von
2787 2855 3347 2941 auf dem Grund unserer
430 2869 1614 2959 innerer Kraft ist wie eine Ballade. Er hat das meista¬
1606 2889 2797 2979 Dresden, liegt Smolensk, Moskau, der Uebergang über
2778 2920 3352 2997 unter unserem Wortbewu
436 2917 1607 2999 lich gebaute Drama „Revolutionshochzeit“ geschrieben, dis
1596 2948 2801 3024 die Beresina, die Verlumpung und das Jammersterben der
2784 2968 3336 3041 alles so kommen mußte,
431 2963 1583 3047 uns mit seiner treffsicheren Bühnenwirkung so ganz ge¬
1606 2986 2796 3080 Großen Armee, der Bruch im Wesen Napoleons, die
2775 3019 3346 3088 der Ahnung, vielleicht selb
431 3002 1611 3102 fangen nimmt, wie nur irgendein raffinierter Sardot,
1602 3029 2789 3126 Todeswunde, die das stolzeste Herz empfing, das jemals
2783 3076 3357 3141 ganges nicht widerstehen ##
429 3058 2789 3172 das uns aber doch auch wieder holde Menschlichkeitm! auf Erden lebendig pochte, diese Wunde, die nur eil¬
2782 3113 3346 3190 war tief unter seinem Wor
429 3126 3352 3228 aufschließt, wie ein poetisches Idyll. Er hat dann dis fertig verbunden, niemals u bluten aufgehört hat und nur ganz leise und unde
435 3162 2077 3252 schöne Buch vom „Totentanz“ gedichtet, darin der Paxst, niemals verheilt ist.
2778 3213 3349 3307 hört, hat sich erst später, a
