3344 4192
1035 87 1078 157 M
298 78 1469 198 22. bejungdardus
1255 401 1592 485 Telephon 12.801.
703 543 1334 632 JODSERTER
505 634 1602 697 I. Seterr. behürdl. konz. Unternehmen für Zeitunge-Ausschaltts
668 684 1423 752 Wien, I., Conoordiaplatz 4.
896 734 1206 799 Vertretungen
494 774 1597 835 in Berlin, Basel, Budapest, Chicago, Cleveland, Christiania,
485 839 1591 876 Genf, Kopenhagen, London, Madrid, Mailand, Minneapolls,
481 873 1593 941 New-Vork, Paris, Rom, San Francisco, Stockholm, St. Peters¬
892 907 1204 961 burg, Toronto.
809 947 1279 1014 (Onelienangabe ohne dew übr).
477 996 1480 1146 auschait ams Prager Tahbiar
681 1106 951 1177 6.11 1070
494 1121 629 1194 vom:
649 1160 1230 1255 Die Wiener Kritik über
946 1204 1562 1307 schnitzlers „Medardus“.
711 1276 1599 1348 Hugo Willmann schreist in der „Neuen
619 1328 1584 1400 Fceien Presse“: .... Der Dichter wollte zweierlei:
618 1360 1600 1431 einen interessanten Liebesromankerzählen und zugleich
635 1419 1604 1471 die ganze Historte des Jahres 1800 mit all seinen
625 1439 1613 1510 Nöten und Fährden in den Rahmen der Bühne ein¬
628 1481 1609 1551 fangen. Doch dem Roman war schon der Atem aus¬
633 1513 1605 1590 gegangen, als die Historie kaum begonnen. Der dritte
629 1546 1607 1623 Akt bringt erst die Beschießung der Stadt, und schon
630 1590 1617 1674 ist unsere Teilnahme für Medardus und seine Prin¬
629 1633 1615 1701 zessin erkaltet. ... Der ganz unhistorische Spuk ver¬
628 1668 1607 1735 dampft schließlich in der Luft, woher er gekommm.
638 1703 1612 1772 Ungleich besser geriet das Wienerische in dem Stück.
639 1747 1610 1813 Wiener Stube, Wiener Gasse, überall fühlt man sich
644 1778 1604 1863 zu Hause. Von den vielen Volksszenen sind fast alle
645 1819 1602 1887 ausgezeichnet Auf dieses illustrierende Beiwerk, das
638 1849 1603 1938 scheinbar Nebensächliche, verwendet der Dichter die
634 1890 1639 1963 größte Sorgfalt, es wird uns zur Hauptsachs.Die
1432 1942 1490 1980 *
646 1935 1422 2008 Gefahr, ins Senfati#nsdrang, iue Aseer.
644 1941 1623 2052 zu entgleisen, lag sehr nahe. Doch nie vergißt der
644 1992 1623 2086 Dichter sich selbst oder doch nur in selienen Augen¬
652 2017 1617 2128 blicken, wo auch er an dem derberen Theaterwesen
643 2103 1651 2185 zuviel Gefallen findet. Davon abgesehen bleibt er bis
644 2180 1638 2221 zum Ende ein vornehmer Mann, voll feiner poetischen
646 2194 1648 2258 Empfindung, voll Geist, zur rechten Zeit voll d#s
649 2235 1634 2279 besten Humors. Wer ihm folgt, hat Mühe, alle. Blu¬
651 2276 1637 2348 men und Blüten aufzulesen, die er während der lan¬
636 2312 1241 2356 gen Fahrt an den Weg streut.“
747 2346 1631 2427 Max Burckhardt sagt im „Fremdenblatt“:
644 2398 1633 2437 „Die Dicotung übte tiefe Wirkung und lebhafter Bei¬
645 2437 1624 2490 fall zeichnete den Dichter und die Darsteller aus. Am
640 2474 1639 2528 stärksten war er nach der Friedhofsszene, der Szene
640 2500 1635 2560 auf der Bastei, der Liebesszene und den Szenen am
655 2543 1629 2590 Glacis und im Gefängnis. Ein Glück für Schnitzler,
643 2579 1621 2638 daß Napoleon und seine Mucht in der Zeit von 1800
641 2610 1623 2673 bis heute doch schon dahingegangen sind. Sonst wärr
638 2669 1451 2713 mir für Schnitzlers Leben ernstlich bange
1514 2664 1619 2715 falls
650 2697 1624 2734 ihm nicht etwa durch dee revoltierende Vorführung
641 2733 1632 2784 der empörenden Bretalität des Napoleonischen De¬
638 2766 1628 2832 spotismus in dem Bild „Am Glacis“ doch gelungen
640 2810 1634 2860 wäre, mit seiner Dichtung zur erfolgreichen Ausfüh¬
642 2853 1646 2917 rung der Tat aufzureizen, die er selber Medardus
638 2889 1628 2950 und Helenen nur pleien ließ. Das Zeug zu solch
642 2917 1370 2980 „dramatischer Historie“ hätte er ja.“
732 2961 1635 3027 Felix Salten in der „Zeit": „... Das Wert¬
647 3001 1629 3055 volle an diesem Werk: seine Buntheit des Lebendigen,
642 3040 1631 3085 seine Fülle der Gestalten. Die Kunst, Verknüpfungen
645 3084 1622 3127 des Schicksals zu zeigen. Die dichterische Kraft, die
645 3107 1627 3164 alle Szenen ganz leise von der Wirklichkeit abrückt,
642 3154 1612 3199 und sie doch in jedem Wort, in jedem Augenblick mit
638 3195 1619 3233 einem bestrickenden Zauber des Notwendigen und Na¬
643 3228 1620 3295 türlichen aufleuchten läßt. Die Atmosphäre, die öster¬
645 3266 1602 3315 reichisch ist, wie etwa Haydns „Lott erhalte...“
642 3302 1635 3362 Dann noch die Weisheit, die immer und immer wie¬
639 3345 1625 3413 der auf die schicksalsstarke Verteilung der Rollen in
632 3386 1291 3435 der großen Weltkomödie hinweist.“
740 3408 1625 3458 Vinzenz Chiavacci in der „Oesierr. Volks¬
637 3448 1622 3505 3ig.“: „... Die Dichtung, die an vielen Stellen
644 3490 1622 3543 starke Wirkung erzielte, leidet an Hypertrophie der
649 3527 1625 3578 Phantasie und Gestaltungskraft, wodurch das Ganze
639 3573 1613 3622 ins Uferlose wuchs und die harmonische Ausgestal¬
635 3601 1618 3664 tung einer einheitlichen Handlung einschränkte. Die
634 3647 1612 3697 szenische Führung und das von dichterischem Hauch
641 3682 1614 3739 durehdrungene Wandelbild großer Ereignisse sichern
641 3718 1396 3780 ihr aber das Interesse des Publikums.“
739 3755 1615 3809 Pernerstorfer in der „Arbeiterzeitung":
646 3799 1616 3853 .... Aus allem leuchtet die große Begabung Arthur
646 3833 1619 3890 Schnitzlers hervor, der immer zu fesseln und anzu¬
634 3880 1614 3934 ziehen versteht, auch wenn er schwer zu übersehende
643 3909 923 3968 Fehler macht.“
1637 93 2068 188 box 26/5
2149 372 2521 482 „OBSERVER“
2109 434 2567 532 L. österr. behördl.
2155 505 2517 592 konzersieuirtes
2257 559 2455 639 Bureau
2126 619 2570 694 für Zeitung enncheichten
2267 677 2370 736 Wies
2159 699 2552 794 Konkurdisplatz 4
2768 908 3211 1001 26. MOV. 1910
2509 1036 3098 1150 Linzer Tagespost
2142 1117 2311 1203 Dierkes.
3051 1164 3221 1255 24
2228 1193 2871 1284 — „Der junge Medardus.“ S
3094 1224 3307 1294 s neues
2113 1240 3314 1341 Stück mit den unzähligen Personen und Jhrkasen Zwischen¬
2119 1302 3306 1366 akten „Der junge Medardus“ ist gestern im Burg¬
2108 1334 3305 1405 theater zum erstenmal aufgeführt worden. Die Vorstel¬
2113 1369 3296 1466 lung begann um halb 7 Uhr und dauerte bis halb 12 Uhr.
2102 1419 3295 1495 Das Stuck ist eine Historie aus dem Jahre 1809 und bot
2101 1470 3297 1556 eine glänzende Ausstattung, um die sich insbesondere der
2095 1494 3293 1604 Maler Le Vler verdient gemacht hat. Der Dichter wurde
2100 1552 2997 1621 ebenso wie die Darsteller stürmisch gerufen.
2261 1609 3306 1704 Das „N. Wr. Tabl.“ meldet: Artur Nikic#.
2081 1899 3181 1976 I. österr. beh. konz. Unternehmen für Zeitungs¬
2287 1937 2960 2012 Ausschnitte und Bibliographie.
2258 1981 3027 2080 Wien, I., Concordiaplatz 4.
2484 2069 2801 2138 Vertretungen
2083 2102 3174 2207 in Berlin, Brüssel, Budapest, Chicago, Cleveland, Christiania,
2079 2154 3170 2234 Genf, Kopenhagen, London, Madrid, Mailand, Minneapolis,
2083 2179 3173 2280 New-Vork, Paris, Rom, San Francisco, Stockholm, St. Peters.
2478 2235 2772 2293 burg, Toronto.
2425 2271 2830 2336 (Guellenangabe ohne Gewähr.)
2059 2321 2465 2393 Ausschnitt aus:
2862 2368 3175 2462 Zeitviang
2422 2396 2590 2476 Reint
2063 2439 2208 2494 vom:
2609 2433 3060 2530 28. Nav. 1910
2303 2568 3128 2646 („Der junge Medardus“) von Artur
2223 2584 2269 2646 C
2423 2612 3118 2690 Wr. Am 24. Juni 1809 wurde in Wien
2220 2615 3120 2736 ingen am Bodensee eingewanderte
2225 2687 3114 2766 Sattlermeise Eschenbach erschossen, weil er Ka¬
2219 2729 3120 2813 nonen=Rohre aus dem bürgerlichen Zeughaus dem
2212 2767 3116 2858 Verbot des französischen Heeres=Kommandos zu¬
2214 2820 3110 2896 wider in seinem Garten eingegraben hatte. Der
2204 2859 3108 2942 Wiener Literarhistoriker Arnold, dem wir auch (im
2208 2903 3108 2983 11. Band der Schriften des Literarischen Vereins)
2214 2937 3117 3048 die Gabe: „Achtzehnhundertneun. Die politische
2205 2977 3105 3061 Lyrik des Kriegsjahres“ verdanken, hat zum 100.
2200 3020 3106 3110 Gedenktag der Hinrichtung Eschenbachs am 24.
2208 3062 3108 3149 Juni 1909 im Amtsblatt der Wiener Zeitung, den
2203 3106 3101 3187 Wortlaut des kriegsgerichtlichen Urteils mit dim
2209 3150 3086 3233 Zusatz drucken lassen: Genaueres wisse man nicht,
2207 3193 3093 3269 doch wäre zu hoffen, daß Dichter wie Bartsch oder
2198 3226 3088 3325 Ertl den Stoff aufgreifen und ausgestallen wür¬
2197 3267 3090 3362 den. Als Arnold viesen Wunsch äußerte, ahnte er
2203 3323 3087 3408 nicht, daß Artur Schnitzler längst um dieses
2193 3359 3085 3445 frei weiter entwickelie Motiv eine Historie „Der
2189 3401 3085 3491 junge Medardus“ geschrieben. Eschenbach
2193 3446 3085 3533 (nach dem eine Wiener Straße getauft ist) heißt bei
2189 3486 3073 3570 Schnitzler Eschenbacher: es ist der Onkel des jungen
2186 3527 3077 3622 Medardus. Dieser Inhaltsangabe läßt sich nicht
2192 3564 3076 3660 der Reichtum der Haupt= und Neben=Handlung, die
2182 3621 3071 3689 Fülle der Genrebilder absehen, in denen Schnitzler
2189 3646 3068 3744 die Wiener Bevölkerung, die Zustände zwischen den
2192 3693 3055 3780 Schlachten von Aspern und Wagram mit feiner,
2186 3731 3057 3827 fester Hand zu malen gesucht hat. über fünf Stun¬
2183 3776 3057 3868 den währte die Uraufführung des Stückes im
2186 3817 3061 3908 Burgtheater. Regie und Schauspieler leisteten eine
2175 3860 3062 3953 Riesenarbeit, und das Publikum, das Schnitler
2178 3901 3060 4001 vom Anfang an wärmstens entgegenkam, nahm das
2170 3950 2866 4030 ganze Werk ungemein wohlwollend auf.
