3296 4256
1489 145 1956 237 box 26/6
908 163 970 223 M
180 148 1342 262 22. Der jungedardus
1136 745 1387 818 Nr. 1504
1771 757 2083 822 Wien, Montag
2284 886 2448 966 wori
1449 880 2011 991 Tritsch=Tratsch.
2291 932 2419 1003 der
1195 948 2316 1042 „A stierer Monat, der Dezember,“ begrüßte die Maltschi
2312 980 2413 1053 es
1103 1027 2312 1079 ihren Freund. „'s geht viel vor, überall wird mit Händ' und
1102 1082 2306 1144 Füaß garbeit', aber vor die Feiertäg' herrscht halt gar so
2315 1075 2430 1143 müt
1099 1129 2304 1182 viel Angst. Dös san g'fährliche Zeiten bis zum heiligen Abend.
2321 1137 2420 1202 seit
1091 1175 2305 1231 Erst der Zinstermin, nachher die Sparwut fürs Christkindl,
2318 1187 2423 1271 Di
1096 1226 2319 1288 glauben S' dös all's wird net a in die Theater g’spürt? Und
1097 1276 2308 1328 die ham do meist schon 's stärkste Pulver verschossen. Da
2323 1265 2428 1351 Ihr
1103 1330 2099 1388 heißt's halt nachhelfen, wattieren auf alt und neu.“
2312 1332 2410 1394 ich
1204 1370 2425 1443 „Wenn Sie über den Punkt und anderes plauschen mir
1092 1413 2413 1491 wollen, so daß es kaner hört, so geh'n ma irgendwohin, wo kar
1112 1486 2408 1548 ma ganz ungestört sein, also, — ganz recht, nur marsch hinein vor
1103 1517 2386 1583 in die Residenzbühne. Was, zur Kassa soll ich? Naiv, was Sie so
1115 1574 2413 1650 sind. Ich hab' doch längst für solche Fälle meine paar Karten] abe
1108 1628 2322 1669 sir uns. — So, da sitzen ma. Die Schauspieler wer'n uns
2319 1637 2409 1691 un
1106 1663 2395 1749 hoffentlich auf der Bühne nicht übermäßig genieren. Sie ham ihr
1106 1725 2390 1783 von den Theatern g'redt früher und der Ausred, daß der be¬
1103 1777 2401 1843 Monat so mies is. Ja, aber warum rennt man dann doch in tät
1113 1821 2403 1892 die Burg, wie net gescheit? Interessantes muß man halt bieten ga¬
1107 1871 2390 1950 und der Artur Schnitzler hat jetzt Oberwasser in Wien. der
1101 1925 2314 1990 1240 Kronen für jeden Medardus, wenn ausverkauft, und extra,
2324 1935 2402 1990 Li
1110 1974 2314 2040 nach an alten Hofprivileg noch a sogenanntes Dichtungshono¬
1107 2020 2299 2088 rar; dem Manne is geholfen worden, dos nenn' ich a Resi¬
1108 2077 2317 2121 benzbühne. Natürlich versucht der Weisse jetzt auch, mit'n
1112 2121 2316 2190 Schnitzler die Parad' abzuzieh'n und hat zu dem Zweck den
1119 2172 2226 2234 „Anatol“ so heriusstaffiert, daß an die Augen übergeh'n.
1198 2226 2326 2285 „No und wia. Im Volkstheater ham's 'n Ehrgeiz
1102 2269 2318 2324 drein g'setzt, sogar solchene einfache Interieurszenen dösmal mit
1095 2323 2315 2378 b'sondern Naturalismus außiz'bringen. Der Eifer vom Re¬
1101 2373 2324 2447 gisseur war dabei so groß, daß er an braven, ehrlichen Pro¬
1109 2419 2325 2485 fessional, was bisher in aller Unschuld dahing'lebt hat, in Si¬
1113 2470 2322 2513 tuationen 'neing'hetzt hat, gegen die die Versuchungen des hei¬
1109 2506 2327 2583 ligen Antonius 's reinste Kinderspiel waren. Alstern, Sie
1109 2563 2318 2637 müssen wissen, daß das Volkstheater an eigenen Tapezierer
1095 2619 2322 2686 hat, nämlich derartig, daß a jed's von die wunderschönen Mö¬
1097 2666 2315 2730 belstück auf der Bühne, zumindesten alle Polsterungen, die Ent¬
1108 2711 2322 2780 würfe dazu und selbstverständlich die Draperien im Hause selbst
1109 2765 2327 2837 verfertigt werden. Der Mann, ein Künstler in seinem Fach, er
1102 2822 2314 2884 hört auf'n Namen „Ehrlich“ sollt nun auch die, sagen ma:
1105 2869 2310 2938 Sitzgelegenheiten vom Anatol und seinen süßen Mädeln be¬
1104 2917 2327 2977 sorgen und daß all's genau nach der herrschenden Mod' aus¬
1103 2961 2319 3011 fallt, ham's eahm eine Studienreise durch sämtliche Cham¬
1099 3020 2326 3080 bres separees von Wien machen lassen! Alle Nachtkaffees
1107 3065 2320 3128 und Restaurationen hat er zu dem Zweck perlustriert z’wegen
1106 3101 2322 3186 der „Einrichtung“ und eine Moral wär' oft in der größten
1109 3166 2311 3226 G'fahr g’wesen, wann er net vorsichtshalber sich zumeist auf
1096 3214 2319 3281 die Tageszeit und auf die Im mobilien beschränkt hätt. Das
1099 3259 2382 3328 bewegliche Inventar is net in sein Ressort g'fallen; so a Stu¬P
1099 3306 2326 3393 dium wär' über seine Kraft gangen und „Ehrlich“ hätt' am
1107 3364 1462 3433 längsten gewährt.“
1213 3394 2389 3472 „Daraus seh'n Sie nur wieder, was für Gefahren die ###
1103 3458 2321 3536 Theaterluft mit sich bringt. Ein Mitglied derselben Bühne
1101 3520 2317 3571 hat unlängst vier Täg beim Fischer in Reichenau verbracht,
1096 3554 2316 3621 aus Angst, daß eine langjährige Geliebte ihre Drohung könnt'
1105 3584 2336 3688 wahrmachen und ihm, wie sie gesagt hat, mit'n Vitriolflaschl
1108 3658 2326 3735 binnen 24 Stunden auf die Buden steigt. Zum Glück hat sie
1103 3698 2333 3769 sich's überlegt und er is vorläufig davor bewahrt, gewaltsam a
1105 3750 2399 3823 Ehemann zu werden oder auf die Länder zu fliehen. Das##
1101 3815 2387 3870 hat's die Selma Kurz grad umgekehrt gemacht; die war nie Ge
1096 3851 2397 3911 unverlobter, wie in der Stadt, aber a Bronchialkatarrh hats##
1094 3897 2309 3949 ihr am Semmering den Gatten zugeführt. Mei herzlichste Gra¬
1105 3945 2315 4017 kulation. Wann sie jetzt nur hübsch lang noch beim Theater
1096 3994 1273 4048 bleibt.“
1198 4047 2304 4100 „Warum nöt? Is dös am End' a Hindernis? A ver¬
1094 4092 2526 4154 künftiger Mann wird do wenigstens zeitweilig seiner Frau
2161 4142 2299 4176 PLur#.t.
1513 4145 1563 4177 ##
1104 4138 1522 4199 *9e Dier Aoniteim:
2779 4062 2950 4139 eeenuc
