3392 4352
1496 212 1954 296 box 27/1
183 205 1351 313 22. Der junge Medandus
857 1183 2192 1250 sein und so stark zugleich, daß die menschlichen Instinkte, vom Be¬
850 1243 2192 1308 wußtsein entlarvt, einander offen ins Gesicht sehen können, ohne
855 1300 2200 1339 allzusehr zu erschauern. Denn heute können sie das noch nicht, und den
850 1350 2200 1403 Menschen fällt ein klägliches Zittern an, wenn er einmal, vom Blitz
859 1398 2194 1447 eines starken Augenblicks, vom Licht einer besonderen Stimmung oder
851 1446 2192 1495 von der Verwegenheit eines zu Ende gedachten Gedankens, sein Inner¬
853 1495 2199 1541 stes jählings erhellt sieht. Dieses Zittern, das solche Menschen des
860 1547 2197 1604 Uebergangs durch ihr stärkstes und tiefstes Erleben hindurchführt,
856 1597 2188 1646 diese überwache Furcht vor den Geheimnissen der eigenen Natur, vor
853 1694 2201 1745 Dinge, die wechselnden Spannungen der Ich=Angst und der All=Angst
857 1754 2197 1813 sind seit jeher Schnitzlers liebste dramatische Atmosphäre gewesen; auch
858 1794 2201 1837 wenn er, wie in den meisten seiner Einakter, wissend darüber hinzu¬
857 1842 2197 1892 lächeln scheint. In dieser Luft gedeiht nun freilich statt leidenschaft¬
857 1894 2197 1959 licher Gebärden der unerbittlich weitertreibende Gedanke; statt
854 1944 2194 2009 blühender Anschaulichkeit die wissentlich gepflegte Form; statt sach¬
862 1996 1662 2049 licher Treue die elegante Ueberlegenheit.
943 2029 2204 2097 Von derart feinen und feinsten Dingen ist nun Der junge
865 2072 2195 2159 Medardus Szene für Szene voll. Und es ist wunderbar, zu sehen,
857 2156 2192 2209 wie dieses völlig andre Stimmungsmaterial von der geistigen und tech¬
864 2185 2197 2257 nischen Meisterschaft des Dichters zu Formen gebracht wird, die sich
863 2237 2196 2299 in Ausdruck und Rhythmus jenen großen Beispielen dramatischer
861 2289 2202 2359 Historien vielfach annähern. Aber gerade diese Annäherung der Form
856 2342 2204 2400 offenbart auf das schärfste wieder den unüberbrückbaren Abstand im
870 2390 2206 2448 Gehalt der Stimmungen dort und da; es ist eben der Abstand
867 2441 2202 2521 zwischen inniger Lust an der Wirklichkeit und ratloser Angst vor der
858 2490 1136 2559 Wirklichkeit.
951 2536 2192 2588 Annäherung der Form: Das große Ereignis wird an der Neu¬
871 2603 2190 2656 gierde und Verblüffung der kleinen Menschen abgespiegelt; die Unper¬
872 2636 2202 2705 sönlichen, die Bedeutungslosen — die Leute laufen zusammen, und aus
853 2687 2196 2752 den Interjektionen ihres Unverstandes ergeben sich doch die sichern
868 2737 2199 2804 Zeichen dessen, was ist und wird. Schnitzler zeigt die denkwürdigen
861 2800 2197 2858 wiener Tage von 1809, das Anrücken und die Gegenwart Napoleons.
862 2836 2204 2899 Zeigt sie im aufgeregten Hin und Her von allerlei Volk, im Schwatz
861 2889 2195 2938 der Straßen und der Stuben, in Gruppierungen und Aufläufen. In
859 2936 2197 3001 Volksszenen, mit einem Wort, wie sie endlich zum Bestand jeder dra¬
858 2994 2201 3052 matischen Historie gehören. Aber wie sehr unterscheiden sich diese
864 3037 2200 3104 Szenen an Auffassung und Stimmung von denen andrer Historien!
864 3097 2194 3149 Dort erscheint das „Volk als eine ziemlich homogene Masse, als
863 3125 2206 3202 amorpher plastischer Körper, dem von der Oberfläche der Ereignisse
860 3188 2200 3243 allein die Formen des Ausdrucks aufgeprägt werden. Eine Art Chorus
865 3234 2203 3289 ist es noch immer, eine halbbewußte Begleitstimme zur großen Musik
860 3278 2197 3344 der geschichtlichen Vorgänge. Hier aber fällt die Kritik des Dichters
867 3332 2204 3426 auch auf den kritisierenden Chorus nieder, der Refler des Geschehens,
2075 3442 2195 3523 637
