3344 4352
1700 127 3037 204 wuttte Baron Berger nur eine laubere Chorleiltung en
1697 175 3044 266 hieten. Seimitzler bringt noch undere Mallenszenen, die
1701 240 3038 305 einen wirklichen Beherricher der Mallen zu lebenslprühen¬
1688 303 3045 382 den Bildern und Bewegungen reizen mültten. Da wird
1692 363 3035 432 eine Szene auf den Balteien und Feltungswällen von Alt¬
1695 410 3052 480 Wien gezeigt. Die bewaffnete Bürgerwehr Reht neben
1701 479 3041 544 den Kanonen, in Mallen drängen die Neugierigen vor,
1694 522 3038 598 dlie Wiener, die überall dabei lein müllen, die Olfiziere
1702 585 3049 664 der Bürgerwehr hören die erlten Kanonenlchülle und wollen
1704 643 3044 725 die Mülliggänger abdrängen, die mur im Wege stehen.
1704 710 3028 776 Darauf wird inmen mit wienerllchen Froßeleien geant¬
1706 762 3055 839 wortet. Am Ende wirch den Oflizieren zu bunt und lie
1697 833 3057 901 Jallen, während die erlten Granaten donnern, die Baiteien
1695 875 3048 953 rämnen. Baron Berger begnügte lich hier mit zehn oder
1705 940 3042 1007 zwölf Statilten, die dus müßige Hermmltehen der Bürger¬
1703 1004 3056 1076 schaft darltellen lollten. Der Kontraft zwilchen den
1707 1054 3060 1146 loldatilch-erntten Bürgeroflizieren und den Flaneuren kum
1714 1129 3054 1194 pur ganz matt und Ichwächlich herams. Es fehlte nicht nur
1713 1171 3046 1244 die Malle, die bei lolchem Anlaß auf die Bühne mullte.
1702 1236 3039 1311 Es fehlte uuch der große Schwung, die dirigierende Mallen¬
1706 1299 3062 1358 herrichaft des Regilleurs. Selblt die Vorlchriften, die der
1711 1354 3061 1445 Dichter angibt, wurden ins Mittelmäßlige herabgestimmt.
359 1611 1533 1700 Kainz als Hamiet7 Statue von Bildhauer Sandor Juray
365 1706 1718 1776 konstruiert; wehe, wenn ein Darlteller diele Konstruktion
360 1769 1723 1852 nicht durch leinen Ueberichwung zu verkleiden weill! Und
362 1842 1718 1914 wieder wird Medardus lich lelber untreu, denn die Liebe
355 1884 1715 1963 ilt Itärker als alle Ruchepläne. Medurdin wirkt belächelns¬
359 1950 1722 2023 wert, wenn der Zulchauer nicht fühlt, wie die Flammen
355 2027 1725 2093 einer großen Leidenlchaft über ihm zulammenichlagen.
363 2073 1716 2143 Dann plötzlich wird Medardus wieder Krieger. Der Trou¬
361 2125 1731 2191 badour wird wieder hart, der Senlitive wird wieder
366 2180 1726 2270 neroilch. Er tötet nicht nur Heiene von Valois, er will
369 2245 1722 2321 #auch die Gnade von Napoleon nicht annehnnen, er fordert
372 2307 1731 2388 lein Todesurteil. Dieles Zickzackgehen des Medardus kann
368 2363 1724 2439 nur ein innerlich Reicher verkörpern! Das Burgtheater int
368 2420 1728 2525 an der einen Rolle, die mehr als einen Epilodilten fordert,
371 2481 1725 2563 gescheitert. Man wird die Alt-Wiener Tragödie anderswo
371 2552 1727 2608 unwienerlich geben, mit weniger lchönen Szenenbildern,
363 2603 1722 2689 aber innerlich glaubwürdiger. Hier fehlte ein Moill oder
376 2670 1635 2739 Kayfller, ein Kainz oder auch nur ein Harry Walden.
460 2706 1724 2804 Bei jeder Burgtheater-Premiere gibt es eine Anzahl
369 2772 1725 2869 alter Herren, die im Parkett lpazieren gehen und ver¬
372 2853 1728 2919 lichern: Eine lolche Vorstellung ist doch nur im Burg¬
377 2898 1730 2973 theater möglich. Das ilt wahr und auch nicht wahr. Richtig
380 2954 1723 3039 ilt, dast den MMedarduse überhaupt nicht viel deutiche
376 3016 1722 3089 Theater werden geben können.  Es gehört ein Enlemble
374 3070 1731 3141 von etwa liebzig Perlonen dazu und es gibt natürlich nicht
375 3131 1721 3213 viel Bühnen, die lo reich beletzt lind. Die Malle tut es!
383 3196 1713 3278 Andererleits hat der Vorltellung als Regieleillung außer¬
2836 3244 3058 3316 Thot. Stelajf
376 3256 1722 3342 ordentlich viel gefehlt. Wie mittelmäßig war dieles Bei¬
388 3305 3031 3404 lamnnenlein der Soldaten, die gegen Napoleon ams- Beert Deetjen und Gultav Matzner im =Puppenmädel¬
1870 3354 3117 3449 Immerhin brachte der Abend eine schaulpielerische
390 3398 528 3502 178
1776 3432 3120 3518 Entdeckung. Engenie Wohlgemuth, die noch Schlenther
1782 3481 3110 3561 gewonnen, hat als Helene von Valoit ihren größten schau¬
1781 3538 3121 3621 lpielerilchen Erfolg in Wien geholt. Sie wußte die kalte
1787 3610 3123 3687 Hoheit der politilierenden Herzogin mit Adel zu reprälen¬
1777 3636 3123 3754 #tieren. Sie hatte Größe und Fallung, und dennoch ichwelte
1788 3705 3119 3806 in ihren Augen das Feuer einer Rolzen Seele. Es gab
1791 3774 3128 3865 Zulchauer, die aus dielen Nienen die Glut einer Wolter¬
1787 3829 3124 3927 Tlefen wollten. Möglich, daß Fräulein Wohlgemuth dereinlt
1792 3890 3130 3975 nicht lo viel bringen wird, als lie diesmal verhieß. Aber¬
1794 3966 3000 4057 jedenfall um diele Verheillung lind wir reicher!
2605 3999 3145 4084 Stefan Großmann
