3344 4352
1488 140 1932 247 box 27/1
175 150 1341 250 22. Derjunge Medandus
808 1080 2153 1173 baren gestellt ist, nur wie ein Spiel von Puppen an ihren Drähten.
811 1145 2149 1200 Die Marionettenhaftigkeit des Herzogs und seiner Schattenverschwö¬
818 1200 2149 1259 ringist ja vom Dichter selbst mit voller Absicht (und mit seinster Tech¬
816 1238 2153 1325 nik) durchgeführt worden. Aber auch der Wille der Prinzessin, der uns
814 1309 2153 1375 als besonders stark und lebendig vorgestellt werden soll, ist so abstrakt,
813 1340 2149 1412 daß er nur auf der politischen Seite funktioniert und mit dem mensch¬
816 1403 2155 1469 lichen Trieb, der ihren Leib an den Leib des jungen Medardus drängt,
810 1441 2157 1516 nicht in die leifeste Berührung zu kommen scheint. Sie hat keine
816 1499 2154 1548 menschenmögliche Form; ist ein zweiteiliger Mechanismus. An ihrem
813 1546 2144 1613 politischen Zweck und an ihrer privaten Leidenschaft hängt diese Figur
813 1597 2147 1674 wie an zwei separierten Drähten, die nicht gleichzeitig gezogen werden
812 1638 2145 1703 können. In der Starrheit und Einzigkeit ihres Willens sieht sie dem
803 1682 2142 1770 Gehäuse zu einer Hebbelschen Gestalt nicht unähnlich; wie ja auch der
807 1737 2150 1833 Schauspieler Medardus dem Schauspieler Hjalmar in einigem ver¬
806 1786 1567 1857 wandt ist. Annäherungen der Form.
890 1850 2149 1922 Auch darin, daß ein gemessenes Pathos der größern Figuren mit
803 1892 2147 1977 der einsachen Sprache der Volksszenen in schönem Rhythmus wechselt.
808 1946 2149 2021 Das Pathos freilich manchmal erzwungen, uneigen, allzu absichtlich auf
803 1986 2134 2074 Bedentung gestellt. Dann aber wieder = und zumal da, wo der Dich¬
807 2048 2130 2097 ter seiner eigenen Meinung das Wort gibt — Sätze von einer wunder¬
811 2082 2141 2154 bar stillen und klaren Weisheit, wie etwa diese hier: „Ob sie Er¬
807 2147 2132 2207 wartung, ob sie Erfüllung bedeutet, weiß es denn die Stunde selber?
811 2183 2130 2270 Man könnte einer Krone entgegengeträumt, ja, man könnte sie er¬
797 2252 2138 2319 rungen haben= und an einem späten Tag entdecken, daß der reichste
806 2294 2144 2350 Augenblick von allen einer war, da man in einem Frühlingsgarten
803 2342 2133 2403 nach Schmetterlingen haschte. Die schlimmste Art, ein Glück zu ver¬
803 2389 2139 2449 säumen, ist, es nicht glauben, da man es erlebt.“ Solche Feinheit des
805 2443 2143 2507 Gedankens blüht an mancher schönen Stelle im Dialog. Sie verdichtet
796 2500 2134 2549 sich zu warmer lebendiger Menschlichkeit in den drei besten Figuren
800 2552 2132 2600 des Stückes, in den Personen, die der Weisheit dieser Lehre stark und
802 2589 2134 2670 schlicht nachleben und mit der verderblichen Schicksalsangst, die sonst
796 2648 2134 2715 allem Wesen und Treiben hier zugrunde liegt, wenig oder nichts zu
802 2699 2127 2776 tun haben. Das ist die tüchtige, tapfere Mutter Klähr, der unpathetisch
799 2745 2130 2798 mannhafte Eschenbacher und der Etzelt, der ehrliche und kluge Freund.
787 2801 2130 2872 Ihre Umrisse sind von keiner heftigen Gebärde entstellt und von keiner
794 2842 2120 2910 zerstörenden Selbstbetrachtung angefressen. Ihr Wille ist, nach ihrer
797 2891 2130 2947 Art menschlich zu sein; den erfüllen sie ganz. Sie sind wirkliche Men¬
798 2935 2123 3005 schen, mit einer dichterischen Liebe geschaffen, die sich da von ihrer ver¬
793 2988 1831 3046 störten Angst auf kurze Strecken wenigstens befreit hat.
880 3045 2120 3097 Ins Feinste kultiviert und im Tiefsten mutlos, aus hingebender
786 3088 2130 3155 Betrachtung des Lebens und aus unüberwindlicher Schen vor dem
781 3146 2131 3219 Leben geschaffen, gut kostümiert, von stilisiertem Pathos und stilisierter
782 3178 2121 3244 Natürlichkeit = so ist dieser „Junge Medardus' ein wahres Muster¬
791 3236 2119 3321 beispiel dessen, was heute gemeinhin als wiener moderne Dichtung be¬
1983 3364 2127 3443 639
