3344 4352
1500 250 1957 339 box 27/1
189 254 1359 368 22. Denjunge Medandus
1087 946 1902 1068 SAGE
1949 928 2161 1093 ½2
844 1134 2032 1238 Medardus in Prag von Willi Handl
983 1228 2193 1308 ramatische Historie: das bringt gleich die Vorstellung von
1005 1291 2183 1359 mächtig aufgerollten Ereignissen, von Kämpfen, Erschütte¬
931 1351 2177 1418 rungen, Wandlungen, die eine Welt für sich zu bedeuten
842 1405 2194 1456 haben. Eine epische Welt, die von der Willkür eines Einfalls oder vom
842 1441 2191 1528 Zwang einer Begabung — was vielleicht nur zweierlei Ausdruck für
839 1510 2178 1562 eine Sache sein mag = in die Form der Szene verlockt worden ist.
842 1553 2191 1613 Das Gesetz des Dramas ist für dramatische Gebilde dieser Art gelockert.
845 1614 2191 1653 Statt sinnvoll geschärfter Gegensätze ein üppiges Nebeneinander; Fülle
854 1640 2183 1713 statt Strenge, Reichtum statt Schlagkraft. Die höchste Gabe des Dra¬
856 1693 2180 1754 matikers, ins Zentrum der Ereignisse einen hellen Sinn zu setzen, so
855 1743 2180 1805 daß sie durch und durch leuchtend werden und ihre Bedeutung für uns
861 1809 2181 1862 alle offenbaren, wird da überwältigt von dem starken Trieb des Dra¬
856 1840 2197 1915 matikers, die Szene zu erfüllen, seine Menschen aus eigener Macht zu
861 1901 1320 1963 formen und zu kenken.
935 1931 2192 2006 Auf Shakespeare geht die bedeutendste Erinnerung zurück; Schick¬
857 2007 2197 2068 sale und Taten seiner Heinriche, seiner Richarde wälzen sich gigantisch
858 2045 2192 2113 übereinander her, ungeheure Trümmer aus dem Urgestein des Mensch¬
860 2104 2206 2160 lich=Allzumenschlichen, maßlos und gesetzlos, durch nichts beglaubigt
852 2155 2201 2201 als durch die Gewalt ihres Daseins, das uns die Schrecken blutiger
860 2199 2198 2257 Läufte herüberspiegelt. Der nächste Gedanke zielt gleich auf Goethes
853 2244 2187 2304 „Goetz', diese genialste Eindeutschung shakespearischer Anreize; in das
862 2303 2197 2359 behaglich hingebreitete Gemälde einer neuwerdenden Kultur ist doch
856 2339 2193 2410 ein Schicksal von verständlicher Tragik gestellt: das Leben eines Auf¬
864 2409 2194 2455 rechten, der dieser Zeit des Ausbiegens und Zersplitterns nicht mehr
855 2448 2194 2515 angehören kann. Dann gibt es, soweit der Blick den Bestand des heuti¬
868 2487 2192 2557 gen Theaters umfaßt, nur etwa noch den Florian Geyer', die Ge¬
862 2539 2202 2610 schichte eines Niedersinkens ohne Halt, überwältigend in ihrer kargen
874 2586 2193 2655 Sachlichkeit, unpathetisch und unparteiisch, tief mitleidvoll und tief
864 2640 1415 2718 pessimistisch: hauptmannisch.
952 2670 2192 2751 Dramatische Historie: die Königsdramen, der Götz, der Florian
859 2733 2199 2804 Geyer — es sind verzweifelt gefährliche Maße, selbst für einen, der
854 2803 2200 2856 auch sonst nicht mit geringem gemessen wird. Dennoch; das Maß liegt
865 2852 2215 2900 in der Sache selbst und wird von ihr gefordert. Wer die hochhin¬
867 2883 2204 2951 strebende Festigkeit des Dramas in den lockeren Fluß einer Historie
864 2939 2195 3003 umzugießen wagt, der muß für den bedeutenden Verlust Bedeutendes
870 2988 2197 3044 zu setzen haben. Shakespeare, Goethe, Gerhart Hauptmann: Genie
861 3048 2192 3104 der leidenschaftlichen Bewegung, Genie der sinnfälligen Spiegelung,
869 3078 2201 3151 Genie der sachlichen Darlegung; da ist überreicher Ersatz. Bei ihnen
864 3142 2192 3195 steht nun Arthur Schnitzler, dessen beste Gaben, Delikatesse und Ver¬
868 3186 2213 3246 sonnenheit, jenem leidenschaftlichen, sinnlichen oder sachgetreuen Wesen
862 3234 2209 3293 gerade zu widersprechen scheinen. Er kommt aus einer Kultur, die das
867 3294 2224 3364 Feine weit inniger liebt als das Starke: und er will eine Kultur, so
870 3398 992 3472 636
1780 3454 1874 3555 ∆.
