3392 4224
1566 121 1990 217 box 26/5
242 132 1418 230 22. DenjungeMedandus
379 1208 2615 1327 übernommen. Sie fühlt sich als die Erbin des uralt gibt. Was bedeuten ihm, der bei Marengo gesiegt und
370 1254 1485 1330 königlichen Geschlechtes, aber mit souveräner Rücksichts¬
1489 1273 2607 1370 bei Trafalgar seine herrlichsten Hoffnungen scheitern ge¬
367 1298 1484 1370 losigkeit schreitet sie ihren einsamen Weg. Voll südlichen
1497 1316 2601 1412 sehen, die Sorgen der Wiener Bürger, die Freiheitslieder
376 1343 1479 1422 Feuers schließt sie ihren geliebten Medardus, den sie einst
377 1389 1476 1472 töten gewollt, in die Arme, alles gibt sie ihm in ver¬
1487 1362 3322 1496 der Landwehrmänner, was die Konspirationen des land=Thereitungen, welche Italiens We
1474 1406 2595 1496 flüchtigen blinden Herzogs von Valois? Ein Fedeistrich
373 1426 1474 1506 schwiegener Stille hin, nur nicht ihr Höchstes, Letztes,
1477 1450 3163 1539 beseitigt den unbequemen Trotz einer törichten Bürger=KOstgrenze sehr verstärken?
373 1465 1477 1541 ihren Herrscherwillen. Ihre überraschenden Entschlüsse
3234 1486 3324 1545 In
1487 1495 3322 1601 schaft, nützt durch heilsamen Schrecken, ein Federzug durch= das Territorialsystem eingeführt wi
362 1502 1471 1595 übersetzen weite Gebiete der Möglichkeiten. Die Gestalt
1488 1540 3320 1634 schneidet die dünnen Fäden der legitimistischen Verschwörer, Mobilisation rasch stattfinden kann;
367 1556 1474 1640 Helenens bedarf, um glaubhaft zu werden, des Ver¬
1487 1586 3328 1689 Federzüge, das Werk weniger Augenblicke, denn der Riese dislozierten Truppen gegen Oester
366 1606 1476 1685 ständnisses einer hochbegabten Darstellerin. Die Burg be¬
1477 1625 3326 1736 denkt und träumt in ferne Gegenden hinaus. Endlose vorbereitet. Nicht ohne Grund war
360 1658 1475 1715 sitzt sie in Fräulein Wohlgemuth. Ihre Leistung
1484 1674 2580 1764 Armeekolonnen kreisen die Welt ein und verzagt blickt
367 1695 1468 1771 war ein wichtiges Ereignis des gestrigen Abends. Die
2569 1699 3326 1776 auf der Freiheit des Hafens von A
1474 1716 2578 1789 das Handelsvolk jenseits des Aermelkanals auf seine ver¬
360 1755 1464 1826 Burg weiß sich nun im Besitze eines jungen Talents,
2658 1761 3324 1831 Auch in Montenegro wird vie
1470 1762 2571 1847 ödeten Magazine. Endlose Kolonnen marschieren gegen
362 1778 1471 1865 das uns die Kunst hohen Stils zu bieten verspricht.
2581 1790 3316 1885 arbeitet. Weiß es Baronin Suttner
1470 1811 2571 1896 den Osten und Süden, um die Macht des Inselvolkes
354 1833 1468 1896 Neben dieser Helene nahm sich der Medardus des Herrn
2572 1850 3332 1931 da, wo Oesterreich=Ungarn sich vorb
1476 1856 2561 1935 tödlich zu treffen. Aus der einsamen Höhe solcher Ent¬
357 1868 1456 1955 Gerasch recht ärmlich aus. Noch im Vorspiele vermochte
1476 1898 2570 1986 würfe blickt er auf das Getümmel der winzigen Mensch¬
2577 1900 3316 1978 das schnell! Die Eile ist sehr wi
367 1925 1460 1993 er freundliche Sympathien anzuregen. Dann wurde es
1466 1938 2573 2029 lein herab, was bedeutet ihm deren Schicksal? Wir hören
2569 1944 3315 2041 schleunigung ihres Marsches siegten
355 1965 1465 2046 immer schlechter und schlechter. Es fehlte dem Darsteller
1468 1979 2579 2066 von dem Riesenmenschen Napoleon, er erscheint nicht auf
2571 1997 2810 2078 Slivnica!
353 1999 1467 2082 an der selbständigen Kraft, für das unstele Wesen des
1465 2028 2564 2115 der Bühne. Doch ist er die wichtigste Person des Stückes.
359 2047 1066 2118 Jünglings Teilnahme zu erwirken.
2563 2057 3326 2168 Deutschtschechische Ausgleichskouf
1456 2069 2571 2175 Daß seine Größe uns augenfällig wird, dafür hat die
434 2094 1459 2180 In drei Gruppen gliedern sich die zahlreichen Bilder.
1461 2122 2573 2205 Bildnerkunst Schnitzlers gesorgt. Der Behelf jedoch, den
2663 2127 3324 2241 Aus informierten deutschböhmi
348 2132 1461 2223 Neben den Szenen im Wiener Bürgerhause und im Emi¬
1461 2158 2562 2248 er sich zurecht gemacht, um sich das Auftreten des Ge¬
2565 2180 2750 2263 lautet:
350 2201 1461 2275 grautenschlößchen tritt uns ein Gesamtbild der Creignisse
1466 2208 2565 2291 waltigen zu ersparen, stellt das empfindlichste Gebrechen
349 2243 1454 2313 um die Tage von Aspern herum entgegen. Schnitzler hat
2647 2232 3314 2326 „Die Nachrichten, wonach es
1466 2251 2559 2344 des Stückes zur Schau. Ein herrlich ausstaffierter General¬
350 2269 1460 2358 seinen Stoff mit ehrlicher Liebe umfaßt. Er bietet uns
1465 2301 2553 2380 adjutant muß wiederholt auf der Bühne erscheinen, um
2569 2275 3304 2382 kürzester Zeit zu einer Fortsetzung
335 2305 1456 2399 trefflich aufgebaute und wirksame Schilderungen. Die warme
1457 2338 2559 2414 den Willen Sr. Majestät des Kaisers den gespannt lauschen¬
2569 2347 3313 2428 gleichsverhandlungen, und zwar au
348 2365 1449 2436 Stimmung des vielverheißenden Frühlings, das herbe
1450 2385 2554 2466 den Menschen zu verkünden. Mit schmerzlichem Ersstaunen
2557 2403 3328 2475 kommen werde, sind dahin zu rektifiz
342 2398 1439 2493 Leid der Enttänschung spricht aus dem Menschengewühl,
1448 2432 2561 2515 gewahrt man, wie ein Dramatiker, der seiner Technik so
2552 2445 3320 2521 Konferenzen zwischen Deutschen und 2
335 2455 1446 2533 das der Dichter auf der Bühne agieren läßt. Hier hat
1449 2471 2551 2556 sicher ist wie Schnitzler, mit solch armseligem Auskunfts¬
2553 2500 3318 2568 geplant sind, daß diese aber nicht un
343 2499 1439 2575 das Burgtheater den Reichtum, der ihm zur Verfügung
1446 2517 2553 2619 mittel sich da begnügt, wo eigentlich das Höchste seiner
343 2537 1443 2626 stehenden Kräfte und die vornehme Tradition auserlesenen
2555 2544 3317 2615 Materie der Prager Ausgleichsver
1457 2563 1996 2626 Kunst erwartet werden darf.
336 2589 1445 2662 Zusammenspiels gezeigt. In epischer Breite und Langsam¬
2560 2590 3320 2682 sammenhängen. Es wird sich vielmeh
1519 2599 2555 2698 Doch damit soll dem vielen Schönen und Wirksamen,
343 2628 1445 2722 keit bewegt sich die Handlung einher. Vielleicht würde so¬
2553 2640 3318 2705 ferenzen in der Hauptsache um die
1447 2625 2557 2739 das der junge Medardus bietet, kein Eintrag geschehen
331 2677 1446 2753 gar unser Interesse an den Vorgängen gänzlich erlahmen,
2546 2679 3324 2776 Aktion handeln, die im heurigen Früh
1452 2696 2556 2771 und auch der großen Leistung des Burgtheaters soll ihr
334 2713 1442 2801 wenn wir nicht gewahrten, daß alle Menschen, die da an
2543 2736 3312 2812 Fürstenberg angebahnt wurden und i
332 2753 1439 2840 uns vorüberwandeln, mit gebanntem Blick nach einer
1441 2735 3321 2859 Erfolg nicht verkümmert werden. Daß die Novität trotz führung eines Einvernehmens zwische
1448 2784 2536 2864 der Notwendigkeit eines übergroßen Apparats, trotz der
331 2804 1442 2882 Richtung hinschauen. Die Augen sprechen von wilden
1440 2838 2534 2907 unglücklichen Art, mit der der Text verkürzt worden ist,
2541 2834 3320 2914 Tschechen hinsichtlich der Behandlu
329 2849 1439 2919 Schrecken, von bangen Hoffnungen, sie künden Haß und
1448 2872 2537 2956 einen sichtlichen starken Eindruck gemacht, das wird der
2546 2887 3321 2976 im Abgeordnetenhause eingebrachten n
333 2883 1445 2977 scheue Bewunderung. So schauen diese Menschlein, so
1433 2916 2551 3009 Dichter gerne der liebevollen Darstellung zu verdanken
2542 2928 3310 3005 Regierungsvorlagen betreffend die
319 2923 1597 3035 horchen sie nach Schönbrunn hinaus, wo zur Stunde der haben.
2536 2983 3324 3057 Sprachengebrauches bei den staatlich
317 2981 1455 3084 mächtigste Mann der Welt seine Entschlüsse faßt und kund¬
2065 2979 2517 3074 — F. 2w.
2494 3022 3317 3128 Böhmen und betreffend die Erricht
2004 3043 2538 3134 ##0 Jnr d attags
