3344 4384
967 212 1114 288 Mec
243 209 1408 331 22. Der junge ardus
1560 230 2020 318 box 27/4
1196 1220 2522 1350 Traum von der Königskrone der Valois. Durch ihre Liebe will sie
1188 1270 2521 1408 ihn an sich fesseln, er soll ihr den Napoleon ermorden. Und Medar¬
1178 1342 2517 1446 dus greift nach dieser Liebe, als hätte ein Gott sie ihm gesandt als
1185 1390 2519 1525 Werkzeug seiner Rache. Die Prinzessin will er nehmen, um ihre
1177 1456 2506 1565 Schande vor allem Volk herauszuschreien: „Die Diener ruf ich zu¬
1169 1511 2514 1641 sammen und die Mägde und schrei es durch den Flur und lasse den
1177 1582 2515 1700 Herzog rufen und die Herzogin und zerre die Prinzessin aus dem
1178 1623 2104 1731 zerwühlten Bett, nackt über die Treppen ...
1262 1699 2490 1808 Den Träumer Medardus aber überragt die Prinzessin in ihrer
1166 1756 2489 1874 diabolischen Frauengröße um Haupteslänge. Sie verliert sich nicht,
1164 1812 2483 1937 ihre Augen sind nur immer auf das Eine gerichtet, das ganz Große,
1153 1867 2495 1993 während Medardus der Zanderer hin= und herschwankt zwischen
1125 1915 2477 2050 rseiner Rache, dem Haß gegen Napoleon und — seinem eigenen Her¬
1144 1983 2483 2102 zen, das er in einer heißen Liebesnacht an die schöne Helene ver¬
1138 2038 1380 2111 loren hat.
1234 2107 2475 2225 Medardus ist uns fast fremd geworden, und wie er so seine
1142 2156 2467 2270 Rache und seine großen Pläue auf den Basteien des von Napoleon
1141 2219 2483 2328 belagerten Wiens spazieren führt, möchte man etwa an den jungen
1128 2279 2475 2401 Grillparzer denken. Medardus, der im Kreis seiner Freunde
1124 2337 2457 2450 einst die Zeit nicht mehr erwarten konnte, daß sie in den Krieg zö¬
1125 2401 2465 2506 gen, weiß heute von nichts anderem mehr als seiner Prinzessin He¬
1125 2459 2453 2566 leue, und als Wien kapituliert, fühlt er nicht die Schmach der Nie¬
1114 2507 2460 2631 derlage, sein Herz jauchzt auf, daß ihm der Weg geöffnet ist, — zu
1112 2579 2457 2692 ihr, die draußen ist, außerhalb der Mauern der belagerten Stadt.
1111 2637 2449 2739 Medardus wird immer kleiner, die Prinzessen immer größer, riesen¬
1111 2680 1527 2760 hafter, dämonischer.
1207 2750 2432 2867 Aus ihrem eigenen Munde muß Medardus erfahren, um wie
1106 2793 2443 2932 viel stärker sie ist, als er. Er wollte an ihr Nache nehmen für seine
1107 2871 2434 2988 entehrte Schwester, Helene aber gab sich ihm, um in ihm den Mör¬
1104 2928 2435 3056 der Napoleons zu gewinnen. Medardus sieht alle seine Pläne zer¬
1097 2988 2436 3099 schlagen, seine Schwester konnte er nicht rächen, Napoleon darf er
1084 3047 2440 3153 nicht mehr töten: „An dem Morgen, da wir ihn begraben hatten,
1088 3099 2433 3212 lauerte sie mir auf. Und so geschah das Närrisch=Furchtbare — daß
1082 3168 2441 3285 von einer Minute zur anderen aus dem Rächer seines Vaterlandes
1083 3258 1217 3330 458
2740 4159 2797 4240 —
