3296 4224
115 1251 161 1307 h
127 59 273 115 ardus
277 61 1244 142 Land, der Zukunft gehören. Jetzt langt er mit
140 101 269 167 rund
282 103 1235 183 tastenden Armen noch ein letztes Mal nach
123 149 281 228 seiner
281 161 1239 233 einem Schein von Größe: bekennt, er habe
123 199 266 264 gnisse
269 217 1238 293 gleichfalls dem Kaiser ans Leben gewollt, weist
122 249 260 310 altige
260 261 1230 337 jede Gnade zurück, weigert das Versprechen,
145 297 254 354 liegt
268 300 1228 385 von seinem Vorhaben abzulassen, und wird er¬
132 344 258 405 vickelt
277 350 1227 429 schossen. Stirbt, und es ist mehr ein ver¬
127 396 255 456 r sich
266 401 1222 475 zweifelter Selbstmord als das tragische Ende
128 435 256 515 über¬
258 443 577 515 eines Helden.
296 499 1225 587 Eine große Epoche und ein kleiner Mensch.
159 546 257 615 das
257 556 1227 628 Ein gewaltiger Hintergrund und eine seltsam
124 595 258 670 Putel
260 606 1215 673 ins Enge gezogene Handlung davor, mehr als
151 654 248 702 er¬
268 650 1220 735 Staffage wirkend denn als Hauptgruppe. Auf
127 694 245 758 npor.
258 687 1215 776 einer breit hinrauschenden Flut von Begeben¬
129 746 262 806 t die
268 746 1218 824 heiten treibend und schaukelnd eine Anekdote,
128 794 254 851 rden!
256 798 1218 877 in deren Kern viel tiefsinnige Menschlichkeit
118 846 240 901 Wlan.
253 856 1219 943 eingeschlossen ist. Kein Drama. Eine
121 895 244 961 alois
253 893 742 974 „dramatische Historie“.
121 942 254 1012 ichen.
300 944 1214 1046 Das Wertvolle an diesem Werk: seine Bunt¬
126 993 239 1053 utsch¬
254 984 1216 1091 heit des Lebendigen, seine Fülle der Gestalten.
126 1034 242 1102 auch
253 1048 1209 1132 Die Kunst, Verknüpfungen des Schicksals zu
149 1091 233 1149 der
250 1105 1197 1177 zeigen. Die dichterische Kraft, die alle Szenen
236 1148 1200 1232 ganz leise von der Wirklichkeit abrückt, und sie
153 1198 220 1252 ge¬
235 1203 1209 1276 doch in jedem Wort, in jedem Augenblick mit
247 1247 1219 1343 einem bestrickenden Zauber des Notwendigen
236 1295 1196 1377 und Natürlichen aufleuchten läßt. Die Atmo¬
128 1342 202 1401 nan
251 1345 1199 1421 sphäre, die österreichisch ist, wie etwa Haydns
124 1388 233 1446 ucht,
249 1402 1197 1471 „Gott erhalte...“. Dann noch die Weisheit,
135 1437 228 1500 Tat.
240 1445 1197 1517 die immer und immer wieder auf die schicksals¬
132 1487 238 1545 ssen.
227 1489 1190 1572 starke Verteilung der Rollen in der großen
137 1541 1205 1617 sich Weltkomödie binweist. Wie der junge Medardus
1239 9 2213 109 en eeneen ene an Aenenmenenen
1245 83 2229 162 voll ist die Szene, in der sich das Schicksal des
1244 127 2228 205 Medardus wie das Schicksal der Prinzessin
1245 178 2224 265 entscheidet. Unten, an der Schloßtreppe von
1245 225 2231 295 Schönbrunn. Man hat den Medardus gefangen
1242 273 2224 354 abgeführt, hat die Leiche der Prinzessin hin¬
1237 332 2230 392 wegtragen wollen. Da wirbeln die Trommeln, die
1230 376 2214 440 Wachen salutieren, die Menge fließt zusammen,
1229 422 2211 505 die Türen der Altane öffnen sich, das Volk
1238 473 2214 553 ruft seine Huldigung empor; und dort droben
1229 517 2215 594 wird (wenn der Vorhang gefallen ist) Napoleon
1238 568 2212 652 heraustreten, wird über die Schicksale, die sich
1238 622 2214 699 hier unten abspielen, hinschreiten als der
1236 672 2206 742 große Gebieter dieser Zeit. Der Vorhang fällt,
1234 726 2207 796 ehe wir ihn sehen. Denn er schreitet in seiner
1222 768 2208 844 eigenen Tragödie dahin. In diesem Stück aber
1225 811 2205 901 dürfen wir ihn nicht erblicken. Es ist nicht das
1229 863 2198 939 seine. Es spielt sich gleichsam nur unter seinen
1229 918 2206 990 hinwandelnden Schritten ab; es ist das Stück
1222 968 2197 1052 der Menschlichkeiten, die sein hinrollender
1228 1004 2192 1097 Siegeswagen aufgewühlt hat, wie ein dahin¬
1220 1056 2197 1146 sausender Wagen Staub und Wasser aus
1218 1114 2198 1188 Regenlachen und unzähliges, in Staub
1217 1160 2204 1252 kriechendes, mit Staub bedecktes Leben auf¬
1206 1219 1910 1289 wühlt, daß es weit umherspritzt.
1253 1280 2182 1360 Eine Fülle von Bildern hat das Burgtheater
1208 1319 2179 1394 an diesem balladesken Theaterstück zu be¬
1204 1371 2178 1452 wältigen, und wir können auf dieser vor¬
1199 1424 2186 1501 nehmsten österreichischen Bühne einmal Oester¬
1205 1477 2174 1556 reich in vielen bewegten Bildern sehen, wie in
1216 1518 2183 1610 einem farbigbunten Buch. Da ist die Alt¬
1207 1565 2200 1652 Wiener Bürgerstube mit ihrem einfachen.
2789 1587 2911 1687 S
1217 1689 2178 1754 behaglich gedämpften Empire. Dann die Fried¬
2172 1687 3165 1756 scheidene Etzelt des Herrn Treßler, der er¬
1201 1741 2160 1801 hoffzene, die ausgezeichnet im Stil jener Ge¬
2177 1725 3151 1805 greifend königliche Greis, den Herr Hart¬
2173 1778 3157 1853 mann mit seiner seigneuralen Noblesse gibt,
1197 1791 2165 1841 denkblätter gehalten ist, auf denen die Trauer¬
1205 1835 3152 1885 weiden aus Haaren und die Kränze aus Perl= die Agathe der Medelsky, die Mutter des
1199 1878 2178 1949 stickerei sind. Da ist die Basteiszene, in der
2172 1882 3158 1959 Mebordus: Frau Bleibtren mit kernhafter
1200 1920 2181 2013 Alt=Wiener Kriehuber=Freundlichkeit, die mit
2170 1934 3141 1998 Echtheit, „riegelsam" und dann wieder hin¬
2172 1988 3143 2048 reißend in ihrem Ausbruch wilder Ver¬
1198 1970 2174 2037 heroischen Elementen gemengt wird; dann der
2180 2024 3149 2094 zweiflung. Ferner die Zofe der Prinzessin,
1201 2032 2165 2090 Garten mit der Barockmauer bei den Valois,
1202 2089 2168 2144 und das Prunkstück der Aufführung, die
2182 2081 3146 2137 Fräulein Hofteufel, der in dieser Rolle
1197 2122 2171 2192 Schönbrunner Schloßtreppe. All dies ist un¬
2171 2129 3151 2190 etwas sehr Feines gelingt: an die amourösen
2180 2171 3142 2239 Zofen des Ancien régime zu erinnern. So
1194 2181 2168 2241 aufdringlich herausgebracht, mit einer Vor¬
2177 2218 3153 2290 graziös und anmutig verbuhlt ist sie, daß man
1198 2229 2181 2298 nehmheit, in der sich die Vornehmheit des
2187 2275 3149 2350 immer wieder sich erinnert, wie doch um 1809
1187 2273 2173 2338 (Dichters, des Regisseurs und die traditionelle
1192 2329 2168 2399 Vornehmheit des Burgtheaters zu einem
2175 2321 3158 2394 die galante Zeit noch nicht lange vergangen
1200 2380 1592 2443 Ganzen vereinen.
2175 2376 3156 2435 war. Dann Episoden, wie der Neunzigjährige,
1238 2401 2169 2490 Den Medardus spielt Herr Gerasch ohne das
2179 2420 3153 2487 den Herr Straßni gibt; Wiener Bürger:
1192 2461 2166 2530 irre und überfeurige, leicht an Raserei streifende
2177 2469 3153 2541 Herr Heller, Herr Moser; Soldaten: Herr
2175 2526 3149 2595 Paulsen und Herr Muratori. Dann das
1199 2526 2171 2586 Temperament, das dieser Jünglingsgestalt
1203 2572 2167 2636 eigen sein muß. Ausbrüche, die Herr Gerasch
2182 2573 3148 2643 arme, verschmähte Mädchen: Fräulein Mell;
1198 2629 2166 2684 versäumt: an der Bahre seiner Schwester, dann,
2173 2617 3161 2685 dann die strebsamere Kokotte: Fräulein
2178 2675 3155 2731 Wagner; kleine Rollen, die Frau Senders,
1199 2672 2166 2745 wenn die Zofe als Botin zu ihm kommt. In
1199 2734 2170 2782 diesen beiden Momenten war der Charakter des
2179 2721 3155 2786 Fräulein Wilke, Fräulein Rosen, Fräulein
2182 2774 3151 2832 Gerzhofer geben; die Herren Gimnig,
1194 2775 2177 2840 Medardus zu untermalen. Herr Gerasch geht
2172 2818 3151 2881 Pittschau, Thimig, Devrient, Löwe,
1202 2820 2175 2871 mit Liebhaberdeklamation drüber weg. Aber
2178 2871 3147 2939 Zeska, der Arzt des Herzogs, den
1194 2871 2172 2943 seine allgemeine Begabung verschafft ihm doch
2183 2924 3154 2983 Herr Heine einfach meisterhaft spielt, dann
1202 2922 2181 2984 eine allgemeine, wenn auch nur vage an die
2183 2981 3157 3032 der andere Arzt, den Herr Arndt gibt usw.
1207 2981 2169 3034 Rolle reichende Wirkung. Die Prinzessin, Fräu¬
2181 3021 3152 3082 Eine Aufführung von einer wundervollen
1196 3012 2184 3077 lein Wohlgemuth, berückend schön, und ihre
2181 3063 3167 3123 Gleichmäßigkeit, von einer ungewöhnlichen
1195 3071 2171 3139 gelegentlich anfängermäßige Unsicherheit hilft,
2174 3122 2643 3204 Höhe des Gelingens.
1202 3127 2185 3186 daß die Seelenkälte der Valois deutlicher
1201 3175 2173 3226 werde. Ihr ungewöhnliches Talent kam in dem
2218 3152 3158 3240 Sie dauerte fünf Stunden. Aber das
1199 3223 2170 3297 großen, klaren Ton, den sie von Natur
2179 3209 3155 3283 Publikum schien es kaum zu merken, so stark
1198 3278 2169 3339 aus besitzt, herrlich zum Durchbruch.
2177 3275 3146 3340 und anhaltend ist die Wirkung, die von diesem
2189 3326 3155 3382 Werke ausgeht. Arthur Schnitzler wurde gleich
1201 3323 2177 3378 Neben diesen beiden gibt es noch ein
2173 3383 3161 3434 nach den ersten Verwandlungen stürmisch ge¬
1190 3366 2166 3440 paar Dutzend größere und kleinere Rollen. Von
1207 3435 2162 3483 den besten: der Eschenbacher des Herrn
2181 3415 3171 3485 rufen und mußte beinahe nach jedem Bild vor#
1207 3478 2168 3533 Balajthy, unvergeßlich in seiner Einfach¬
2173 3480 3161 3555 den Vorhang treten, um für den Beifall zu
1204 3511 2173 3586 heit. Der Spion Wachshuber, den Herr Korff
2181 3525 2371 3603 danken.
1192 3571 2187 3632 aus Elementen einer Schalanterschen Nieder¬
1204 3606 2188 3703 tracht vortrefflich zeichnet; der rührend be¬
2294 4000 2511 4091 ne
