3436 4384
985 188 1104 257 Me
269 177 1434 308 22. Der junge dardus
1581 190 2036 289 box 27/4
1036 871 2378 989 ein gedungener Mörder wurde im Solde der Valois ... Und
1029 939 2368 1041 das machte meinen Arm lahm und meinen Dolch stumpf und mei¬
1037 998 2372 1105 nen Willen greisenmatt. Und darum wird Bonaparte ungekränkt von
1028 1078 2361 1156 hinnen ziehn. Der Hand, die ausersehen war, die Tat zu vollbrin¬
1034 1115 1995 1203 gen, ward sie entwunden und sank in den Kot!“
1123 1174 2373 1292 Sein Geschick treibt den Medardus, eine Tat zu tun, für die
1015 1256 2360 1322 er zu klein ist. Draußen vor der Schloßtreppe zu Schönbrunn un¬
1013 1303 2358 1387 #ter vielem Volk steht Medard, während oben Napoleon den öster¬
1021 1362 2355 1447 reichischen Generälen den Frieden diktiert. Medardus hat sich noch
1015 1425 2354 1522 einmal aufgemacht, seine Befreiungstat zu vollbringen. Da erfährt
1015 1467 2344 1564 er von seinem Freunde Etzelt von einem Gerücht, das Helene zur
1010 1533 2348 1639 Geliebten Napoleons macht. In seiner aufschäumenden Verzweiflung
1008 1607 2357 1704 ersticht er die Prinzessin, die eben die Treppe des Schönbrunner
1025 1643 1450 1719 Schlosses hinansteigt.
1108 1712 2338 1788 Dadurch ist er jedoch, ohne es zu wollen, der Retter Napoleons
999 1792 2336 1869 geworden. Im Gefängnis muß er erfahren, daß Helene zum Kaiser
1016 1844 2337 1931 ging, ihn zu ermorden. Medardus ist frei. Er aber weist jede Gnade
1009 1889 2349 1987 zurück. Wenn ihm die Prinzessin nicht in seinen Weg getreten wäre,
1011 1944 1559 2017 hätte er Napoleon erdolcht.
1095 2018 2320 2096 Vor den Gewehren der fremden Söldlinge stirbt Medardus:
1003 2075 2334 2163 „als dieses Krieges letzter und seltsamster Held“ einen Heldentod,
994 2129 2327 2222 der seiner innersten Seele doch fremd war, denn „er war kaum ge¬
1001 2179 2128 2278 schaffen, anderes zu erleben als den Klang von Worten.“
1096 2237 2327 2326 „Gott wollte einen Helden aus ihm machen, aber der Lauf
993 2298 1837 2379 der Dinge machte einen Narren aus ihm.“
1088 2352 2318 2452 Aber aus dem Klange dichterischer Worte allein werden keine
990 2431 2316 2508 Helden geschaffen: eine Tragödie verlangt Helden, Menschen, die
988 2492 2320 2572 größer sind als der Augenblick ihrer Tat. Doch dieser Medardus
995 2529 2327 2613 ist menschlich klein. Den großen Geschehnissen ist er innerlich
986 2605 2311 2688 fremd. Weil seine Schwester mit einem, den sie liebte, in den Tod
980 2671 2315 2738 ging, zieht er nicht in den Krieg, und shon nach ein paar Tagen
990 2719 2308 2796 hat er vergessen, warum er zurückgeblieten ist. Die heilige Zeit
987 2779 2310 2861 zwischen seiner Rache und einem Heldento, für sein Vaterland ver¬
991 2833 2315 2937 wendet er zu einem zärtlichen Liebesabenteuer mit der, an der er sich
2173 2954 2310 3040 459
1649 3258 1714 3316 *
1448 3321 1712 3397 S
1539 3409 1648 3518 6
1436 3508 1559 3598 0
2182 4121 2299 4210 Aaaren
2712 4134 2857 4221 D
