3436 4384
1516 139 2382 202 breuse: Médard obtient de lui qu'il
1514 196 2376 238 parte à sa place, tandis que lui-meme
1508 233 2376 291 restera à Vienne et se consacrera avant
1515 281 2367 345 tout a venger la mort de sa schur, vie¬
1515 327 2373 370 time de Torgueil impitoyable du vieux
1507 366 2315 441 duc iie Valois ei de toute sa maison.
1551 438 2381 506 Ainsi se termine un & prologucs dont
1493 508 2368 554 la représentation ne doit pas durer
1504 546 2360 602 moins de trois quarts dheure et qui,
1492 600 2362 653 malgré cette longueur démesurée, for¬
1504 631 2358 688 me à peine la sixième parlie du grand
1494 686 2355 739 drame nouveau de M. Schnitzler. Ja¬
1504 723 2355 791 mais peut-étre, depuis le temps loin¬
1505 775 2352 821 tain du drame et de T’opera romanti¬
1497 819 2357 878 ques, pareil effort de patience n’a été
1507 863 2364 914 exigé d’un public allemand; et il n’ya
1492 909 2349 963 pas jusqu'au Cromwelt de Victor Hugo,
1498 952 2355 1025 ou encore à la version primitice du
1495 993 2363 1051 Fleil Homme de M. de Porto-Riche,
742 993 1365 1128 Gesilsgengabe ohne Gepünd.
1493 1048 2347 1107 qui ne nous fassent ieffet déire des ceu¬
1512 1090 2343 1146 vres de dimensions moyennes en compa¬
510 1043 1506 1200 deegsercat
1478 1121 2346 1196 raison des 300 pages tassees de cette
1287 1124 1481 1226 224
1488 1169 2349 1238 c histoire dramatique en cing actes pré¬
1495 1217 2344 1283 cédes d’un prologuev. C’est dire qu'il
611 1205 822 1296 23.6
829 1211 1472 1339 me
1489 1258 2346 1321 a fallu à l’auteur du Jeune Médurd une
520 1267 675 1320 vem
1481 1314 2339 1360 remarquable possession de tous les ar¬
582 1311 848 1392 ee
1486 1354 2347 1424 tifices du métier dramatique pour assu¬
1362 1384 1464 1446 10
1475 1404 2344 1464 rer à une telle entreprise le succès
1473 1453 2333 1506 qu'elle obtient, chaque soir, sur la seé.
574 1419 1426 1525 ion Heureau Brame allemand
1468 1482 2349 1557 ne viennoise. Variété des situations et
1475 1534 2338 1597 mouvement de laction, alternatives in¬
1471 1570 2344 1649 cessantes de conversations fäniilières,
572 1562 1446 1642 Pour comprendre et apprécier le su¬
1477 1609 2337 1690 d’élans pestiques, et d’amples et
595 1632 1446 1696 jet du drame nouveau de M. Schnitz¬
1470 1657 2347 1730 bruyants déploiements de foules, tout
586 1676 1447 1738 ler, le lecteur est tout dabord tenn de
1457 1704 2330 1776 Fcela est mélangé avec infiniment d’in¬
585 1727 1436 1783 SuDDOseF quit y arait à Vienne, en 1809,
1454 1744 2333 1813 telligence et d’adresse: sans compter
579 1782 1432 1827 un prince français exilé,düc de Va¬
1467 1802 2333 1857 que, dans chacun des tableäux, l’inté¬
579 1826 1444 1876 lois, dont les titres à la possession de la
1460 1850 2338 1907 rét documentaire des graves événements
577 1863 1439 1919 couronne de France égalaient ou mé¬
1462 1878 2335 1962 qui se déroulent sous nos yeux se ren¬
576 1904 1443 1949 me surpassaient ceux de l’ainé des fre¬
1465 1924 2337 2016 force pour nous d’une émotion plus di¬
587 1949 1440 2008 res survivants de Louis XVI. Et qu'une
1461 1974 2335 2038 recte, produite au moyen de l’un de ces
584 1990 1442 2042 pièce fondée sur une hypothèse d’une
1464 2032 2321 2086 ecoups de théätre, qui nous révelent
575 2040 1446 2098 fausseté historique aussi manifeste ait
1453 2072 2328 2144 e M. Schnitzler un digne éléve de no¬
569 2082 1448 2143 pi #e#ssirTe plus grand succès du
1448 2091 2332 2179 Ttre grande dcole de malod#amo francsi¬
575 2126 1435 2180 tlieatre viennois durant toute une säf¬
1452 2152 2319 2212 se. Linfluence de Victorien Sardöll, Ho¬
583 2171 1427 2219 son, c’est là une preuve bien frappante
1459 2201 2321 2258 tamment, se trahit dans lhabileté avec
569 2212 1436 2277 de cette ignorance réciproque dont j'ai
1451 2237 2331 2310 laquelle le dramaturge allemand réus¬
580 2262 1433 2307 eu souvent déjà l’occasion de signaler
1450 2284 2319 2353 sit à animer et à colorer ce qu’on pour¬
578 2303 1436 2353 Tincessant progrès entre les diverses na¬
1448 2343 2325 2393 rait appeler la #figuration n de sa pièce,
573 2348 1437 2404 tions européennes. Si les spectateurs
1447 2386 2342 2441 entourant ses héros d’innombrables
571 2398 1435 2457 autrichiens savaient, de façon certaine,
1452 2427 2323 2478 personnages épisodiques dont le röle
577 2448 1430 2487 que jamais un personnage comme ce
1460 2473 2324 2533 consiste, tout ensemble, à nous divertir
582 2482 1430 2538 duc de Valois n’a pu sérieusement pre¬
1448 2519 2313 2567 par leur propre vérité — ou vraisem¬
569 2529 1430 2577 tendre à la succession légitime de Loms
1450 2569 2328 2625 blance — historique et à nous rendre
573 2579 1432 2633 XVI, l’impossibilité du point du départ
1448 2615 2317 2657 moins invraisemblable l’intrigue roma¬
571 2611 1422 2680 de l’cuvre de M. Schnitzler les aurait
1455 2644 2322 2713 nesque ou nous les voyons intervenir.
570 2669 1432 2723 empéchés de suivre avec émotion les
1455 2690 2312 2759 Mais pour ce qui est de cette intrigue
572 2706 1428 2769 péripéties d’un dramé ou l’auteur s’est
1460 2752 2327 2805 elle-méme, et de la vérité e purement
569 2759 1421 2810 efforcé surlout de leur offrir une recon¬
1449 2793 2319 2835 humaine, des héros de la pièce de M.
571 2807 1422 2857 stitution minutieuse et fidele de l’une
1450 2837 2310 2895 Schnitzler, force m’est de reconnaftre
577 2838 1428 2893 des crises les plus mémorables de leur
1448 2888 2318 2938 que la suite de l’ceuve ne répond pas
566 2883 1430 2948 histoire nationale mais évidemment
1445 2924 2327 2980 aux belles espérances que nous avaient
574 2933 1427 2989 ces spectatéurs ne savent plus rien de
1447 2961 2305 3016 inspirées les deux tableaux du prolo¬
571 2975 1431 3027 tout cela, ni ne se soncient plus d’en
1448 3017 2318 3069 gue. Ni le g jeune Médard, ni l’énig¬
576 3017 1429 3074 rien savoir. A mesure que les moyens
1440 3053 2335 3118 matique et ténébreuse créature dont il
567 3069 1433 3111 de commumcation se développent et se
1451 3101 2315 3147 va s’éprendre des le début du premier
562 3098 1425 3167 multiplient, d’un pays à l’autre, il
1444 3154 2308 3207 acte n’ont de quoi justifier les allures
569 3152 1426 3208 semble que chaque pays se désintéresse
1440 3196 2306 3244 quelque peu & shakespeariennes " qu’il
568 3203 1432 3263 plus profondément de toute la vie pré¬
1448 3245 2309 3299 semble que l'auteur ait voulu leur pré¬
576 3249 1429 3307 sente ou passée du reste du monde; et
1447 3275 2309 3338 ter: ce sont de vaines ombres, absolu¬
576 3292 1417 3345 nous-mémes, sans doute, serions au¬
1442 3327 2305 3388 ment dépourvues de toute réalité vivan¬
577 3337 1420 3392 jourd'hui tout prêts à applaudir une
1446 3378 2305 3423 te aussi bien que de tout relief tragique
561 3383 1421 3435 piece qui nous montrerait le grand Fré¬
1437 3422 2299 3473 et s’apparentant bien moins aux im¬
566 3432 1423 3487 déric s’alliant avec le tsar Ivan le Terri¬
1437 3471 2302 3527 mortelles figures du poête anglais
571 3480 1417 3543 ble pour abattre la puissance de Napo¬
1440 3506 2304 3560 qulaux protagonistes des mélodrames
558 3511 700 3566 léon.
1438 3567 2307 3615 anecdotiques de M. Sardou. Voici d’ail¬
606 3551 1420 3621 Nous voici donc à Vienne, au début
1439 3593 2312 3668 leurs, en deux mots, le résumé de l'a¬
562 3601 1420 3662 de la campagne de 1809; et le premier
1439 3648 2299 3699 venture autour de laquelle M. Schnitz¬
566 3652 1419 3699 tableau du prologue nous introduit dans
1443 3682 2305 3749 ler a tres heureusement täché à nous of¬
556 3696 1420 3752 Tappartement d’une veuve, Mee Klahr,
1444 3731 2301 3791 frir une exacte peinture de la société
560 3739 1422 3801 qui dirige un petit commerce de librai¬
1443 3781 2294 3843 viennoise avant et pendant T’occupation
553 3797 1423 3860 rie, en attendant de pouvoir le trans¬
1431 3826 2292 3887 de la capitale autrichienne par les trou¬
1438 3865 1764 3925 pes françaises.
1466 3911 2313 3966 La sceur de Médard et son amant, le
601 3928 1413 3999 (1) Der junge Medurdus, par Artiur
1436 3964 2295 4006 comte de Valois,ont demandé que leurs
571 3990 1421 4043 Schnitzler, un vol. in-18, Berlin, librairie S.
1434 3998 2292 4051 corps fussent déposés dans le mème
559 4024 859 4090 Fischer, 1911.
1423 4047 2301 4105 tombeau, ce qui a fourni au jeune
2194 4100 2342 4172 Ssu Pne
2400 173 3261 239 trie. car encore qulil ait, lui aussi, un
2394 225 3257 288 #confidente, à la manière des tragedies
2398 258 3252 330 clasiques, il néglige tout à fait de nous
2393 314 3258 373 renseigner par celte voie sur ses inten¬
2395 355 3251 422 tions veritables. Condamné à mort, il
2389 403 3258 453 apprend du général Rapp que l’empe¬
2389 439 3253 500 pereur lui accorde sa gräce, la police
2384 486 3245 562 ayant constaté qu’Hélène, sa victime,
2379 531 3251 604 avait formné le dessein de tuer de sa pro¬
2375 563 3243 640 pre main l’usurpateur qu'elle aimait:
2387 624 3255 688 mais non, Médard ne veut pas avoir
2386 665 3246 733 d’obligation à un homme qui a causé le
2379 709 3250 772 malheur de l’Autriche! Et le voilà qui
2379 752 3244 825 force les soldats français à l’exécuter,
2371 810 3250 872 et le géneral Rapp, aux dernières lignes
2379 846 3241 903 du drame, console sa mère en le procla¬
2374 882 3250 957 mant un c héros v: mais toujours nous
2378 928 3246 1008 ignorons ce que ce singulier héres avait
2375 973 3238 1045 dans le cceur. Le mystère qui, de tout
2373 1021 3233 1092 temps, enveloppait pour nous la figure
2371 1061 3233 1126 d’Hélène de Valois s’est communiqué
2363 1100 3243 1188 peu à peu à la figure de ce pauvre pe¬
2368 1153 3233 1232 tit Hamlet d’arrière-boutique, détour¬
2366 1203 3237 1264 né de sa destination naturelle par le
2368 1248 3240 1315 déplorable hasard qui lui a permis de#
2363 1282 3223 1363 tenir dans ses bras une princesse au¬
2356 1322 3235 1411 thentiquement issue du sang des rois de
2362 1362 2564 1430 France!
2759 1415 3245 1515 T. DE WYZEWA,
3080 1498 3259 1575 —
2799 4098 2991 4173 —
