3392 4256
258 124 1415 236 22. Derjunge -Medardus
808 849 1587 925 dem im 18. Jahrhundert hiefür be¬
813 911 1594 969 sonders beliebten Ausdruck „Hand¬
819 961 1597 1036 lung“) gelten läßt, verrät uns am
805 1013 1592 1080 deutlichsten die Spur, woher der
824 1062 1098 1119 Wind weht.
865 1103 1587 1175 Und richtig, das Krämervolk der
815 1166 1597 1216 Engländer hat uns dieses dürf¬
811 1204 1599 1270 tige Lied beschert; es ist nichts an¬
811 1256 1599 1319 deres als die englische Königshymne
818 1308 1595 1368 „God save the king“ die Henry
824 1347 1595 1420 Carey“ in London (F 1745) kompo¬
820 1394 1593 1457 niert hat und dessen Text nach
822 1449 1603 1512 H. Harries (1790) eingerichtet ist.
810 1501 1596 1562 Für die Engländer, die ja — von
818 1544 1603 1599 dem einzigen Shakespere abge¬
811 1597 1594 1662 sehen — auf allen Kunstgebieten,
824 1645 1601 1713 auch in der Musik, so wenig schöpfe¬
824 1697 1592 1769 risch sind, mag die Hymne auch in
815 1751 1603 1803 der Folgezeit genügen. Aber haben
822 1792 1601 1843 wir, deren Musik die Welt beherrscht,
821 1845 1591 1902 es wirklich nötig, auch in Zukunft
825 1902 1602 1965 dieses zweifelhafte Geschenk in Ehren
816 1943 1079 2016 zu halten?
867 1989 1591 2055 Das Verhalten Albions in unsren
822 2038 1591 2108 Tagen legt es gewiß ohnehin nahe,
823 2088 1592 2139 auf die Gemeinsamkeit der Herr¬
819 2139 1596 2194 scherhymnen zu verzichten, da doch
822 2174 1590 2241 weit wichtigere beiderseitige Kultur¬
827 2229 1604 2291 interessen rücksichtslos zerschnitten
826 2289 1596 2339 worden sind. Wir stehen wieder
825 2328 1592 2392 Schulter an Schulter mit der alten,
826 2384 1596 2447 deutschen Ostmark an der Donau und
827 2427 1597 2479 täten schon darum viel besser, die
829 2491 1601 2544 unvergleichliche, ehrwürdige Volks¬
819 2535 1600 2586 hymne von Haydn von Staats wegen
822 2578 1602 2639 zu übernehmen. War doch in ihrem
826 2637 1598 2684 Geburtsjahr noch Deutschland und
826 2671 1596 2741 Österreich ein zusammengehöriges
827 2726 995 2783 Reich.
883 2761 1612 2839 Daß der Originaltext von L. L.
830 2803 1599 2876 Haschka „Gott erhalte Franz den
830 2871 1608 2930 Kaiser“ heute nicht mehr geeignet
828 2917 1601 2987 ist, liegt auf der Hand; ist er doch
829 2968 1607 3034 auch in Österreich seit einem halben
826 3019 1607 3075 Jahrhundert erneuert worden. Auch
929 3110 1597 3178 Früher hat man auch den eng¬
817 3170 1612 3226 lischen Tonsetzer Henry Purcell für den
825 3214 1599 3284 Komponisten gehalten, doch gilt heute
819 3266 1542 3321 Carey wohl allgemein als der
825 3314 1161 3396 Schuldtragende.
1589 122 2037 208 box 27/2
1609 843 2399 922 der gegenwärtige österreichische Text
1615 910 2392 967 ist selbstverständlich für das Deutsche
1609 950 2412 1005 Reich nicht brauchbar. Wir haben
1619 1012 2397 1065 aber längst die schönsten Worte zur
1615 1053 2402 1120 Haydn=Melodie; dafür hat Hoff¬
1612 1110 2395 1169 mann von Fallersleben (1841) ge¬
1619 1151 2406 1215 sorgt, als er uns „Deutschland,
1614 1199 2397 1270 Deutschland über alles“ schenkte, ein
1611 1248 2408 1308 Lied, das man nicht erst volkstümlich
1615 1298 2402 1372 zu machen braucht, da es neben der
1609 1346 2403 1410 „Wacht am Rhein“ jedem geläufig
1614 1395 2397 1460 ist und gerade in den jetzigen Zeiten
1620 1450 2400 1513 schon überall als richtiges Volkslied
1617 1494 2320 1569 mit Begeisterung gesungen wird.
1675 1546 2394 1609 Eine gemeinsame Volkshymne
1611 1592 2394 1654 mit Österreich — wenn auch mit ver¬
1615 1639 2410 1698 schiedenen Texten — könnte dem
1618 1691 2408 1754 Politiker ebenso erwünscht sein, wie
1616 1743 2402 1795 dem Kunstfreunde. Zu der alten „God
1622 1796 2403 1845 save the king“=Melodie könnte man
1622 1836 2405 1894 dann wieder — mit einem besonde¬
1620 1884 2393 1947 ren Seitenblick auf die weitherzige
2085 1940 2402 2002 den „geist¬
1627 1944 2040 2003 Moral Englands
1621 1974 2400 2042 reichen“ Text singen, der schon oft
1615 2031 2397 2099 im Scherze für diesen Zweck verwen¬
1625 2090 2403 2158 det worden ist, nämlich — Gummi
1626 2128 1858 2205 elasticum.
1804 2174 2414 2236 G. E. Pazaurek=Stuttgart
1621 2265 2210 2341 Abseits vom Kriege
1679 2326 2400 2387 ege, auf denen noch die Näder
1631 2336 2393 2428 Wvon Mörsern und Munitions¬
1618 2429 2395 2483 wagen knirschen, soll der Thespis¬
1623 2472 2399 2523 karren meiden: all die zeitgefälligen
1622 2518 2404 2568 Kriegsstücke, die es in den letzten
1630 2563 2410 2635 Monaten auf unsern ungeduldigen
1623 2617 2403 2683 Bühnen zu sehen gab, haben uns
1632 2663 2403 2722 nur immer wieder gezeigt, zu welch
1622 2720 2398 2775 erbärmlichem Rumpelkasten er da¬
1631 2764 2404 2831 mit wird. Die ihn führen, sehen
1623 2825 2407 2881 das nachgerade selbst ein und suchen
1623 2865 2412 2926 abseits laufende Nebenwege; die
1623 2921 2407 2972 einen möglichst fern vom Kriegs¬
1629 2968 2400 3021 getümmel, ja von jedem Kriegs¬
1633 3007 2397 3064 gedanken, die andern in jenem mitt¬
1624 3072 2404 3121 leren Vorsichtsabstande, der wohl
1620 3109 2411 3170 die Gefahr, nicht aber den Gewinn
1636 3155 2410 3223 aus den großen Ereignissen ver¬
1624 3207 2400 3265 schmäht. Haubitzenfeuer ist ein un¬
1623 3251 2407 3316 angenehmer Nachbar, aber ein biß¬
1630 3306 2407 3385 chen Widerhall kann nicht schaden.
2243 3406 2350 3466 1°9
2498 2478 2584 2556 U
