3344 4256
1556 68 2019 171 box 26/7
234 78 1406 192 22. Derjunge Medandus
549 408 716 480 Nr. 6
2720 415 2935 485 Seite 91
1580 413 1922 504 Die HILFe
522 507 1766 580 einen marionettenhaften Charakter. Die Valois und ihre
1760 513 2983 576 Blutes geblendet, bohrt den zur großen „Tat“ geweihten
525 561 1757 625 Höflinge sind sozusagen Gliederpuppen aus Fleisch und Bein.
1761 564 2636 616 Dolch dem Weibe ins Herz. Ein Narr, —
2725 569 2985 632 bloß seines
517 611 1752 668 Der Dichter ersann ihre Eristenzen (ob sie geschichtlich be¬
1767 614 2984 671 Schicksals? Vor dem Tode sammelt sich in der Tiefe des
520 648 1755 703 glaubigt sind, scheint gleichgültig) doch nur für seinen milde
1761 662 2987 711 Narren die Heldenkraft. Napoleon will den Medardus,
526 698 1754 768 lächelnden Spott. Er spielte mit der Ruine des Rokoko
1767 702 2990 766 seinen „Retter“, begnadigen, wenn er Loyalität gelobt.
523 747 1758 794 und der Legitimität. Er verwob mit dem Schauspiel ein
1767 750 2990 812 Er weigert's und wird erschossen. Wo ist in diesem
520 792 1755 862 Puppenspiel. Solche Delikatesse für Feinschmecker muß,
1768 789 2982 859 Charakter, wo im Leben die Grenze von Wahrheit und
1768 834 1952 895 Spiel?
525 838 1398 902 denk' ich, ein großes Publikum verwirren.
612 859 1762 941 Trotzdem der Jubel der Wiener. Wer den Wiener
1840 857 2991 947 Hinter der schwankenden kleinen Menschlichkeit des
513 909 1753 985 kennt und seinen Lokalpatriotismus, der unter Geschimpfe
1763 919 2986 977 Medardus erhebt sich der Schatten Napoleons. Die zahl¬
526 965 1752 1023 und Gerannze nur um so heftiger schwillt, kann ermessen,
1763 957 2983 1018 reichen Mimen, die sich einer verblüffenden Bonaparte¬
511 1007 1761 1067 wie warm und wärmer es im Wiener Gemüt brodeln
1768 1014 2988 1082 Maske rühmen, kommen bei Schnitzler um ihre Frende.
528 1055 1754 1118 mußte, als oben auf der Bühne Bild an Bild der Kaiser¬
1757 1052 2990 1119 Denn Napoleon betritt die Bühne nicht. Nur seine raschen
521 1095 1744 1156 stadt von Anno 1809 aufgerollt wurde! Da waren sie nun:
1766 1099 2983 1166 Taten blitzen über den Horizont des Dramas, und die
518 1143 1753 1197 die alte Burgbastei, die längst gefallen ist, der Schloßhof
1767 1132 2993 1189 Wucht seines Geistes und seiner Faust lastet auf dem
518 1187 1762 1238 von Schönbrunn, der noch heute von den Erinnerungen
1761 1189 2984 1249 Volke von Wien. Napoleon und die Wiener Bevölkerung:
527 1232 1747 1282 Österreichs träumt, das kleine Wirtshaus in den Donau¬
1756 1235 2988 1284 das ist, über dem Drama des Medardus, das Problem der
529 1278 1752 1335 Aueuydes Glacis und die Straßen zwischen engen Garten¬
1762 1278 2985 1359 Dichtung. Sie hat ihren Namen nach einem einzelnen
1767 1321 2848 1379 Wiener; doch sie könnte besser heißen: „Die Wiener.“
528 1317 1757 1377 mauern, hinter denen noch immer, mitten im Großstadt¬
527 1364 1759 1410 getriebe, grüne Inseln ruhen, und die alten schlichten Fried¬
1848 1367 2983 1427 Den Wienern also jubelten die Wiener im Burgtheater
527 1407 1747 1465 höfe und das halbverfallene Schlößchen der Vorstadt und
1842 1414 2990 1472 Diese Wiener Bürger von 1809, diese selbstberauschten
1750 1404 1857 1461 zu.
517 1444 1752 1519 die traulichen Stübchen, gar biedermeierisch schon damals,
1766 1458 2988 1504 Sauguiniker, die beim ersten Kanonenschuß der Franzosen
1418 1501 1751 1559 Dazu die lan¬
526 1499 1353 1547 ehe man ihnen diesen Namen gab ...
1770 1501 2990 1558 nach Kapitulation schreien, diese gutmütigen und neugierigen,
521 1529 1749 1599 liche Wiener Luft, die Schnitzler so weich und kosend in
1770 1540 2984 1606 bequem geknechteten, sensationsfröhlichen, schauspielerischen
1758 1578 2993 1638 Leutchen sind keine antiken Römer. Aber die Zuschauer im
527 1577 1752 1645 seine Dichtungen ausatmet. Eine junge Stadt mit der
523 1624 1755 1702 amerikanischen Physiognomie Berlins weiß wenig von solcher
1762 1631 2993 1677 Burgtheater nahmen das, was ein Fremder als Satire
525 1678 1229 1742 Zärtlichkeit für das Ehrwürdige.
1771 1670 2985 1722 empfunden hätte, mit freundlichem Schmunzeln auf, weil
617 1695 1761 1774 Der Wiener, der diese Vergangenheit betritt, findet in
1759 1718 2988 1764 hier doch alles seine Richtigkeit hat und der Wiener an
529 1749 1761 1820 ihr sich selbst. Er trägt das Kostüm — er steht unter dem
1759 1764 2988 1840 solchem Wienertum nicht viel zu tadeln findet. Vollkommen
1771 1811 2990 1862 tendenzlos durchlebt Schnitzler dichtend menschliche Stärke
525 1803 1754 1857 Schicksal einer andern Zeit, aber mit unveränderter Natur
530 1844 1761 1918 gehört er zu diesem hundertjährigen Volkswesen. Es
1753 1841 2982 1924 und menschliche Schwäche. Solche Satire ist eigner Art und
1758 1895 2319 1958 hinterläßt keine Bitterkeit.
527 1894 1755 1939 gibt eine Weltgeschichte, die wir fühlen, die wir leben: die
529 1940 1737 2007 lehrt ein Dichter, nicht ein Professor. Im „Jungen Medardus“
1857 1927 2974 1997 Schon der Vater des Medardus hat sich den Heldentod
526 1986 1700 2055 gab Schnitzler das Wiener Volk: wie es war, wie es ist.
1770 1981 2986 2041 geholt, als er, wie heutzutage ein Berliner Oberbürger¬
624 2021 1747 2081 Medardus selbst, der Sohn der Buchhändlerswitwe, ist
1759 2033 2982 2091 meister, in Schnee und Eis dem Gekrönten huldigte. Und
525 2053 1748 2131 der Typus der wohlhabenden, von der Kultur merkwürdig
1767 2063 2990 2126 der Gekrönte war der „Erbfeind“ Napoleon! Der wackere
1766 2115 2980 2181 Sattlermeister Eschenbacher sagt: „Ich hab' schon allerlei
529 2117 1749 2172 verfeinerten Empfindungsegoisten, die in der von Genuß
522 2156 1759 2218 und Melancholie geschwängerten Wiener Luft gedeihen. Er
1759 2159 2973 2220 Echtes erlebt in Wien und von der verschiedensten Art“,
530 2204 1752 2271 ist einer von jenen Halben, die im Traume vielleicht die
1755 2206 2980 2264 und er erinnert an die allgemeine Devotion vor vier
1767 2249 2981 2309 Jahren, die Napoleon mit einem eigenhändigen Belobigungs¬
533 2246 1765 2310 Arme nach einem verlorenen Heldentum recken und sich
1763 2293 2976 2347 schreiben anerkannt hat. Und er meint vom neuesten patri¬
529 2290 1764 2348 tatenlos verlieren. Vom Anatol bis zum lebensmüden
525 2329 1751 2387 Herrn von Sala im „Einsamen Weg“ hat Schnitzler diesen
1766 2322 2979 2391 otischen Furor: „Ich kenne welche, die aus lauter Be¬
529 2376 1749 2430 Wiener in allen Altersstufen vorgezeichnet. „Unser Medardus“,
1770 2375 2987 2436 geisterung ihre Arbeit stehen und liegen lassen und überhaupt
1761 2421 2790 2472 nur mehr spazierengehen.“ Aber daneben gibt
2807 2425 2980 2480 es doch
535 2424 1755 2478 sagt ein Kluger in der dramatischen Historie, „ist kaum ge¬
1761 2456 2984 2520 auch Wiener Menschen wie den Schuster vom tiefen Graben,
533 2467 1761 2519 schaffen, andres zu erleben als den Klang von Worten. Er
1771 2511 2988 2578 der sich erschießt, weil ihn das gezogene Los davon ausschloß,
532 2512 1761 2563 hält ein Frauenzimmer in den Armen, und ihn umsäuselt
1765 2555 2523 2619 gegen Napoleon ins Feld zu ziehen.
535 2553 1749 2605 flötenhaft und süß das Wort Liebe. Er fühlt einmal sein
1844 2581 2982 2666 Unter den Freiwilligen herrscht lärmige Kampflust
536 2591 1765 2649 selig oder unselig Ende nahen, und das Wort Tod wird ihn
1769 2625 2977 2691 vor dem Auszug. Einer, ein schier allzu moderner
523 2646 1326 2713 umdröhnen wie mit dunklen Glocken.“
621 2669 1747 2753 Medardus will mit den Freiwilligen dem auf Wien
1767 2674 2986 2739 Skeptiker, meint freilich: „Eure Lustigkeit und Begeisterung
1765 2728 2984 2791 sind verschlagene Angst“, und ein andrer sagt trocken, böten
530 2727 1761 2778 aurückenden Napoleon entgegenziehen. Vor dem Auszug
1766 2775 2979 2839 ihm die Franzosen eine Lentnantsstelle, er ginge zu ihnen
521 2775 1762 2838 der Schar, nachts, in den Donau=Auen, holt man die Leiche
1763 2820 2983 2896 über, denn wo er seine Gaben und Kraft nutzen könne,
532 2814 1751 2879 eines Mädchens aus dem Flusse. Agathe, des Medardus
1767 2865 2274 2928 dort sei sein Vaterland.
525 2868 1762 2916 Schwester, ging mit ihrem Geliebten, dem Prinzen von Valois,
531 2908 1751 2965 in den Tod, weil die adelsstolze Sippe sich ihrer Verbindung
1847 2890 2988 2962 Napoleon rückt heran. Die Waffen des Zeughauses
519 2948 1760 3008 widersetzt hatte. Auch dieses blasse Sterben, das einzige,
1764 2931 2996 2997 werden an die Wiener Bürger verteilt: Morgensterne,
520 2985 1758 3037 was hier von der stärksten der Leidenschaften blieb, paßt
1762 2986 2976 3053 Partisanen, verrostete Flinten. „Zum Gebrauch sollen sie
532 3043 1752 3098 zum Bilde der Wiener Jugend voll Überschwang, Begehr¬
1760 3046 3001 3106 wohl weniger dienen, aber sie geben doch Selbstvertrauen
1769 3084 2309 3151 und vielleicht auch Mut.“
1110 3079 1750 3136 Medardus zieht nun nicht ins
536 3079 1019 3142 lichkeit und Weichheit
531 3121 1757 3169 Feld. Ein blinder Rachetaumel erhebt ihn und treibt ihn
1851 3111 2974 3184 Napoleon vor den Toren. Auf der Bastei die Bärger¬
534 3164 1762 3234 im Kreise. Prinzessin Helene von Valois hat den Teufel
1760 3173 2986 3232 soldaten und kriegerisch gesinntes Volk. Schlichte, tapfere
524 3205 1750 3259 des Ehrgeizes und der Salome im Blute. Der friedliche
1761 3218 2984 3273 Helden unter ihnen. Aber die vielen, die eben am lautesten
531 3255 1757 3308 Bürgersohn reizt sie, sie fordert ihn heraus, und als
1760 3257 2983 3329 „Nieder mit Napoleon!“ geschrien, wollen, als die ersten
537 3301 1748 3358 Medardus zu ihr ins Schloß dringt, ergibt sie sich ihm.
1760 3304 2979 3356 Kanonenschüsse zünden, sofort die weiße Fahne hissen. „Ich
2921 3337 2979 3392 7
1764 3347 2959 3417 frag' nur, warum läßt man sie nicht herein, die Franzosen?!“
525 3345 1754 3399 Medardus glaubte aus Rache zu handeln, da er das Weib
1856 3389 2982 3442 Napoleon in der Stadt. Die Wiener drängen sich ihm
522 3382 1760 3464 eroberte. Vor den Ihren, den Mördern seiner Schwester,
526 3441 1758 3489 wollte er die Entehrte preisgeben. Doch schon sagt sich der Ver¬
1770 3420 2986 3489 gassend zu, wo er sich zeigt. Er hat den besten Mann, den
525 3476 1751 3528 worrene: „Noch mehr dieser wunderbaren Nächte!“ Und dann
1758 3475 2996 3546 Eschenbacher, erschießen lassen. Der Groll der Bürger ertrug
1762 3523 2979 3580 es stumm. Noch ist kaum die Salve verraucht, da ruft
525 3518 1757 3576 ist Medardus um allen Willen gebracht. Wohl verteidigt auch
1769 3569 2983 3641 eine Stimme: „Der Kaiser reitet über die Bastei!“ — und
525 3559 1748 3613 er die Bastei, als Napoleon vor den Toren Wiens steht. Aber
1758 3608 2657 3672 die Leutchen laufen, den Kaiser zu sehen. ..
538 3604 1755 3671 er vergißt Welt und Haß. Die Hinrichtung seines Oheims
1846 3642 2978 3725 Napoleon läßt die Bürger, denen er Zwangsanleihe
527 3654 1755 3699 rüttelt den Medardus wieder auf. Entscheidend freilich ist,
1765 3694 2987 3751 nach Zwangsanleihe auferlegt, an sich herandrängen. „Muß
536 3694 1750 3761 daß er erkennen muß, Helene benntze ihn nur als Werkzeng
540 3735 1748 3802 für ihre Königspläne. Medardus wartet, den Dolch im
1764 3734 2987 3795 er sich nicht für geseit halten — oder kennt er seine Wiener
531 3781 1760 3848 Gewande, im Schönbrunner Schloßhof auf Kaiser Napoleon.
2000 3785 2981 3849 Im Schloßhof von Schönbrunn — nach dem
1770 3782 1951 3842 so gut?“
1771 3814 2758 3881 österreichischen Sieg bei Aspern warten sie, b
2786 3816 2995 3891 er sich
544 3828 1754 3877 Prinzessin Helene erscheint. Sie wil Indith sein, auch sie
526 3878 1755 3927 will den Kaiser ermorden. Man nennt sie die Mätresse
1753 3869 2982 3918 ihnen zeigt. Im Schlosse wird über den Frieden verhandelt.
541 3917 2986 3992 Napoleons, und Medardus, von der Woge des eisersüchtigen! Ein Bürger meint: „Wenn er nur nicht so schreckliche Be¬
