3296 4256
897 136 971 200 M
1499 135 1955 220 box 26/6
165 138 1354 243 22. Derjunge bedandus
1495 1233 3263 1284 wenn man nicht die fünf Stunden der Darstellung im von seinem Plane abgebracht,
272 1123 1202 1324 c###, Wiener Brief
1489 1286 2663 1339 Theater verleben kann. Übrigens enthält der Dialog viele
2649 1285 3258 1340 zuwersen. Rachegedanken and
314 1307 1484 1370 Die Theaiersensation — Glaube und Heimat — Wohnungsnot —
1490 1313 3265 1375 Feinheiten, die in der Kulissenwelt erdrückt werden und Er will an den Valois die sein
723 1346 1110 1413 Christkindelmarkt)
1488 1359 2450 1408 bei denen der Leser um so dankbarer verweilt.
2638 1371 3262 1421 und das schwere Unglück führ
360 1364 732 1461 F.11. 710
1565 1386 2658 1449 Der junge Medardus führt uns in das Wien des
2654 1404 3260 1453 stimmt es anders: Medardus
851 1393 1485 1478 Wien, Ende November 1910
1481 1416 2651 1484 Jahres 1809. Wir erleben die Franzosenzeit mit allen
2650 1443 3252 1494 Netze der schönen Tochter des
398 1449 1506 1524 Die große Sensation des laufenden Theaterjahres in
1494 1468 2664 1519 ihren Schrecken und Greueln, aber wir können uns auch
2656 1464 3266 1530 Nicht kopflos, planlos, sondern
325 1501 1499 1568 vorüber: am 24. November erlebte Arthur Schnitzlers
1487 1513 2657 1565 des flammenden Patriotismus erfreuen, der sich so schön
2644 1520 3264 1570 Er will Helene Valois in Sch#
332 1537 1498 1591 dramatische Historie Der junge Medardus ihre erste Auf¬
1496 1553 2648 1610 geltend machte, als es hieß, den Kampf gegen den
2658 1551 3271 1616 mit Gleichem vergelten. Aber
330 1567 1492 1640 führung im Hofburgtheater. In der ursprünglichen Fassung
1493 1578 2656 1636 grimmigen Feind aufzunehmen. Die dramatische Histprie
2656 1582 3262 1648 die Wiener in Napoleon ihr
321 1617 1506 1667 des Stückes hätte die Darstellung sieben Stunden in An¬
1488 1626 2647 1679 sucht den Geist der Zeit auf die Bühne zu bringen, das
2646 1621 3255 1689 absichtigt, Medardus nur für
323 1661 1500 1709 spruch genommen und das war etwas mehr, als die Nerven
1502 1660 2650 1714 Denken und Fühlen der Menschen in einer so großen
2650 1661 3259 1720 mißbrauchen. Damit die Valois
325 1691 1499 1749 eines modernen Menschen vertragen können. Jetzt dauert
1501 1693 2667 1767 Epoche zu charatierisieren. Allerdings sind unter den
2646 1701 3266 1753 reichs kommen können, soll er
320 1723 1494 1787 die Aufführung volle fünf Stunden, was immerhin noch
1491 1725 2650 1790 Persönlichkeiten, die auftreten, nur wenige historische Ge¬
2651 1734 3220 1804 ermorden. Wiessonderbar!
324 1765 1501 1823 eine hübsche Leistung ist. Allerdings ermüdet der Zuschauer
1498 1779 2657 1830 stalten. Aber die braven und schlechten Landeskinder und
2651 1773 3271 1832 Wiener Jüngling gedacht, doch
318 1804 1499 1863 in seinem Interesse nicht, denn die 15 Verwandlungen, die
1503 1808 2647 1874 die raurevollen französischen Emigranten, die sich nicht in
2645 1810 3251 1881 nahelegt, will er davon nichts
324 1838 1490 1897 der Regisseur des Burgtheaters zuließ, bringen viel Leben
1493 1834 2656 1913 den Blättern der Geschichte verzeichnet finden, sind so ge¬
2645 1868 3247 1913 Schloßhofe zu Schönbrunne
320 1883 1501 1939 und Abwechslung auf die Bühne. Schon der Theaterzettel
1501 1884 2656 1951 sehen und erfunden, daß man das Gefühl hat, sie hötten
2649 1899 3272 1954 hochstrebende Helene, die er in
325 1916 1499 1978 ist eine Kuriosität und es will etwas heißen, daß die
1492 1939 2651 1993 ganz gut Anno 1803 leben können. Historisch, im strengen
2652 1942 3272 1994 Napoleon insgeheim eine Lien
327 1953 1497 2017 Künstler der ersten Bühne Österreichs bis auf den letzten
1496 1968 2652 2033 Sinne des Wortes, ist eigentlich bloß die Tatsache, daß ein
2642 1969 3269 2027 Gefängnis wird sich der jung
322 2002 1489 2060 Mann — und das buchstäblich genommen — ausrücken
1494 1995 2650 2064 Attentat auf Napoleon versucht wurde, als der Kaiser der
2641 2014 3261 2070 bewußt: Helene war nach Schön
329 2034 1510 2094 müssen. Dafür enthält der Theaterzettel mehr als sechzig
1498 2032 2649 2100 Franzosen zum zweiten Male in Schönbrunn residierte.
2639 2047 3270 2107 borgenen Mordstahl gegen den
328 2067 1502 2134 Namen von männlichen Mitwirkenden. Nicht so vollständig
1492 2086 2650 2141 Ein deutscher Jüngling, der Pastorssohn Friedrich Staps,
2647 2075 3260 2146 auch Medardus zu schwanken
322 2113 1503 2163 ist die Liste der weiblichen Mitglieder des Burgtheaters
1494 2112 2646 2178 hatte den Entschluß gefaßt, den Bedrücker seines weiten
2651 2116 3253 2177 Heldenpose. Er könnte sich r
322 2145 1495 2205 vertreten. Immerhin konnten wir eineinhalb Dutzend
1501 2151 2653 2223 Vaterlandes aus der Welt zu schaffen. Er reiste von Erfurt
2645 2160 3265 2213 Schlinge ziehen, aber er will st
336 2196 1492 2252 Schauspielerinnen zählen. Dieses Aufgebot hätte schon an
1488 2187 2658 2261 nach Wien und näherte sich am 12. Oktober 1809 Napoleon,
2655 2192 3256 2265 Augen in den Tod rennen. P
329 2235 1502 2276 sich genügt, um das Publikum in hellen Scharen herbei¬
1495 2238 2650 2294 um ihn mit einem scharfen Messer zu erdolchen. Aber ehe
2649 2239 3261 2312 sichten er gehabt, daß auch er
332 2265 1502 2328 zulocken. Dazu kam jedoch noch der Umstand, daß Arthur
1498 2263 2643 2330 Staps noch an den Sieger von Austerlitz und Wagram
2641 2280 3075 2339 Und er stirbt dafür.
329 2293 1495 2368 Schnitzler in Wien einen großen Kreis von Verehrern hat.
1497 2299 2660 2379 herankommen konnte, wurde er von General Rapp erblickt
2704 2310 3251 2390 Das ist die Fabel des
325 2334 1492 2406 So erwiesen sich die weiten prachtvollen Räume des Burg¬
1497 2356 2642 2416 und ins Gefängnis geschickt. Aus Friedrich Staps ist der
2642 2361 3244 2429 durch die Handlung läuft."
323 2381 1493 2436 theaters zu eng, um all die zu fassen, die gern kei der
1494 2389 2646 2447 junge Medardus geworden; aus einem phantastischen
2645 2401 3265 2452 sammengedrängte Inhaltsanga
321 2417 1498 2482 Premiere gewesen wären. Um es gleich zu sagen: der Abend
1489 2425 2656 2495 Jüngling, der sich von Gott zu einer hohen Mission berufen
2649 2428 3262 2490 seine dramatische Historie hine
328 2461 1498 2523 brachte dem Dichter einen starken, rauschenden Erfolg. Auch
1496 2466 2656 2532 fühlte, wurde ein verliebtes, schwankendes Wiener Kind.
2638 2471 3269 2547 wienerische Menschen treten a
315 2493 1500 2560 die Wiener Kritiker, die ihres Amtes zu walten hatten,
1556 2503 2639 2571 Seine Mutter, Frau Klähr, hatte ihren Mann ver¬
2648 2509 3264 2576 ihrem Idealismus, in ihrer
329 2544 1487 2595 zollten dem glücklichen Wurfe Schnitzlers und der hin
1493 2531 2652 2603 loren, als Napoleon zum ersten Male gegen die Hauptstadt
2642 2555 3247 2609 Daneben gibt es auch viel
324 2573 1490 2631 gebungsvollen sorgsamen Aufführung des Buratheaters
1491 2585 3273 2647 Österreichs heranrückte. Deshalb blieb in der Familie ein Denunzianten, schleichende Na##
332 2610 1498 2670 trotz manchen Vorbehaltes volle Anerkennung. Wien hat
1489 2614 2659 2690 starler Haß gegen den Emporkömmling, der der Welt
2636 2629 3263 2687 Es wird viel gesungen und ges
329 2654 1503 2718 für die nächste Zeit ein Anziehungsmittel ersten Ranges,
1497 2662 2645 2719 seinen Willen aufzwingen wollte. Kein Wunder, daß sich
2649 2674 3262 2722 und der Tod hält reiche Ernte.
321 2690 1495 2749 denn wer würde sich die Gelegenheit entgehen lassen, die
1495 2697 2639 2757 der junge Medardus Klähr mit unter denen findet, die sich
2638 2700 3272 2758 der rauhen Napoleonischen Zei
328 2739 1495 2796 Prachtleistung Schnitzlers und des Burgtheaters zu ge¬
1483 2723 3262 2805 freiwillig melden, um Österreich im Kampfe gegen den Er= brausenden Strome anwächst un
324 2773 1497 2822 nießen. Dennoch ist es sehr fraglich, ob der junge
1490 2770 3257 2833 oberer zu unterstützen. Schon ist der junge Medardus in fließendes Bächlein zu sein. 3
328 2809 1498 2862 Medardus auch an anderen Bühnen sein Glück versuchen
1488 2811 3270 2877 der schmucken Landwehrtracht ausgerückt, um sich den ab= der gleichsam immer über der ##
330 2837 2644 2908 wird. Es gibt ganz wenige Theater, die sowohl über die ziehenden Truppen anzuschließen. Doch da schwemmt die
2648 2850 3249 2906 mals auf die Bühne kommt:
323 2888 2641 2944 genügenden künstlerischen als materiellen Mittel verfügen, Donau zwei Leichen an: seine liebreizende Schwester und
2646 2891 3269 2952 feiner dramatischer Witz, den sich
325 2924 2650 2985 um das Stück aufzuführen, das in der Buchausgabe den schönen Franz Valois, der ihr lange den Hof gemacht
2648 2929 3268 2993 Stimmungsschilderer wie Schn
322 2961 2640 3024 200 Seiten umfaßt. Trotzdem kann jeder das neueste Werkhat. Vergebens freilich! Sein Vater, der in Wien im Exil
2640 2982 3267 3033 jungen Medardus hätte Kainz
319 2990 2637 3063 des bühnengewandten Verfassers von Anatol, Liebelei usw. lebende ehemalige Herzog von Valois, wollte die Heirat
2642 3021 3272 3065 die Rolle in den Händen des He
328 3037 2649 3102 auf sich wirken lassen. Die reichlichen Regieangaben, die seines Kindes mit einem Bürgermädel nicht zugeben, denn
2647 3055 3270 3116 aufbietet, wie ja alle mit hei
327 3077 2648 3139 der Dichter im Buche gemacht hat, gestatten es, sich die Vor= er nahm für sich und sein Haus die Krone Frankreichs in
2647 3083 2780 3142 sind.
2845 3091 3268 3149 Der Sensationsabe
316 3107 3267 3183 gänge auf der Bühne plastisch zu veranschaulichen, auch Anspruch. Durch dieses tragische Erlebnis wird Medardus Premierenfieber ist überwunden
