3436 4320
1025 178 1084 237 M
1627 170 2068 261 box 26/5
310 173 1470 273 22. Denjundandus
870 1845 1182 1940 „OBSENVEF
822 1912 1267 1998 Lösterr#hehendl.
868 1977 1021 2044 kon
840 2091 1043 2177 für Reitun
870 2185 1132 2257 Konkorcing!
944 2165 2082 2322 73 1: 19·0 Neue Freis Presse, Wien
1013 2379 2083 2437 Die Première von Artur Schnitzlers „Der
1305 2432 1942 2509 junge Meda#dn
1651 2478 2085 2548 Wien, 22. November.
962 2589 2115 2635 die Uraufführung von Artur Schnitzlers historischer
972 2627 2124 2674 Tragödie „Derjunge Medardus“ statt. Diese Vor¬
973 2670 2121 2717 steuung beginnt ausnahmsweise pünktlich um halb 7 Uhr
971 2713 2121 2766 abends. Ein so früher Anfang einer Vorstellung ist im
964 2750 2120 2799 Burgtheater eine große Seltenheit und lange nicht vorge¬
957 2791 2124 2839 kommen. Nur für die erste Aufführung der neuen Inszenie¬
961 2832 2123 2896 rung des zweiten Teiles von „Faust“ war gleichfalts eine
962 2887 2114 2934 so zeitliche Stunde des Beginnes angesetzt. Die Première am
970 2929 2116 2982 Donnerstag wird bis 11 Uhr nachts dauern. „Der junge
964 2971 2122 3021 Medardus“ wird Freitag den 25. d. und Sonntag
964 3009 2124 3065 den 27. d. wiederholi werden. Diese beiden Vor¬
970 3050 1796 3119 stellungen beginnen um 7 Uhr.
1040 3090 2127 3155 „Der junge Medardus“, die dramatische Historie von
972 3128 2132 3182 Artur Schnitzler, hat den Dichter viele Jahre beschäftigt.
967 3182 2130 3222 Er hat sein Werk in der ursprünglichen Fassung bereits Paul
957 3227 2122 3275 Schlenther überreicht. In dieser Form hätte die Auf¬
955 3260 2145 3332 führung sieben Stunden gewährt. Schlenther empfahl dem
959 3310 2121 3356 Autor Kürzungen, und Schnitzler befaßte sich während eines
954 3357 2120 3408 Jahres mit der Umarbeitung des Stückes, das noch während
963 3390 2129 3437 der Proben manche Veränderung erfahren hat. Das Burg¬
954 3436 2132 3496 theater steht vor einer seiner schwierigsten Aufgaben. Es gibt¬
967 3480 2127 3543 nur sehr wenige Bühnen, welche das Wagnis einer Auf¬
957 3517 2131 3578 führung des „Jungen Medardus“ unternehmen können, den
954 3567 2117 3620 nicht so bald wird ein Theater in der Lage sein, die Vor¬
962 3613 2124 3670 schriften des Stückes bloß hinsichtlich der Personenanzahl zu
953 3651 2111 3708 erfülen, ganz abgesehen von dem außerordentlichen szenischen
964 3691 2123 3757 Apparat, den es verlangt. Den Technikern und Ausstattungs¬
963 3751 2122 3799 künstlrn hat „Der junge Medardus“ arges Kopfzerbrechen
961 3776 1182 3837 veruisacht.
1031 3809 2123 3888 Der Theaterzettel wird von einer ungewöhnlichen Länge
963 3852 2131 3928 sein. In der Buchausgabe nimmt das Personenverzeichms
947 3916 2130 3975 drei Oktavseiten ein. 78 Einzelpersonen kommen vor. außer¬
2141 153 3306 212 Ef Personen sterben, die meisten auf gewaltsame Art, ein
2132 197 3301 261 Liebespaar geht ins Wasser, ein lleines Mädchen wird durch
2130 236 3296 286 einen Granatsplitter getrossen, zwei Offiziere durch Schüsse,
2130 279 3308 339 mehrere Personen erleiden triegsrechtlich den Tod durch Pulver und
2133 322 3311 372 Blei, zwei Akteure werden im Duell verwundet. Es kommen
2138 369 3294 413 auch ein Blinder und ein Buckliger im Stücke vor. Da es
2134 408 3311 460 unmöglich schien, diese große Zahl von Personen bei der
2138 442 3303 517 Fülle der rasch wechselnden Szenen zu übersehen, wurden die
2127 491 3317 554 Inspizienten res Dienstes für die Einzeldarsteller enthoben.
2134 550 3315 598 und haben#ur dafür zu sorgen, daß bei den Massenszenen
2141 579 3326 629 das „Volk“ rechtzeitig zur Stelle ist. Die Schauspieler werden.
2146 634 3310 682 im „Jungen Medardus“ ausnahmsweise nicht vom In¬
2141 662 3308 726 spizienten auf die Bühne gerufen werden, sondern wurden ver¬
2135 712 3312 771 pflichtet, selbst, wenn die Reihe an sie kommt, auf der Szene
2135 750 3312 805 zu erscheinen. Mit dem gemütlichen Zeitvertreib in den
2142 800 3307 845 Garderoben und im Konversationszimmer wird es darum
2133 837 2525 906 diesmal nichts sein.
2557 871 2870 943 Die Besetzung.
2204 936 3296 993 Die Besetzung des Schnitzlerschen Stückes im Burg¬
2117 976 2573 1041 #theater ist die folgende:
2208 1025 3291 1072 Franziska Klär, Buchhändlerswitwe, Frau Römpler=Bleib¬
2130 1056 3290 1113 treu; Medardus, Agathe, ihre Kinder, Herr Gerasch, Frau
2130 1107 3284 1165 Medelsky; Jakob Eschenbacher, ihr Bruder, Sattlermeister, Herr
2121 1144 3299 1195 Balajthy; Karl Etzelt, Geschäftsleiter der Buchhandlung, Herr
2123 1190 3296 1243 Treßler; Berger, Drechstermeister, Herr Heller: Frau Berger,
2133 1214 3307 1283 Fräulein Walbeck; Anna, ihre Tochter, Frau Mell; Herr Föderl,
2127 1270 3285 1327 Herr Moser; Frau Föderl, Frau Schmittlein; Frau Grinzinger,
2131 1311 3293 1366 Frau Senders; Bradl, Schreubler, Stiefler, Wiener Bürger,
2127 1356 3293 1403 Herr Sommer, Herr Baumgartner, Herr Seydelmann; Wachs¬
2124 1395 3295 1451 huber, Delikatessenhändler, Herr Korff; Frau Winkler, Frau
2133 1439 3299 1486 Wilbrandt; Leopoldine, ihre Tochter, Fräulein Kutschera; Berta,
2136 1485 3302 1531 Fräulein Rosen; Kribbling, Winter, Rabenau, Baumann,
2119 1520 3299 1588 Leibolt, Bernburg, Schellbacher, Studenten, jetzt bei der Land¬
2128 1575 3295 1625 wehr, Herr Paulien. Herr Seydelmann, Herr Elmhorst, Herr
2139 1611 3297 1665 Pitschau, Herr Liebsch, Herr Walter, Herr Danegger; Elisabeth,
2142 1655 3302 1701 Fräuein Wagner; Marie, Fräulein Wilke; Roserl, Fräulein
2133 1691 3303 1739 Koch; Bargetti, Hauptmann, Schöffmann, Lieutenant, Doktor
2145 1744 3293 1792 Jolsdorf, Lieutenant bei der bürgerlichen Miliz, Herr Muratori,
2137 1780 3292 1839 Herr Gehrs, Herr Stätter: Büdinger, Arzt, Herr Arndt; der uralte
2142 1808 3292 1873 Herr, Herr Straßni; seine Urentelin Gretel, S. Liebal; ein eleganter
2135 1864 3294 1931 Herr, Herr Müller; seine Frau, Fräulein Gerzhofer; ein Beitler
2134 1901 3300 1965 aus Aspern, Herr Strebinger; ein Totengräber, Herr Moncza;
2135 1945 3300 1989 der Buchhändtergehilfe, Herr Danegger; Dienstmädchen bei
2132 1989 3296 2045 Klär, Fräulein Schulz; ein Korporal der Bürgerwache, Herr
2129 2034 3287 2096 Wiesner; Wiener Bürger, Herr Moncza, Herr Kordan, Herr
2133 2077 3291 2138 Stefan, Herr Mairinger, Herr Schlesinger; Wiener Bürger¬
2127 2116 3301 2181 frauen, Fräulein Kaszuica, Fräulein Weiß, Fräulein Fröhlich,
2142 2161 3321 2216 Fräulein Matzka, Frau Moncza; Gesellen Eschenbachers, Herr;
2142 2204 3306 2258 Waldhauser, Herr Miesner, Herr Strauß; Kertermeister, Herr
2146 2245 3302 2293 Shimig; Wirt in der Donauschenke, Herr Slanar; Christophe
2142 2288 3292 2342 Bernard, ehemaliger Herzog von Valois, Herr Hartmann;
2138 2330 3293 2388 Marie Hortense, ehemalige Herzogin von Valois, Fräulein
2136 2373 3290 2424 Hönigsvald: François, Helene, deren Kinder, Herr Frank,
2144 2410 3296 2475 Fräuein Wohlgemuth; Nerina, Kammermädchen, Fräulein
2135 2457 3293 2519 Hosteufel; der Marquis von Valois, Herr Devrient; Desolteux,
2138 2499 3306 2554 Herr Loewe; Caillard, Herr Basch; Renault, Herr Zeska;
2145 2546 3288 2606 Dagusan, Herr Prechtler; Lafiraye, Herr Paulsen; Toktor
2954 2582 3299 2643 Herr Reimers;
2139 2583 2944 2649 Assalagny, Herr Heine; General Rapp,
2133 2627 3301 2686 Trembly, Major, Herr Gimnig; Derue, Rutmeister, Herr
2134 2674 3292 2713 Schebel; ein Rittmeister der französischen Garde, Herr
2143 2710 3291 2759 Prechtler; ein Lieutenant der französischen Garde, Herr Hell¬
2135 2756 3291 2810 mann; ein bayrischer Lieutenant, Herr Muratori; ein bayrischer
2138 2799 3297 2853 Korporal, Herr Rub; ein Vertrauter der österreichischen Polizei,
2132 2844 3291 2894 Herr Jenbach; ein Magistratsbeamter, Herr Basch; erster
2143 2885 3302 2937 Diener beim Herzog von Valois, Herr Flemmich; zweiter
2133 2923 3302 2974 Diener beim Herzog von Vglois, Herr Rupprecht. Regie;
2131 2966 2394 3037 Herr Thunig““
2813 3002 2896 3056 —
