3392 4352
1525 83 1962 191 box 27/1
207 104 1394 191 22. Derjunge Nedardus
2568 1759 3303 1836 Theldorgehl. Den Lohter tann
1780 1772 2061 1867 .
1631 1824 3314 1909 (Vierter allgemeiner österreichischer Taub= besprach in sachlicher Weise die No#
484 1820 1568 1931 alle möglichen Reflexionen durchziehen seinen Geist,
2581 1874 3313 1940 strengen Erziehung zur Wahrh##tsli
487 1879 2590 1975 endlich schläft er, von Müdigkeit überwältigt, dort stummen=Lehrertag.) Am 18. und 19. April d. J.
495 1922 3317 2018 ein; aufgewacht, will er früh nach Hause gehen, um wird in Wien der vierte allgemeine österreichische Karl Ganz besprach in allgeme
499 2016 3297 2062 seinen Entschluß auszuführen. Nagender Hunger Taubstummen-Lehrertag stattfinden. Für den= Weise die Entstehung vieler K
491 2007 3314 2115 treibt den lebenslustigen und nun dem Tode gewe I selben sind bisher nachstehende Vorträge angemeldet Allgemein wurde bemerkt, mit welch
1541 2065 3303 2144 worden: „Die Erziehung schwerhöriger Kinder in zahlreich anwesenden Eltern allen
485 2085 1546 2162 ten Leutnant in sein Stammcafé, wo er hört, 16
489 2107 3318 2213 seinen Beleidiger, den dicken Bäckermeister, in der den ersten Lebensjahren“. Referent Dr. Richard ten und es ist hoffen, daß es doch g
2583 2151 3287 2217 rade in dem Bezirke ein inniges
489 2161 2602 2260 Nacht der Schlag getroffen habe. Zaghaft frägt er,[ Imhofer, Ohrenarzt, Mitglied der deutschen
493 2200 3319 2313 ob der Bäcker auch wirklich tot sei. Die Bejahung Landeskommission für Kinderschutz und Jugendfür¬ wischen Schule und Haus zu emiele
2656 2257 3317 2317 (Schulsparwirtschaft.) Der D
488 2299 2587 2357 läßt ihn die Angst und Aufregung der letzten Stun sorge in Prag. „Die Anatomie des Gehörorgans“
499 2299 3314 2404 den rasch vergessen und mit keckem Mut tritt er Referent Dr. Gustav Alexander k. k. Univer verein in Brünn hat in der am San
1548 2346 3301 2432 sitätsprofessor in Wien. „Die Pastorierung der stattgefundenen Vollversammlung
490 2374 1555 2445 ins neue Leben. Mit köstlichen Strichen ist das
1544 2394 3311 2478 Taubstummen mit besonderer Berücksichtigung der den vom Herrn Oberlehrer F. Be
501 2422 1558 2501 ganze Innenleben Leutnant Gustls vor unseren
1550 2425 3300 2526 Großstadt". Referent Monsignore Alois Obern= Vortrag: „Die erziehliche, wirkschaf
494 2477 1561 2541 Augen ausgebreitet. Die Nonchalance, der Eigen¬
1552 2491 3280 2576 hummer, Wien. „Die Stellung des Sprach- nale Bedeutung der Schulspar
497 2508 1554 2593 dünkel, die Selbstüberhebung, die Angst vor der öf¬
1552 2531 3309 2626 formenunterrichtes im künstlichen Lautsprachunter=[Resolution einstimmig gefal#
501 2565 1562 2644 fentlichen Meinung, der Entschluß zum Selbstmord,
1547 2582 3321 2669 richte". Referent Direktor Karl Baldrian, Lehrerverein erkennt in der Schul
494 2617 1559 2699 die Versuche der Entschuldigungen vor sich selbst,
2596 2635 3318 2697 sparkasse eine notwendige, für St
1546 2652 2606 2720 Wiener=Neustadt. „Gewerbliche Fortbildungsschulen
499 2668 1549 2742 die Freude über den Tod des Bäckers sind meister¬
1562 2714 3287 2769 für Taubstumme“. Referent Th. Perschke, Wien, liche Gesellschaft, häusliche und
497 2704 1563 2786 haft wiedergegeben. Nach dieser Nummer folgte
1552 2714 3301 2826 „Die Fürsorge der Taubstummen=Anstalten für die hung, Fortbildung der Jugend,
506 2752 1564 2837 langanhaltender Beifall, für den Artur Schnitzler
1542 2754 3334 2848 aus der Schule entlassenen Zöglinge". Referent der Volkskraft, der sittlichen wie
511 2807 1368 2894 immer und immer wieder danken mußte.
585 2824 3349 2911 Die Vorlesung, deren Ertrag bekanntlich armen Jos. Friedl. Wien. „Die Taubstummen=Unter= und für Gemeinschaft aller Stände
495 2926 3318 2981 jüdischen Technikern zugute kommt, dürfte dem richtsmethode in den Lehrer= und Lehrerinnen= den Rahmen des Schulorganismi
514 2914 3329 3030 wohltätigen Zwecke ein namhaftes Sümmchen zu- Bildungsanstalten“. Referent Anton Druschba, Schwierigkeit einzufügende Einrich
2567 2972 3323 3029 breiter Grundlage durchgeführt, vol
1532 2984 1725 3084 Wien
514 3023 710 3107 führen.
2581 3021 3314 3098 ist, zur Lösung der sozialen Frage
