3392 4384
1453 139 2327 201 parte à sa place, tandis que lui-meine
1459 198 2325 252 restera à Vienne ei se consacrera avant
1459 245 2322 299 tout ä venger la mort de sa schur, vie¬
1462 277 2321 340 time de Torgueil impitoyabie du vienx
1461 330 2274 398 due de Valois et de toute sa maison.
1489 389 2326 463 Ainsi se termine un e prologue, dont
1442 456 2323 506 la représentation ne doit pas durer
1453 502 2316 567 moins de trois quarts dheure et qui,
1456 551 2313 597 malgré cette longueur démesurée, for¬
1442 580 2323 659 me à peine la sixième parlie du grund
1453 636 2312 695 drame nouveau de M. Schnitzler. Ja¬
1451 693 2306 743 mais peut-étre, depuis le temps loin¬
1445 739 2315 791 tain du drame et de T’opéra romanti¬
1452 772 2319 842 ques, pareil effort de patience n’a été
1443 818 2320 883 exigé d’un public allemand; et il n’ya
1437 857 2316 923 pas jusqu'au Cromwelt de Victor Hugo,
1446 911 2312 967 ouencore à la version primitice du
1569 954 2316 1021 Homme de M. de Porto-Riche,
1584 1004 2308 1064 nous fassent leffet déire des ceu¬
696 960 1337 1095 Gertelsnepeade ohne Gepane
1597 1052 2299 1105 dimensions moyennes en compa¬
459 989 1575 1186 ddesetkenseckesen
1607 1094 2302 1149 des 300 pages tassées de cette
1594 1125 2314 1202 re dramatique en cing uctes pré¬
1588 1177 2309 1235 T'un prologuev. C’est dire qu'il
594 1159 1527 1299 35S1 Suuae
1584 1219 2306 1294 -à l’auteur du Jeune Médurd une
620 1242 817 1307 Seen ene e
462 1217 632 1317 vom
1600 1265 2297 1328 fable possession de tous les ar¬
1605 1322 2303 1384 u métier dramatique pour assu¬
1607 1356 2313 1422 ine telle entreprise le succès
1611 1402 2306 1464 btient, chaque soir, sur la seé¬
531 1269 1395 1490 Gn nouveau Drame alemand“
1624 1442 2315 1521 oise. Variété des situations et
1626 1493 2300 1551 int de l’action, alternatives in¬
1649 1545 2307 1599 de conversations fümilières,
577 1526 1418 1622 Pour comprendre et apprécier le su¬
1626 1567 2302 1644 poétiques, et d’amples et
539 1594 1441 1658 jet du drame nouveau de M. Schnitz.
1625 1620 2307 1705 déploiements de foules, tout
546 1649 1423 1721 ler, 1e lecteur est tout dabord tenn de
1541 1645 2296 1727 Mélangé avec infiniment d’in¬
552 1697 1411 1749 supposer qulil Favait à Vienne, en 1809,
1407 1717 2310 1785 Itelligence et d’adresse: sans compter
549 1735 1419 1801 un prince français exilé,üc de Va¬
1415 1754 2310 1837 que, dans chacun des tableäux, l’inté¬
546 1783 1418 1841 lois, dont les titres à la possession de la
1427 1797 2306 1873 rêt documentaire des graves 6vénements
537 1830 1413 1884 couronne de France égalaient ou mé¬
1419 1849 2309 1928 qui se déroulent sous nos yeux se ren¬
536 1872 1410 1932 me surpassaient ceux de l'ainé des fré¬
1414 1898 2293 1964 force pour nous d’une émotion plus di¬
534 1916 1410 1968 res survivants de Louis XVI. Et qu'une
1423 1941 2299 2016 recte, produite au moyen de l’un de ces
539 1961 1409 2013 pièce fondée sur une hypothèse d’une
1416 1979 2286 2048 n coups de théätres qui nous révelent
544 2004 1410 2066 fausseté historique aussi manifeste ait
1401 2019 2306 2097 ber M. Schnitzler un digne éléve de no¬
541 2064 2309 2137 pu essair1e #lis grand sueces üulpire grande dcole demelodrame francai
530 2090 1411 2141 theätre viennois durant toute une säf¬
1427 2110 2286 2179 se. Linfluence de Victorien Sardöll, H0¬
536 2143 1414 2198 son, c’est là une preuve bien frappante
1422 2162 2294 2226 tamment, se trahit dans l'habileté avec
527 2182 1403 2241 de cette ignorance réciproque dent j’ai
1417 2207 2287 2267 laquelle le dramaturge allemand réus¬
534 2225 1407 2280 eu souvent déjà l’occasion de signaler
1408 2258 2287 2309 ßsit à animer et à colorer ce qu’on pour¬
539 2272 1402 2317 lincessant progrès entre les diverses na¬
1419 2291 2295 2359 rait appeler la # figuration n de sa piéce,
533 2313 1403 2375 tions européennes. Si les spectateurs
1412 2343 2295 2398 entourant ses héros d’innombrables
531 2362 1403 2424 autrichiens savaient, de façon certaine,
1414 2392 2304 2447 personnages épisodiques dont le röle
541 2411 1400 2468 que jamais un personnage comme ce
1422 2427 2297 2508 consiste, tout ensemble, à nous divertir
532 2445 1406 2515 duc de Valois n’a pu sérieusement pre¬
1413 2478 2283 2529 par leur propre vérité — ou vraisem¬
539 2497 1406 2556 tendre à la succession légitime de Loms
1418 2525 2301 2575 blance — historique et d nous rendre
538 2530 1412 2598 XVI, l’impossibilité du point du depart
1415 2571 2291 2624 moins invraisemblable l’intrigue roma¬
538 2585 1406 2648 de l’euvre de M. Schnitzler les aurait
1421 2615 2293 2672 nesque ou nous les voyons intervenir.
535 2636 1405 2684 empéchés de suivre avec émotion les
1413 2658 2289 2719 Mais pour ce qui est de cette intrigue
537 2670 1407 2738 péripéties d’un dramé ou l’auteur s’est
1423 2702 2295 2760 elle-méme, et de la vérité e purement
537 2723 1409 2768 efforcé surtout de leur offrir une recon¬
1413 2748 2289 2801 humaine, des héros de la pièce de M.
528 2769 1408 2824 stitution minutieuse et fidele de l’une
1410 2798 2297 2857 Schnitzler, force m’est de reconnaftre
528 2809 1402 2877 des crises les plus mémorables de leur
1412 2841 2299 2904 que la suite de l’ceuve ne répond pas
540 2857 1397 2910 histoire nationale: mais évidemment
1417 2885 2296 2931 aux belles espérances que nous avaient
533 2896 1400 2951 ces spectatéurs ne savent plus rien de
1408 2927 2291 2986 inspirées les deux tableaux du prolo¬
536 2938 1408 3000 tout cela, ni ne 'se soncient plus d’en
1411 2979 2291 3033 gue. Ni le  jeune Médards ni l’énig¬
538 2993 1402 3043 rien savoir. A mesure que les moyens
1412 3019 2306 3083 matique et ténébreuse créature dont i!
537 3036 1411 3104 de communication se développent et se
1415 3065 2285 3128 va s’éprendre des le début du premier
536 3081 1401 3146 multiplient, d’un pays à l'autre, il
1412 3116 2292 3173 acte n’ont de quoi justifier les allures
533 3126 1402 3190 semble que chaque pays se désintéresse
1418 3156 2307 3209 quelque peu &shakespeariennes 5 qu'il
540 3168 1409 3232 plus profondément de toute la vie pré¬
1422 3205 2290 3260 semble que l'auteur ait voulu leur pré¬
546 3215 1398 3279 sente ou passée du reste du monde; ei
1423 3235 2290 3307 ter: ce sont de vaines ombres, absolu¬
551 3258 1396 3316 nous-mèmes, sans doute, serions au¬
1424 3286 2294 3352 ment dépourvues de toute réalité vivan¬
552 3301 1411 3359 jourd'hui tout prêts à applaudir une
1422 3336 2292 3389 te aussi bien que de tout relief tragique
538 3350 1406 3405 piece qui nous montrerait le grand Fré¬
1409 3384 2277 3438 et s’apparentant bien moins aux im¬
535 3389 1398 3448 déric s’alliant avec le tsar Ivan le Terri¬
1412 3423 2284 3489 mortelles figures du poôte anglais
537 3441 1406 3509 ble pour abattre la puitance de Napo¬
1412 3467 2291 3535 qu'aux protagonistes des mélodrames
533 3486 678 3562 léon.
1409 3519 2283 3568 anecdotiques de M. Sardou. Voici d’ail¬
572 3509 1409 3590 Nous voici donc à Vienne, au début
1420 3537 2294 3631 leurs, en deux mots, le résumé de l'a¬
532 3582 1399 3632 de la campagne de 1809; et le premier
1417 3608 2286 3654 venture autour de laquelle M. Schnitz¬
527 3619 1412 3677 tableau du prologue nous introduit dans
1407 3639 2279 3710 ler a tres heureusement täché à nous of¬
530 3665 1396 3725 Tappartement d’une veuve, Mee Klahr,
1411 3678 2292 3763 frir une exacte peinture de la société
538 3703 1403 3770 qui dirige un petit commerce de librai¬
1409 3743 2292 3807 viennoise avant et pendant T’occupation
533 3757 1399 3832 rie, en attendant de pouvoir le trans¬
1408 3800 2274 3852 de la capitale autrichienne par les trou¬
1408 3829 1754 3894 pes francaises.
1444 3868 2279 3939 La sceur de Médard et son amant, le
571 3895 1404 3961 (1) Der junge Medurdus, par Arthur
1413 3929 2294 3988 comte de Valois,ont demandé que leurs
540 3951 1398 4025 Schnitzler, un vol. in-18, Berlin, librairie S.
1419 3974 2283 4026 corps fussent déposés dans le mème
533 3997 846 4063 Fischer, 1911.
1378 4020 2299 4095 Plombeau, ce qui a fourni au jeune
2240 4090 2595 4187 Seeresn
2343 173 3224 240 #confidente, à la manière des tragedies
2338 207 3226 296 clasiques, il neglige tont à fait de nous
2336 261 3221 326 renseigner par cette voie sur ses inten¬
2336 305 3215 373 tions véritables. Condamné à mort, il
2338 356 3218 428 apprend du général Rapp que l’empe¬
2332 392 3206 461 pereur lui accorde sa gräce, la police
2338 439 3215 494 ayant constaté qu'Hélène, sa victime,
2326 483 3216 554 avait formé le dessein de tuer de sa pro¬
2338 530 3206 595 pre main l’usurpateur qu'elle aimait:
2330 578 3204 639 mais non, Médard ne veut pas avoir
2334 616 3209 685 d’obligation à un homme qui à causé le#
2326 664 3211 732 malheur de l’Autriche! Et le voilà qui
2319 714 3200 777 force les soldats français à l’exécuter,
2331 751 3210 840 et le géneral Rapp, aux dernières lignes
2324 799 3192 851 du drame, console sa mère en le procla¬
2319 838 3209 907 mant un c hérosv: mais toujours nous
2327 875 3204 952 ignorons ce que ce singulier hércs avait
2329 925 3205 999 dans le cceur. Le mystère qui, de tout
2326 964 3202 1032 temps, enveloppait pour nous la figure
2316 1010 3204 1096 d’Hélène de Valois s’est communiqué
2324 1062 3208 1141 peu à peu à la figure de ce pauvre pe¬
2316 1105 3196 1184 tit Hamlet d’arrière-boutique, détour¬
2315 1148 3201 1225 né de sa destination naturelle par le
2315 1196 3209 1266 déplorable haserd qui lui a permis de#
2308 1244 3199 1322 tenir dans ses bras une princesse au¬
2309 1291 3207 1376 thentiquement issue du sang des rois de
2307 1318 2539 1392 France!
2724 1362 3215 1469 T. DE WYZEWA.
2806 4124 2916 4186 ——
