3344 4352
1205 343 1354 464 2
1268 480 1362 587 *
1708 530 1906 609 *5
1435 656 1497 774 *
425 1181 540 1277 *
2783 1371 2873 1470 82
2777 1451 2889 1497 e
2784 1492 2886 1557 eide
2827 1922 2904 1976 isc
275 1950 2158 2072 Von den Aufführungen des Vereins =Deutiche Bühnee 7„Der Königsleutnante von Gutzkow
1605 2072 2943 2172 Rosmer, die Gattin des Münchner Jultizrats Bernltein, ist
356 2083 1588 2183 Sein Gönner, Friedrich der Große, schrieb feibst
2630 2155 2930 2230 Für Schau¬
1601 2159 2586 2219 die geiltige Mutter der „Königskinderg.
265 2175 1585 2240 neben Arbeiten willenlchaltlicher Art mehrere Dramen
1610 2214 2928 2294 lpielerinnen fällt naturgemäl der männliche Vorname
262 2239 1587 2301 und ließ lie unter dem bezeichnenden Pleudonym Satyricus
1590 2272 2927 2347 gänzlich fort; dafür treten andere, oftmals in den merk¬
261 2280 1595 2377 zur Darktellung bringen. Daß Fürltlichkeiten mit Vorliebe
1596 2336 2930 2385 würdiglten Zulammenletzungen gebräuchliche, an leine
272 2357 1589 2416 den Schuß eines bürgerlichen Namens zur Deckung ihrer
1602 2383 2938 2467 Stelle, die Liebreiz, Anmut, Kraft, Weitklugheit und lrome
264 2390 1603 2480 literarilchen und künitlerilchen Erzeugnille in Anlpruch
1613 2445 2952 2526 widerlpiegeln, je nachdem lie für Naive, Sentimentale,
257 2457 1587 2526 nehmen, ilt eine ebenlo bekannte wie natürliche Tatlache. So
1606 2506 2942 2575 Heroinen, Salondamen und komilche Alte gemünzt wor¬
265 2519 1592 2595 verfaßlte die Herzogin Amalie von Sachlen, eine Schweiter
1600 2566 1856 2642 den lind.
262 2568 1592 2680 des Danteüberletzers König Johann, eine Reihe Schaulpiele
1609 2609 2953 2678 NCDIIADTICDIIC NICDIIGA IGIECDTICIIGIIGTIGIICNCRGS
275 2625 1602 2707 aus dem Kleinbürgermilieu; lie wurden unter dei ichlichten
274 2688 1588 2766 A. Heiter veröffentlicht. Und ein Vetter Kailer Wilhelmsl.,
1610 2682 2652 2807 Schnitzlers Mallendrama
270 2759 1595 2825 Prinz Georg von Preußen, widmete lich als Georg Conrad
1683 2801 2950 2884 Das Burgtheater brauchte eine Attraktion. Kainz war
275 2800 1168 2901 der Dramatilierung hiltorilcher Stoffe.
1612 2860 2951 2930 tot, und weit und breit ist kein Erlatz zu lehen. So wenig,
369 2865 1594 2941 Auch Schaulpieler, die alten Adelsgeschlechtern an¬
1616 2916 2950 2994 wie Sonnenthal erletzt wurde, lo wenig Baumeilter erletzt
273 2924 1591 3000 gehören, haben oftmals das Pleudonym bevorzugt, teils
1607 2983 2943 3049 wird, lo wenig wie Mitterwurzer, Gabillon, Robert, die
267 2991 1596 3058 aus freien Stücken, teils aus Familienrücklichten. Hat lich
1606 3032 2957 3101 Wolter, Helene Hartmann bis zum heutigen Tage erletzt
282 3050 1595 3118 das Schriftitellertum — nicht zum letzten dank des Ein¬
1608 3109 2939 3172 wurden. Was Berger gebracht hat, das ist — mit Aus¬
271 3097 1594 3174 flulles der Preile — zu hohem Anlehen emnporgelchwungen,
1618 3147 2935 3216 nahme von Albert Heine und Lili Marberg — geschmack¬
280 3157 1596 3241 lo hallt zum Nachteil für den darltellenden Küniller das
1617 3199 2945 3280 volles Mittelmaß. Die Leute, die wir leit Jahren brauchen,
282 3231 1611 3306 alte Lied von der sfreieren Lebensauffallunge am Theater,
1618 3264 2939 3337 fehlen! Wir haben jetzt keinen Hamlet, keinen Wallen¬¬
280 3292 1595 3355 begründet durch eine Kette von Unwillenheit und Vor¬
1620 3327 2957 3403 ltein und keinen Dorfrichter Adam im Burgtheater, keinen
286 3335 1607 3415 urteilen, noch heute in der Seele manch zimperlichen
1623 3379 2955 3455 wirklichen Helden, keine Lady Macheth und keinen Fault,
283 3395 1320 3485 Phililterleins und engherzigen Muckers fort.
1623 3441 2962 3507 keinen wirklichen Komiker, keine jugendliche Tragödin,
376 3426 1594 3528 Zum Schlulle lei noch einer belonderen Art der Frauen¬
1623 3513 2355 3585 aber lonit geht es uns gut.
280 3503 1607 3598 pleudonyme, die gleich der Mode den Wandlungen und
1700 3543 2950 3640 In dieler Situation war 'der junge Medardus“ von
285 3573 1619 3655 Launen der Zeit unterworfen lind, Erwähnung getan. ich
1623 3613 2960 3680 Schnitzler ein brillanter Ausweg, denn er beiteht aus liebzig
294 3630 1610 3711 meine die männlichen Vornamen ichriftltellernder Frauen.
1631 3686 2963 3754 Rollen, von denen nur zwei führend lind. Alles andere ist
290 3690 1608 3780 Sie waren vor Jahren iehr verbreitet; stehen aber allem
1621 3733 2969 3804 Detail und Epilode, und dahin lind wir nun glücklich im
287 3770 1609 3824 Anlcheine nach augenblicklich auf dem Auslterbeetat. Hans
1626 3804 2950 3863 Burgtheater gelangt, dal wir wohl liebzig gute Epiloden¬
289 3817 1614 3887 von Kahlenberg hauptlächlich auf dem Gebieie des
1612 3862 2967 3929 schaulpieler haben, aber keinen Tragöden von hohem
293 3864 1618 3936 Geselllchaftsromans bekannt ilt eine Frau Kelller. Der
1623 3914 2962 3987 Wichs. Dazu kommt, daß der Medardus“ leile dialektilch
291 3928 1614 3994 Mitautor ihres Lultlpiel =Meißner Porzellans ist der als
1628 3971 2956 4051 gefärbt ist, und dielen wienerllchen Einichlag vermochte
296 3986 1609 4080 Axel Delmar gelchätzte Bühnenfachmann v. Demandowzki,
1627 4029 2967 4115 das Burgtheater trefflich wiederzugeben. Wir haben jetzt
306 4043 1622 4129 einer der Begründer des Richard Wagner-Vereins. Ernlt
2840 4128 2953 4188 175
2822 4176 2888 4233 S
