3436 4352
1602 246 2026 332 box 27/2
986 247 1164 316 Med
263 256 1476 359 22. Der junge Mardus
1733 1214 2897 1281 auch jenem Verwandtschaftsgefühl, das man mit dem
1722 1263 2897 1317 Helden zu haben meinte. Der brausende Sturm einer
1729 1288 2907 1367 neuen, großen Zeit aber hat die ganze bläßlich=spielerische
1730 1326 2914 1384 Herrlichteit Schnitzlerschen Heldentums weggefegt, und
1721 1352 2914 1435 dieser Medardus, ein Anatol der Romantik, wirkt nicht
1727 1417 2908 1465 mehr psychologisch wahr, künstlerisch reich, sondern einfach
1731 1449 2909 1499 speinlich und unerträglich auf uns. Die Zeit der E. T. A.
1721 1486 2912 1554 Hoffmannschen Dämmerungsgestalten, der phantastischen
1731 1538 2906 1574 Schwärmer ist vorbei, und unser Sinn gehört den Män¬
1732 1560 2911 1624 znern mit Leier und Schwert, den Körner, Arndt und
1738 1603 2908 1667 Schenkendorf. In welch wunderlichem Zwielicht steht
1731 1641 2903 1707 doch dieser Held der Schnitzlerschen Historie! Er will
1741 1682 2902 1744 kämpfen fürs Vaterland und hängt sich an eine ganz un¬
1731 1717 2907 1777 mögliche Rache; er will sich rächen und verliebt sich statt
1729 1758 2902 1814 dessen in eine damonische Marquise; er will — die Tat
1716 1793 2907 1859 des historischen Staps klingt an — Napoleon erdolchen und
1723 1836 2901 1887 ersticht aus Eifersucht seine Geliebte. Und auch seine
1726 1869 2901 1940 letzte, seine einzige Tat, die Verweigerung des Ver¬
1720 1917 2902 1980 sprechens, nichts mehr gegen den Kaiser zu unternehmen.
1729 1947 2901 2016 ist nur Eigensinn, unnötige Querköpfigkeit. Von dem
1722 1989 2909 2050 Schlußepigramm: Gott wollte ihn zum Helden schaffen,
1725 2031 2901 2090 der Lauf der Dinge macht einen Narren aus ihm, glauben
1727 2066 2908 2137 wir nur den letzten Teil. Der Wiener Seelenkenner.
1724 2105 2894 2168 der Meister der gebrochenen Charaktere und psychischen
1718 2145 2900 2208 Absonderlichkeiten, wollte ein Opfer der Phrase darstellen,
1716 2178 2894 2236 einen Schönredner, dem selbst der Tod mit einer hohen
1723 2219 2887 2281 Pose nicht zuteuer erlauft ist. Seine Galerie willensschwacher
1714 2250 2892 2326 Träumer wird dadurch um ein neues Bild bereichert:
1715 2298 2890 2348 aber es hat nicht den einheitlichen Stil, der den „ein¬
1733 2338 2889 2401 samen Weg“ zu einem abgeschlossenen Werk macht. Schnitzlers
1392 2330 1642 2411 FREEE ERETS
935 2349 1273 2431 burg, Toronto.
1728 2379 2886 2443 „Historie“ fehlt die breite Kraft und der stürmische Schwung
818 2401 1363 2468 (Quellenangabe ohne Gewähr.)
1726 2416 2893 2479 des großen Geschichtsdramas, und so hal der Dichter seine
1715 2463 2894 2520 Requisiten aus der historischen Rumpelkammer Sardous
538 2422 1585 2561 Lusschnkt aue HESDNER ANGERE
1722 2496 2891 2549 borgen müssen. Die ganze Welt dieser nach Frankreichs
1727 2531 2891 2588 Krone strebenden Valoir, der Prinz, der mit dem Bürger¬
1721 2568 2885 2633 mädel ins Wasser geht, die Prinzessin, die sich bald als
537 2537 1253 2647 vom: 27. UKTOGER 1911
1727 2610 2891 2678 Judith, bald als Kokette aufspielt, der blinde Herzog und
1723 2641 2887 2710 sein Hofstaat — alles ist bösestes Theater. Der echte
1718 2686 2890 2744 Schnitzler, der wahre und warme Dichter, leuchtet nur
1715 2715 2891 2783 haus der Schilderung des Wie Bürgerhauses mit den
632 2737 2891 2829 *Berliner Brief. Vier Jahre hat#e gedauert, bis Prachtgestalten der Mutter und des Oheims, leuchtet aus
578 2794 1653 2845 Arthur Schnitzl####ramatische Historie: D
1672 2801 1729 2850 er
1730 2801 2892 2868 den feingemalten Genre= und Volksszenen, um die der
568 2830 1732 2890 junge Medakdus durch eine sorgfältig vorbereitete
1719 2855 2889 2902 tweiche Duft und die liebliche Anmut des Wiener Vor¬
579 2878 2889 2924 und reich ausgestattete Aufführung des Lessingemärz schwebt. Kleinkunst an ein Monumentalgemälde
583 2907 2888 2964 Iheaters auch den Berlinern auf der Bühne gezeigrivertan, eine Heldenzeit ohne Helden — das ist Schnitzlers
574 2944 2891 3019 wurde. Man hatte so lange gewartet, bis es — zu spät Kunst und Welt. Es ist die unsere nicht mehr! Darum
560 2985 2882 3042 wär. Die vorzügliche Darstellung seinerzeit in der Burg wurde das Drame trotz trefflichstem Spiel, trotz den ent¬
571 3023 2882 3097 vetdankte ihren großen Erfolg doch nicht nur dem Wienerjzückendsten Delorationen von Karl Walser abgelehnt. Das
575 3063 2886 3142 Herzen, dessen hundertjähriges Spiegelbild hier so scharfl Erlebnis weniger Wochen hat uns der Stimmung vieler
571 3090 2395 3177 und klar und doch so zart und sein enthüllt wird, sondern Jahrzehnte weltenweit entfernt!
2687 3112 2848 3186 P. L.
1389 3183 1658 3260 er
