3296 4256
1535 138 1972 238 box 26/6
209 149 1378 264 22. Derjunge Medandus
1752 1373 2135 1466 —
1600 1453 2743 1502 sie sprach: „Den Duft dieses Gartens will ich atmen, ein¬
438 1445 1584 1501 es, von einem Granatsplitter getroffen, tot zusammengeknickt
2764 1428 3286 1516 sie ja keinen vor getreten
1596 1497 2736 1557 trinken die Stille der Nacht, meine Arme ausbreiten, meinen
437 1495 1586 1555 ist, stumm wie eine kleine Blume. Oder wie die Prinzessin
2753 1491 3300 1558 Fuß-rückwärts .. (Kinder
2744 1521 3308 1614 dest Namen Reinhardt ...
437 1542 1589 1608 in dunkler Leidenschaft, in sehnsüchtiger Liebe über eine
1595 1538 2735 1586 Gürtel lösen für den Erwarketen, den Geliebten. Medar¬
1604 1581 2747 1629 dus .. . Ich fühle sein Kommen. Vergangenes und Künf. 1
441 1584 1361 1652 tremnende Welt hinweg dem Medardus zuruft:
2825 1583 3307 1657 Nein, das geht wirklich
526 1602 1589 1685 „Die Stunde ist unser, Medardus! — Ich vergesse, was
1589 1617 2740 1682 #tiges schweigt! Nur die Stunde klingt und rauscht durch
2741 1634 3309 1695 Unverständlich. Ein Jamn
1352 1669 1587 1734 und diese
1593 1676 2731 1744 die Nacht. Heilige Stunde, losgelöße einsame in der Zeit,
429 1677 1365 1740 war — und was sein wird! Du und ich —
2751 1681 3308 1751 material, um die ausgezeic
1587 1707 1893 1783 du bist mein.“
432 1710 1592 1781 Stunde. — Ich weiß nichts anderes .. .. Ich liebe dich.
2747 1722 2989 1796 Regisseur?
429 1756 757 1835 Medardus!“ —
2123 1738 2226 1822 II.
514 1776 1584 1855 Oder wenn beim Medardus etwas vom melancholischen
1657 1774 2744 1874 Eines anderen Theaters muß ich gedenken, bevor wir
2806 1800 3295 1885 Schnell, ihr lieben Wal
441 1844 1584 1901 Träumer, etwas vom Anatol durchschaut, bis er zum Schluß
1590 1848 2727 1893 Walzer tanzen können. Eines ernsten Theaters, wo künst¬
2747 1856 3298 1931 die schlechte Laune. Da kon
435 1874 1595 1965 doch zum Holden wird, zu „dieses Krieges letztem und selt¬
1599 1891 2734 1960 lerisch gearbeitet wird, von würdigen Leuten, — des
2750 1915 3300 1985 meine Feder jetzt umzirkeln
439 1933 802 2007 samstem Helden.“
1606 1933 2661 1987 Deutschen Volkstheaters. Aber — aber
2750 1960 3048 2022 ger Heiterkeit.
1600 1954 2738 2045 „Don Cavlos“. Ich greife eine Szene heraus — die Kerker¬
516 1956 1500 2032 Aber im ganzen: tant de bruit — tant de bruit! —
2820 1995 3266 2067 Luise Kartousch.
1602 2021 2737 2073 szene. Herr Kutschera erscheini als Posa — mit blon¬
524 2013 1580 2080 Alfred Kerr — der Dichter — (ich nenne ihn nicht
2748 2038 3301 2113 dem Namen, jedem, der sie
1599 2068 2742 2122 dom Vollbart und edler Geste — weiter edler Geste. (Schon
441 2049 1590 2120 mit dem schlichten Titel Kritiker) — hat 1904 etwas über
2743 2101 3268 2158 Teufel, er ist ein Fadian.
1595 2110 2732 2157 wird man mißtrauisch.) Wie er mit Carlos spielt — zieht
438 2108 1587 2187 Schnitzler gesagt, das geradezu als Prophezeiung für diese
2738 2136 3308 2202 könnte ich es festhalten, die
1600 2156 2729 2213 er Register! Etwa wie Possart. Eine Weile kyrischer
448 2152 885 2237 Historie gelten kann:
2748 2185 3299 2247 mutiger Drolligkeit und kon
1591 2187 2740 2243 Bariton, plötzlich Baß. (Aha, denkt man, gleich — da ist
527 2173 1588 2258 „Ach, die holde Klarheit der lateinischen Rassen fehlt.
2742 2231 3309 2292 wie sie in dem weiten Op¬
1596 2236 2739 2299 es schon.) Steigerung, Leidenschaft, — eine Oktave geht es
434 2220 1589 2303 Der Dichter gibt nicht die Darstellung des Wirrsals,
2743 2278 3288 2332 von Berlin zu schweigen.
1590 2270 2744 2353 hinauf. Doch das wird alles sehr edel gemacht, gemacht.
433 2271 1584 2354 sondern das Wirrsal in der Darstellung. So ist es, nicht
2750 2317 3300 2382 Emmy Horst in Hamburg.
1607 2329 2741 2389 Nur glaubt man diesem Posa kein Wort, aber auch keines.
444 2327 1357 2406 andets; oder ich will ein schlechter Kerl sein.“
2746 2367 3299 2429 und Grazie ist sie nur ein
1594 2374 2740 2428 Und das ist der berühmte Kutschera! Don Carlos — Herr
522 2369 1592 2434 Aus dem Rollengewirr — wie sollte man da anfangen
2749 2401 3308 2464 guten Geister. Ich hab's!
1597 2413 2743 2478 Klitsch. Natürlich der Liebling des Publikums. Hior
447 2421 1584 2480 oder aufhören — nenne ich nur eine Wiedergabe: die der
2742 2451 3278 2513 Operette werde ich sie
1593 2459 2733 2528 ist es umgekehrt. Man fühlt, wie sich dieser Künstler sagt:
446 2448 1589 2521 Helene. Weil in ihr etwas leuchtet und leuchten wird, un¬
2738 2490 3300 2558 Geist im „Grafen von
1593 2497 2741 2568 Um Gotteswillen nur natürlich, keine Schreierei. Das ist
436 2502 1591 2567 vergeßlich. Unvergeßlich wird die Künstlerin für jeden, der
2750 2539 3286 2602 Vermont, so ist sie es jetzt
1605 2544 2731 2601 im Prinzip äußerst sympathisch. Aber es gibt eben
449 2546 1589 2606 sie einmal gesehen oder besser gehört hat — trotz ihrer
2751 2581 3307 2637 in Leo Falls neuem Wer
1596 2584 2742 2647 Momente, in denen die menschliche Stimme rast wie ein
436 2596 1585 2654 Fehler, trotzdem die Bewegungen dieser etwas mächtigen
2748 2623 3307 2689 das im Theater an de
1593 2636 2742 2680 Orkan, brüllt, meinetwegen wie ein Stier, gemein, roh, aber
445 2639 1591 2697 Gestalt zuweilen unbeholfen, noch undiszipliniert erscheinen.
2744 2671 3309 2731 da, wo die Kartonsch ihren L
1599 2676 2730 2732 daß einem die letzte Seelenfaser zittert — und in denen
434 2677 1588 2740 Elsa Wohlgemuth. Ich sah sie zuerst am Hoftheater
2736 2715 3309 2780 kann, im zweiten Akt, schmei
1594 2728 2740 2777 irgend ein gewollter Schönklang wie eine Ohrfeige ist. Und
442 2726 1588 2788 in Schwerin. Ein wundervoller Kopf mit römischem Profil,
2740 2764 3308 2821 romantisch schwärmerischer
1590 2769 2745 2826 das ist für Don Carlos ein solcher Moment, da man ihm
443 2771 1592 2831 Angen wie aus glühender Sommernächte dunklem Samt,
2742 2800 3282 2867 Henz. Reizende Einfäll:
1587 2806 2733 2854 den liebsten Freund erschossen, da er in Raserei sein Geheim¬
438 2812 1587 2869 von langen Wimpern überschattet. Eine edle Stirn, ein
2749 2839 3300 2906 Melodien. Auch das Textbu
1602 2840 2742 2911 nis preisgibt, da er den Degen zieht gegen seinen Vater
444 2854 1584 2913 fein gezeichneter weicher Mund und bebende Nasenflügel.
2744 2885 3306 2954 lich und voll heiterer Erfin
1591 2894 2737 2951 und König. Hier aber geschieht etwas Furchtbares. Vor
445 2899 1589 2956 (Wie liebe ich dieses Beben der Nasenflügel!) Aber das ist
2750 2937 3275 2998 Bühne aber wetteifert die
1594 2936 2738 2993 den Worten: „Dein Geruch ist Mord“, neigt sich Herr Klitsch
451 2938 1591 3018 es nicht. In der Stimme liegt der Zauber. In dieser
2747 2981 3306 3038 schreiblich drolligen Beweg
1594 2985 2740 3040 dicht zum König (Kinder, Kinder!), dann arbeitet er mit
444 2984 666 3059 Stimme!
2746 3026 3297 3085 ponist in lachenden Einfälle
1598 3028 2738 3091 Verhalten, mit Pausen, „macht“ in Natürlichkeit! Und wie
525 3012 1563 3087 Als ob jemand im Dunklen auf einem Cello spielt —
2743 3071 3299 3134 Teufelsaugen scheinen im
1592 3073 2741 3131 er den Degen zieht, natürlich auch verhalten — ziehen die
449 3080 1589 3139 /0 klingt diese Stimme, ein solches Zittern von verhaltener
2740 3112 3297 3169 wollen. Freilich hat sie einer
1596 3115 2737 3177 Granden — nebenbei stehen diese Granden hübsch in zwei
438 3121 1589 3177 Kraft ist darin. Sehnsucht singt in ihr, wenn sie bittet,
2749 3160 3298 3221 gen Wien: Herrn Willen
1599 3161 2728 3219 Reihen halbfront — ziehen die Granden mit schöner Gleich¬
457 3155 1591 3232 Flammen lodern jäh empor, wenn sie liebt, und wenn sie
2748 3202 3296 3257 als ihr Vater Thomasius II
1601 3202 2730 3262 mäßigkeit vom Leder. Man hört förmlich, wie sie „eins.
451 3208 1591 3265 klagt, schluchzt fern in Frühlingsgärten irgendwo eine
2751 3253 3299 3312 zwerchsollerschütternder Kom
1595 3253 2724 3311 zwei, drei, Königsmord“ sagen. Aber alles, ohne sich von
447 3245 1593 3321 Nachtigall. Vieles glaubt man dieser Stimme, tiefrote
2741 3284 3303 3343 eines alten Serenissimus au
1596 3297 2736 3352 der Stelle zu rühren. Nachher, wenn der König Philipp
441 3292 1587 3352 Leidenschaft und stille Tränen. Immer aber ist es, als wenn
2742 3336 3307 3410 ich dieses schretbe, muß ich l
1599 3317 2743 3401 (nimmermohr glaube ich, daß dieser Philipp — Herr Weiß
449 3342 1589 3392 jemand im Dunkeln auf einem Cello spielt. Schon damals
1641 3388 2912 3442 als Wallenstein irgend erschüttern kann) sagt: „Tretet alle lachen.
444 3387 1593 3447 in Schwerin schien sie aus der Welt derer, die offenbaren.
448 3428 2742 3506 Hier als Helene war üe ein Erlebnis. Wie lebte das, wenn! einen Schritt zurück“, erinnert sich einer oder der andere, daß
