3344 4256
985 142 1047 200 M
274 136 1443 243 22. Dejungdardus
1589 120 2050 206 box 26/7
2189 125 3226 181 Jugend sowie dessen Werdenung ließ der Redner
2193 167 3217 226 eine knappe Besprechung der einzelnen Werke fol¬
2173 214 3226 262 gen. Hieran schloß sich die ausführliche Inhalts¬
2153 274 3220 327 angabe des historischen Dramas „Der junge Medar¬
2180 329 3232 384 dus“. Deutlich und klar sahen wir die Handlung
2178 346 3229 421 vor unseren Augen erstehen. Agathe Klähr, ein Bür¬
2182 413 3232 473 germädchen, wird von François von Valois geliebt
2184 465 3232 521 und da er als Sohn eines emigrierten französischen
2181 511 3218 572 Kronprätendenten das Mädchen nicht heiraten kann
2171 541 3231 618 Iso sucht das Liebespaar mit dem ungeborenen Kinde
2167 632 3214 713 den Tod in den Wellen der Donau. Der junge Me¬
2176 693 3211 761 dardus, Agathens Bruder, der im Begriffe war
2178 735 3210 807 Soldat zu werden (das Stück spielt im Jahre 1809)
2182 785 3208 859 hat nun nur den einen Gedanken, Agathe zu rä¬
2179 839 3229 908 chen. Am Grabe der beiden Selbstmörder trifft er
2186 888 3229 953 mit Helene von Valois (François' Schwester) zu¬
2182 924 3228 1005 sammen; der anfängliche Haß der beiden verwan¬
2173 992 3231 1056 delt sich in flammende Liebe. Helene, die Medar¬
2174 1046 3224 1092 dus in wilder Glut umfangen hielt, ist die Braut
2179 1078 3229 1148 des Kronprätendenten; bei der Trauung will Me¬
2180 1129 3223 1198 dardus sich rächen, indem er Helenes Schande
2175 1179 3235 1235 preisgeben will, wird aber durch ihren suggestiven
2177 1223 3221 1285 Blick daran gehindert. Die Prätendentenfamilie wird
2172 1273 3231 1331 indes“von Navoleon zum Zeichen der Unterwerfung
2172 1323 3232 1377 nach Schönbrunn befohlen; Gerüchte tauchen auf.
2167 1373 3217 1447 daß Helene die Geliebte Napoleons geworden sei;
2172 1422 3219 1482 von Eifersucht getrieben, faßt Medardus den Ent¬
2189 1458 3226 1538 schluß, Napoleon zu töten. Im Schlosse begegnet
2185 1512 3213 1575 er Helene, die er nach kurzer Zwiesprache ersticht.
2162 1560 3209 1608 Aus einem bei ihr gefundenen Brief geht indes
2177 1609 3227 1675 hervor, daß sie selbst Napoleons Tod herbeiführen
2169 1656 3226 1725 wollte, um auf Frankreichs Thron zu gelangen. Hie¬
2176 1713 3216 1777 durch wird #ewiesen, daß sie zu Napoleon in keinem
2167 1742 3219 1824 sträflichen Verhältnisse gestanden sei. Der Kaiser,
2169 1805 3232 1867 der in Medardus seinen Retter sieht, will ihm die
2175 1854 3213 1909 Strafe für die Ermordung Helenens erlassen. Me¬
2173 1905 3216 1970 dardus verschmäht die Schonung und erzwingt die
2175 1957 3221 2002 Verurteilung. Während draußen die Glocken den
2178 2003 3225 2076 Frieden einläuten, wird Medardus erschossen. In
2175 2053 3227 2117 diesem ebenso spannenden als interessanten Drama
2171 2101 3217 2156 bestechen uns wieder alle an Schnitzler oft gewür¬
2166 2147 3208 2200 digten Vorzüge, die sich auf die Sprache, den Auf¬
2166 2189 3216 2244 bau, die Charakterisierungsgabe usw. beziehen.
2175 2245 3222 2307 Herr Antal besprach nun die einzelnen handeln¬
2163 2292 3219 2358 den Personen des Stückes und gibt der Anschau¬
2166 2345 3217 2392 ung Ausdruck, daß die eigentliche Hauptperson des
2174 2391 3218 2460 Ganzen der auf der Bühne überhaupt nicht erschei¬
2173 2439 3213 2503 nende Napoleon sei, der die Personen des Dramas
2168 2489 3205 2547 wie Marionetten in der Hand hält und an unsichtba¬
2175 2541 3213 2596 ren Fäden leitet. Medardus Klähr ist keine Helden¬
2166 2594 3219 2646 gestalt im wahren Sinne des Wortes; Antal nennt
2170 2634 3213 2701 ihn „konsequent in der Inkonsequenz“, denn er tut
2164 2676 3210 2739 stets das Gegenteil von dem, was er sich vorgenom¬
2177 2732 3217 2783 men hat. Dagegen ist Helene von Valois die Heldin
2175 2781 3204 2832 des ehernen Willens, der mit offenem Blick auf sein
2167 2829 3211 2878 Ziel losgeht. Prächtig gezeichnet ist Frau Klähr
2178 2872 3206 2931 (die Mutter des Medardus) und deren Bruder Ja¬
2175 2927 3207 2988 kob Eschenbacher. Das Stück, in dem 78 handelnde
2174 2972 3209 3031 Personen vorkonnnen, kann naturgemäß nur an
2174 3019 3212 3079 einer Bühne, die über ein riesiges Personal ver¬
2182 3070 3215 3121 fügt, zur Darstellung gebracht werden. Direktor
2181 3121 3205 3174 Schlenther hatte nicht den Mut zur Aufführung.
2176 3171 3214 3221 während Baron Berger, Schnitzlers' Wort: „Der
2170 3220 3207 3265 Wille macht alles!“ bewahrheitend, sich mit dem
2174 3262 3202 3315 „Jungen Medardus“ in grandioser Weise einge
2168 3315 3195 3378 führt hat. Der Redner besprach weiters die einzel
2169 3365 3208 3411 nen Leistungen am Wiener Hofburgtheater, so ins¬
2157 3406 3205 3457 besondere die der Frau Römpler=Bleibtreu (Mutter
2159 3460 3207 3524 Klähr), Fräulein Wohlgemuth (Helene), Herrn Ge¬
2155 3508 3213 3578 rasch (Medardus), Herrn Balajthy (Eschenbacher)
2153 3558 3207 3613 usw., und schließt mit der Hoffnung, daß Baron
2149 3605 3204 3671 Berger das Burgtheater wieder zur ersten Bühne
2146 3655 3201 3718 des Kontinents erheben werde. — Herrn Antal
2156 3698 3199 3750 wurde für seine Ausführungen, denen der Stempel
2150 3750 3203 3807 des innigen Vertrautseins mit Schnitzlers Wesen
2141 3795 3192 3852 und Werken aufgedrückt war, langanhaltender lau¬
2153 3845 3208 3893 ter Beifall zuteil, nd wir können der Leikung des
2156 3901 3206 3956 Deutsch=akademischen Lesevereines für die Bekannt¬
2156 3948 3190 4012 schaft mit dem Redner den aufrichtigsten Dank zol¬
2140 3988 2264 4057 len.
3059 4000 3151 4051 p.
2174 4043 2739 4117 reBünstle
