3344 4352
1523 159 1920 272 box 27/
204 177 1369 282 22. Der junge Medardus
1838 1528 2261 1653 ana
1279 1584 1519 1646 S
921 1587 1057 1652 WRM
129 1626 2280 1724 s af hinanden, er interessan-Imen har bevaret Respekt for hende,viegelse, Dialogens Liv og Naturlig.
152 1689 2285 1754 Sjele-Elementerne er hos er varieret i Dr. von Aigners Person.hed, ogsaa naar den giver noget at
114 1762 2283 1835 rledes blandede, end man er]Ogsaa om ham flokkes Krinderne somftanke over, er store Fortrin. Digte¬
699 1793 2283 1892 Fugle om et Fyrtaarnsblus; ogsaaren staar ikke ved Siden af Handlin¬
114 1810 332 1888 it se det.
119 1869 2296 1952 andlige Hovedperson er ual-han er trods Letsind inderst indegen med nogen Pegepind; saa klart
719 1922 2295 2005 tungsindig; men han er anderledes be-Jalt er, der er ikke nogen overdreven
148 1937 712 2008 udrustet med Forstand,
1484 1988 2291 2068 Tydelighed. Zu har her ikke sjal.
722 1992 903 2066 hersket.
114 1991 708 2076 Erobrelyst og Nydelsesdrift,
1498 2047 2284 2119 dent A ledning til at sporge sig:
122 2054 721 2133 sesles, ikke uridderlig, men
754 2029 1509 2149 Hans fraskilte Hustru har den
117 2111 706 2201 sidderforfangelighed inderst
703 2115 2296 2216 stille, overlegne Verdighed i Vesen, Hvorfor siger han nu det? Meuer han
128 2178 715 2252 I, der kan gere ham raa og
721 2165 2287 2269 som ikke er sjelden hos eldre, ud.det eller vil han gere den anden tryg?
1474 2228 2295 2318 osv. Men alt opklarer sig for den op¬
130 2230 716 2314 sperat. Hans Hustru Genia,
716 2244 1269 2334 merkede Skuespillerinder.
1475 2294 2295 2366 Imarksomme Leser eller Tilskuer
150 2294 726 2374 ypperst udferte Kvinde¬
767 2305 1496 2397 Bifigurerne har med faa ligegyl¬
1498 2339 2286 2424 uden den Anstrengelse, Ibsen under¬
130 2348 727 2434 er uden netop at viere ge¬
731 2383 1486 2460 dige Undtagelser hver sin lererige
1503 2402 2290 2473 tiden kraver, og Handlingen er slyn¬
118 2408 720 2501 egte og fin, saa forbeholden
718 2438 1501 2523 Ejendommelighed: en Bankier, hvis
1496 2467 2298 2547 get med overlegen teknisk Dygtighed
129 2468 721 2548 at hun virker som det, ma
719 2495 1499 2569 Klogt, glatte Veesen og Lumskhed er
1500 2522 2293 2601 under en uafbrudt Stigen af Spen¬
121 2526 712 2615 kalde et heiere Vesen. Hun
720 2563 1502 2648 givet med faa Streger; en Digter, hvis
1507 2576 2311 2677 ding trods de humoristiske Sceners
128 2586 720 2667 gst trukket sig tilbage fra
714 2619 1502 2701 Plathed og Selvtilfredshed bliver en
1505 2640 1813 2720 Hvilestunder.
135 2638 711 2726 og han har teoretisk ind¬
728 2676 1511 2752 Kilde til Nydelse for Tilskueren; en
126 2712 718 2791 ende hendes Frihed. glager
1545 2688 2302 2794 T en af Schnitzlers tidligere Ko¬
723 2747 1521 2823 Turist, hvis Klagesyge og Forsog pua
110 2758 718 2850 ller ikke med nogen Erotik:
1503 2781 2298 2844 medier Das Zwischenspiel fra 1906 er
730 2803 1505 2889 ar imponere ved Opbiesthed er af den
150 2823 728 2918 drives dog of sin terre
1488 2824 2301 2921 der adskilligt, der tager sig ud som
726 2860 1176 2948 fineste Latterlighed.
116 2850 724 2960 atil nu og da, ved paafal¬
1496 2884 2313 2966 Forarbejde tis Das weite Land. Ogsaa
782 2949 2305 3004 Og saa er der tilbage det enestejj dette Stykke er Hovedpersonerne to
121 2945 726 3025 standigheder, at krydsforho¬
731 3000 2314 3087 nbrudte, hele Menneske i dette Gallerl, loverlegne Mennesker, der i Grunden
126 3004 721 3083 peide hende, saa han tilsidst,
723 3056 2312 3154 den unge, livsterstige Pige Erna, der eisker hinanden, men mellem hrem en
132 3065 729 3146 Barbari, i Duel nedskyder
136 3131 2319 3196 Mand, hos hrem hun en kortmodig, besluttet, frigjort, sietter alt [Fremmedhed har indsneget sig, og
115 3177 2323 3267 r sogt Trest. Der afsleresj paa ét Kort, og — i denne Verden afsom en Tid lang, hver for sig, feler
133 3239 1507 3321 Stykkets Slutning i ham et Individer, som vil Et og ger et Andet,
1513 3236 2314 3314 sig draget andetstedshen. Kun at
130 3302 2311 3373 han nappe selv anede i sig.)vil ét idag, noget andet imorgen — Dialogen imellem dem, der her strek¬
154 3361 1280 3450 vildere, brutalere og meremed Nodvendighed taber.
1484 3349 2310 3440 ker sig over Snese af Sider, minder
783 3410 2317 3478 Der er ikke mindre end en Snes llevende om den subtile Debat af Hjer¬
160 3465 2313 3557 Skikkelse: En Charmeur, Personer; men de samler og gruppe-tets Hemmeligheder, den Elskovska¬
144 3535 2329 3616 tilfredsstillet af sin Hustru,irer sig let. Diktionens utrungne Be-Isuistik, som flder Marivaux's Koma¬
2347 1555 3162 1645 dier. I dette Stykke forekommer og¬
2345 1622 3158 1712 sna ferste Gang et Menneskepar, der
2345 1693 3176 1770 genfindes i Das weite Land, Digteren
2353 1744 3167 1824 Albertus Rhon og hans lille beundren¬
2363 1798 3173 1892 de, noget ubetydelige Frue. Men me¬
2369 1870 3174 1949 dens Rhon i det eldre Stykke er Ho-K
2370 1917 3176 2000 vredpersonens nare, forstandige Ven,
2380 1968 3188 2059 omtrent hvad Dr. Mauer er i det nyeg
2380 2046 3173 2134 Skuespil, og medens han der som Dig¬
2378 2086 3172 2187 ter er duelig Psykolog og et ganske
2383 2137 3178 2251 rittigt Menneske, ja saaledes formet,
2383 2217 3187 2301 #t man i ham snarest maa formode en
2390 2257 3192 2361 skemtsomt henkastet Selvskitse af
2397 2341 3180 2425 Schnitzler, er i Das weite Lund Dig¬
2399 2386 3180 2477 teren Rhon trods sit gode Hoved ko¬
2382 2446 3184 2538 misk, ved Taktleshed, Selvoptagethed,
2385 2495 3190 2599 Egenkeerlighed grundkomisk, og hans
2395 2562 3187 2650 lille Fru Marie er bleven en Gaas, ko¬
2384 2602 3207 2712 misk ogsaa hun ved en Forlibthed 1
2392 2674 3205 2766 Gemalen, der endog 1 andre Menne¬
2393 2735 3204 2846 skers Nierverelse nappe kan styrei##
2397 2827 2509 2896 elg.
2439 2844 3205 2963 En Sammenligning mellem Das
2390 2931 3195 3026 Zwischenspiel og Das weite Land vi¬
2389 2976 3208 3072 ser, hrilken Lobebane Schnitzler 1
2397 3041 3212 3138 blot fem Aar har tilbagelagt, og giver
2406 3080 3207 3190 En den fulde Fslelse af det Mester¬
2410 3169 2956 3261 skab, han nu har naaet.
2806 3232 3177 3324 Georg Brandes.
