3436 4352
1073 209 1164 284 Me
337 200 1522 320 22. Der junge undardus
1663 216 2085 326 box 27/1
1431 1775 1539 1871 —
238 1818 512 1888 Symbol ge¬
509 1839 1485 1899 szenische Verschachtelung der sogenannten Dev¬
210 1875 504 1947 zes beklagens¬
512 1865 2396 1940 rient'chen Mysterienbühne der Provinzbühne die ihrer historischen Umrahmung, inneralb
222 1923 509 1990 Gefühl, daß
506 1932 2399 2000 zugänglich zu machen, und etwas anderes, der engen Grenzen, sie im zur Verfügung
215 1963 512 2043 kes vollbracht
510 1979 2400 2053 den Schnitzler'schen „Medardus“ für das Pro=standen, mörlichst viel Geltung zu verschaffen.
208 2019 508 2097 lungen sein
516 2017 2393 2090 vinztheater „einzurichten". Die dramatische Bie#eit wäre die er Extrakt eine begrüßens¬
215 2074 497 2156 t zu schaffen.
498 2064 2404 2154 Materie des „Faust“ ist so ungeheuer dicht, werte Tat geweien, wenn diese Bühne sich
196 2124 505 2202 enstvoll sein,
502 2136 2392 2206 daß sie noch immer von größter Wirksamkeit för ernd und nicht, wie am Samstag, gerade¬
202 2181 437 2256 ch sterben
496 2173 2395 2265 beibt, auch wenn sie bis auf den Kern des zu feindse ig dafür gezeigt hätte, diesen Ertrakt
195 2222 2392 2292 en mit der ersten Te'les, die Gretchen=Tragödie, verengerti“ sich auszune men. Bekennen wir es offen,
1441 2268 2396 2330 daß wir in Olmütz nicht in der Lage sind,
214 2273 502 2355 gehen, ohne“
510 2296 1473 2374 wird. Anders bei Schnitzlers „Medardurs“.
211 2331 503 2401 mein letzter
506 2325 2394 2411 Hier handelt es sich nicht allein um die dra= #istorische Vorgänge darzustellen, die mit
1429 2372 2394 2451 Massenszenen und mit der Wucht eindrucks¬
207 2383 506 2457 gen jene roh
499 2395 2401 2497 matische Haupthandlung, die Lebenstragödie vo er Komparserien wirken wollen. Unser
220 2435 494 2504 Holze sein.
496 2455 2403 2552 des Titelhelden, sondern auch um das Bei= Apparet kann nur Unzulängliches zum Ereig¬
216 2483 494 2567 werden mich,
498 2510 2396 2589 werk, die dramatiche Historie, innerhalb der nisse wer en lassen, und die Stafisten, die wir
509 2547 2397 2656 sich die Tragödie eben abspielt. Beide hängen am Samstag über die Bastei schreiten sahen,
200 2570 494 2659 vergebens ab¬
507 2614 2392 2704 mit einander so fest zusammen, daß eines machten die Schritte, die das Erhabene zum
211 2637 500 2712 Werk, den
504 2650 2398 2753 ohne das andere, wenn auch nicht unmöglich Lächerlchen wandet. Ein Schritt fährt vom
217 2690 499 2759 Bühne her¬
495 2710 2388 2802 wird, so doch verblaßt, entkräftet wird, an Er abenen zum Lächerlichen, schon der zweite
198 2737 494 2824 zulänglichkeit
495 2763 2396 2852 Bedeutung verliert. Denn Schnitzlers „Medar= Schritt aber zu jenem Wendepunkte, an dem
226 2794 485 2866 Wenn ich
486 2791 2401 2901 dus“ ist mehr eine sich dramalisch abwickelnde das Lachen der Heiterkeit in das schmerzliche
208 2830 488 2918 e des dicken
491 2865 2403 2961 Novelle, als tatsächlich ein Drama. Es ist wie Lächeln entsagungsvoller Einsicht übergeht.
193 2890 488 2968 m Samstag
496 2902 2397 2994 ein Tal. Dieses wirkt durch die Hänge der Und wo sich „ferner Kanonendonner“ aus den
196 2946 490 3018 rstaufführung
494 2951 2396 3057 Berge, durch die es geschnitten ist, — durch saniteren Vibrationen eines getrommelten
207 3001 490 3064 lernen ver¬
482 3000 2396 3112 seine Historie. Die Medardus=Tragödie wirkt Kalbsfelles mit der Wucht eines Kollayses in
191 3046 480 3119 rstaufführung
487 3062 2394 3161 nur wie der feine Silberfaden des Flusses, die drö neuden Schüsse eines Musketengeweh¬
199 3103 491 3179 künstlerischen
490 3113 2392 3215 der sich durch sein Tal schlängelt. Man nehme res wan elt, dort verlangen wir mit Recht
187 3150 483 3220 he zu treten.
495 3160 2394 3263 dem Silberfaden seine Bergeshänge, man zur Begründung unseres Nervenchoc's auch
189 3202 484 3272 hle ich mich
488 3223 1451 3287 nehme der Talschlucht den glitzernden Siber¬
1446 3236 2395 3305 die tragische Größe der Szene, in der er über
193 3248 487 3325 stag brachte
484 3259 1437 3349 faden: und das, was man den Reiz des Tales
1447 3298 2407 3360 uns hereinbrach. Wir erbeben nicht unter dem
199 3305 480 3372 Denn es ist
481 3321 1431 3388 nennt, hat aufgehört, zu sein. Es ist richtig,
1440 3339 2389 3416 brutalsten Knalle, wenn uns gezeigt wird,
179 3354 498 3425 ethes „Faust“
483 3375 1438 3436 daß sich Herr Paulmann redlich bemüht
1438 3385 2382 3455 daß er aus dem Zwange einer dem Leben
171 3390 1430 3513 d durch die hat, beiden Elementen, der Tragödie sowohl,
1436 3442 2396 3514 entnommenen Situation heraus erfolgt ist.
1434 3497 2400 3561 Aber der Knall kann tödlich wirken, wenn er
1422 3541 2424 3630 in einer Szene fällt, die eben jenes schmerz¬
2406 1868 3379 1944 liche Lächeln in uns geweckt hat. Es genügt
2411 1910 3376 1987 vollkommen, uns aufzuheitern, während man
2409 1979 3380 2042 uns tragisch stimmen will, daß man einige für
2403 2021 3377 2081 einen Fiakerball zu schlecht kostümierte Bur¬
2405 2065 3370 2137 schen jugendlichsten Alters über die Bühne
2402 2120 3381 2193 laufen läßt — mit der Unsicherheit eines, der
2401 2176 3372 2241 zum erstenmale im Dunkeln über eine fremde
2408 2235 3373 2295 Stiege geht. Daß man aber dann außerdem
2399 2278 3364 2342 von uns verlangt, ernst zu bleiben, wenn
2409 2330 3372 2398 man den ganzen Humor eines aus einer
2394 2380 3379 2449 Holzkanone abgefeuerten Schusses gegen unsere
2405 2426 3362 2505 besten Absichten ansahtren läßt, ist ein leicht
2399 2477 3362 2544 sinniges Spiel mit unserem ehrenwört ich be¬
2402 2534 3359 2593 krästigten Vorsatze, uns durch gar nichts aus
2403 2582 3374 2659 der Stimmung reißen zu lassen. Auch ist es
2398 2630 3369 2702 gewiß nur eine sehr billige Forderung, wenn
2392 2698 3371 2756 das Publikum verlangt, wenigstens bei einer
2398 2734 3366 2799 Beerdigungsszene nicht aus der konventionellen
2395 2776 3361 2852 Traurigkeit herausgerissen zu werden und
2399 2838 3362 2906 einen ehemaligen Prinzen von Valois — nur
2399 2894 3386 2971 nach heimischen „Concordia“=Normen — wenig¬
2411 2942 3211 3013 stens zweiter Klasse bestaltet zu sehen.
2482 2989 3374 3057 Doch genug. Wenn es möglich ist, auch
2398 3033 3046 3119 in Theaterdingen den Villen
3084 3047 3361 3119 einen frem¬
2398 3096 3358 3161 den Willen — für das Werk — das Werk
2393 3152 3370 3227 des Dichters — gelten zu lassen, so gelte denn
2398 3186 3364 3259 auch dieser gute Wille. Schade, daß er sich
2401 3246 3361 3318 mit dem Ehrgeize verband, ein Problem zu
2400 3295 3358 3372 lösen, das auch für Bühnen, die größer sind,
2395 3361 3361 3425 als die unsere, ein Problem bleiben muß.
2400 3400 3371 3464 Wir sollten unsere Größe innerhalb unserer
2396 3444 3361 3519 engeren Grenzen suchen. „Und schön ist nach
2393 3494 3196 3584 dem großen das schlichte Heldentum“.
3204 3546 3338 3632 —ch.
