3392 4384
1209 161 2974 283 meitre à son fils Medard lorsque celui- g homme Toccasion de rencontrer, an
1205 236 2093 315 di aura fini de remplir ses devoirs de
2095 260 2971 331 bord de la fosse, tous les membres de
1208 284 2089 345 soldat. L’excellente femme a aussi une
2094 297 2980 378 la noble famille française dont il s’est
1198 321 2077 404 fille, Agathe, dont nous apprenons bien¬
2094 348 2983 406 juré dobtenir vengeance. Or, le comte
1207 376 2085 430 töt qu'elle s’est gagné le ccur de l’uni¬
2090 394 2974 469 krançois a laissé une sceur, Hélène, dont
1201 425 2077 490 que fils du duc de Valois, mais que sa
2087 438 2973 503 la fiere beauté a tout de suite ému tres
1190 470 2092 528 mère lui a défendu de revoir ce prince
2085 485 2978 562 profondément le cceur passionné du
1200 505 2081 570 jusqu'au jour ou celui-ci, suivant sa
2087 530 2973 603 jeune libraire. Cependant celui-ci se
1197 554 2077 612 promesse, aura décidé ses nobles pa¬
2090 578 2968 648 croit tenu doutrager la belle princesse
1198 612 2075 669 rents à venir officiellement demander
2084 617 2971 699 en lui interdisant de jeter des fleurs
1196 643 2084 707 pour lui la main de la jeune fille. Nous
2081 670 2967 750 sur la tombe commune de François et
1190 694 2074 757 entendons Agathe s’entretenir de ses ré¬
2081 724 2961 790 d’Agathe. Un certain marquis de Va¬
1196 728 2061 806 ves et de son chagrin avec une amie,
2081 754 2970 832 lois, cousin d’Hélene et fort épris d’el¬
1195 790 2064 852 Anna Berger, qui de son côté est pas¬
2069 811 2967 876 Ie, S’empresse de provoquer l’imperti¬
1197 825 2060 899 onnément eprise du beau Médard;
2082 846 2956 913 nent; et la jeune fille lui promet de de¬
1190 866 2078 941 et nous faisons aussi connaissance avec
2083 901 2961 974 venir sa femme s’il parvient à le tuer.
1182 906 2075 986 Mee Klahr elle-mérne ainsi qu’avec son
2068 924 2955 1014 Mais le marquis de Valois ne parvient
1183 957 2065 1033 frère, le maitre-sellier Eschenbacher,
2069 988 2959 1075 qu'à blesser Son adversaire; sur quoi
1185 1017 2067 1067 dont la froide et méfiante sagesse bour¬
2062 1021 2959 1103 Hélène se décide tout de mème à épou¬
1189 1056 2067 1135 geoise contraste avec l’enthousiasme pa¬
2063 1078 2947 1150 ser son cousin, et puis, d’autre part,
1187 1103 2054 1170 triotique des autres membres de la fa¬
2069 1127 2949 1199 fait porter à Médard les fleurs qui ont
1185 1148 2067 1217 mille, convaincus de l’inévitable défaite
2070 1175 2947 1237 été l’origine du duel. Et Médard, grié¬
1174 1197 2066 1267 de Napoléon. Puis c’est Médard, le fu¬
2067 1208 2945 1282 vement atteint d’un coup d’épée dans la
1181 1234 2045 1294 tur héros du drame, qui avant de join¬
2062 1262 2946 1325 poitrine, n’en trouve pas moins la for¬
1178 1285 2055 1349 dre le corps de volontaires ou il s’est
2065 1306 2939 1379 ce de se trainer aussitôt jusqu’au pa¬
1173 1315 2052 1397 enrölé, a voulu dire adieu à sa mère et
2055 1351 2951 1418 lais du duc de Valois, d’escalader le
1177 1383 2049 1424 à sa sceur. D’autres figures encore en¬
2059 1400 2948 1467 mur du jardin et de venir tomber aux
1166 1403 2041 1488 trent et sortent, des voisins, des em¬
2058 1444 2945 1511 pieds de l’orgueilleuse Hélène, qui con¬
1170 1465 2040 1518 ployés de la librairie, chacun commen¬
2052 1488 2934 1541 sent à le cacher dans sa chambre du¬
1171 1508 2043 1577 tant à sa manière les graves événements
2052 1535 2929 1600 rant toute la nuit. Bientôt nous appre¬
1170 1543 2054 1627 politiques du jour; et tout ce premier
2049 1576 2929 1658 nons qu’elle est devenue sa maitresse,
1181 1599 2036 1664 tableau de la pièce nous apparait vrai¬
2045 1615 2931 1692 Let nous voyons bien que l'’amour en¬
1170 1656 2041 1711 ment un modele d’exposition théätrale
2045 1658 2931 1738 Hlammé qu'il éprouve pour elle trans¬
1169 1690 2040 1755 à la fois claire, rapide, colorée et vi¬
2038 1711 2931 1791 forme l’obscur boutiquier en une sorte
1165 1740 2041 1800 vante, ou à la peinture des caractères
2048 1757 2924 1831 d’Hamlet. qui s’en va promenant ses
1171 1793 2038 1848 particuliers de ses personnages l’auteur
2044 1792 2930 1873 réves parmi les alarmes, les angoisses,
1162 1832 2035 1887 a tres habilement entremélé celle des
2047 1843 2927 1914 les vaines résistances patriotiques de
1156 1869 2033 1943 sentiments généraux de la population
2039 1900 2928 1961 ses anciens amis. Mais elle, la mysté¬
1169 1917 2031 1987 viennoise pendant l’émouvante période
2038 1932 2922 2018 rieuse Hélène, qui tantôt le repousse et
1163 1969 2036 2027 qulil a entrepris de ressusciter. Soudain
2043 1976 2920 2056 tantôt recommence à l’attirer près de
1160 1998 2035 2077 la conversation des hôtes de Mre Klahr
2042 2033 2922 2097 soi, nous avons beaucoup de peine à
1156 2047 2031 2124 est interrompue par T’arrivée du comte
2042 2075 2924 2147 deviner les motifs de l’étrange affection
1166 2096 2034 2162 de Valois, qui annonce à la mère
2044 2115 2921 2190 qu'elle lui témoigne. Tout au plus pou¬
1162 2136 2029 2203 d’Agathe que ses parents ont enfin con¬
2031 2166 2906 2234 vons-nous supposer que, l’ayant d’a¬
1164 2193 2026 2253 senti à autoriser sa mésalliance; mais
2042 2211 2915 2279 bord accueilli par un simple caprice de
1167 2234 2025 2304 quelques mots échangés à mi-voix entre
2040 2263 2915 2323 sa perversité native, — ou peut-être na¬
1167 2276 2020 2344 Agathe et lui nous révelent qulil a. sim¬
2033 2300 2899 2354 tionale, car peu s’en faut que l’auteur
1158 2325 2020 2391 plement imaginé ce mensonge pour
2030 2352 2910 2423 ne nous montre en elle une incarnation
1161 2369 2027 2436 avoir accès auprès de son amie, avec la¬
2024 2403 2897 2457 symbolique de la grande dame françai¬
1152 2418 2025 2479 quelle il a résolu de s’enfur des ce mé¬
2024 2432 2958 2489 se. — elle imagine ensuite de se servir ##
1147 2454 2018 2522 me soir. — sans que, d’ailleurs, les pa¬
2022 2479 2907 2557 de lui comme d’un instrument pour la
1144 2503 2011 2564 roles des deux jeunes gens nous permet¬
2023 2531 2909 2612 réalisation d’une autre fantaisie qui
1150 2544 2015 2610 tent de deviner l’usage qu'ils comptent
2024 2567 2502 2632 s’est emparée d’elle.
1147 2585 1796 2648 faire ensuite de leur liberté.
2051 2601 2894 2686 Le fait est que, dans l’intervalle, Na¬
1184 2625 2013 2682 Second tableau. Ce mème soir, Mé¬
2024 2651 2899 2725 poléon est entré à Vienne; et bien que
1142 2670 2002 2740 dard est altablé avec ses nouveaux com¬
2018 2711 2900 2771 la jeune marquise de Valois soit obli¬
1144 2731 2001 2785 pagnons dans un cabaret du faubourg,
2018 2759 2896 2818 gée d’avouer à sa confidente qu’elle est
1140 2773 2009 2831 au bord du Danube. Les volontaires
2026 2802 2887 2863 prise d’amour pour l’empereur victo¬
1152 2820 2007 2878 vont avoir à se mettre en route, tout à
2014 2838 2894 2897 rieux, nous ne l’entendons pas moins
1140 2856 2002 2924 Theure, pour se réunir à l’armée de l’ar¬
2008 2882 2897 2949 promettre à Médard la continuation de
1137 2914 1995 2967 chidue Charles; et nous assistons à une
2019 2935 2921 3015 ses faveurs s’il réussit à lui aplanir
1139 2954 2005 3001 suite de rencontres, d’adieux, de discus¬
2015 2976 2895 3044 T’acces du tröne de France, en tuant
1146 3000 1995 3061 sions politiques et sentimentales, qui
2005 3021 2887 3089 Napoléon d’un coup de poignard. Le
1133 3039 2004 3097 achèvent de donner à tout ce prologue
2010 3063 2886 3137 jeune homme, il est vrai, se refuse avec
1122 3091 1997 3142 de la pièce de M. Schnitzler la portée
2005 3115 2891 3176 indignation à lui rendre un service tel
1126 3139 2004 3193 d’une évocation historique infiniment
2010 3166 2887 3229 que celui-lä. Mais voici que, des l’acte
1130 3173 2000 3242 attrayante. Mais pendant que Médard
2013 3200 2891 3259 suivant, nous le trouvons à Schcen¬
1130 3220 1996 3285 recommande à l’un de ses amis, boi¬
2011 3242 2880 3321 brunn, guettant le passage de l’empe¬
1123 3258 1995 3312 teux et forcément retenu à Vienne, de
2010 3293 2871 3357 reur avec un poignard caché sous son
1130 3309 1996 3375 veiller sur les relations de sa sceur avec
1998 3332 2872 3392 manteau; et si, en fin de compte, son
1119 3359 1996 3405 François de Valois, on amène dans le
2002 3378 2867 3450 poignard frappe Hélène elle-méme au
1129 3393 1987 3463 cabaret les cadavres d’un jeune couple
1996 3432 2876 3494 lieu de Napoléon, c’est seulement parce
1124 3439 1982 3491 dui vient de se noyer;et Médard recon¬
1994 3468 2864 3539 qu'il a découvert que sa bien-aimée est
1121 3492 1981 3548 nait sa chère Agathe et le prince fran¬
1988 3513 2877 3595 devenue la maitresse du tyran. Impos¬
1119 3541 1985 3591 çais. Un autre de ses amis, précisément,
1988 3560 2875 3630 sible de savoir, avec cela, si ce projet de
1123 3589 1978 3641 S’est plaint de ne pouvoir pas étre ad¬
1995 3602 2868 3679 tuer Napoléon lui a été inspiré par l’a¬
1115 3621 1973 3674 mis dans leur troupe, dejà trop nom¬
1990 3646 2868 3719 mour d’Hélène ou par celüi de sa pa¬
1110 3671 1981 3726 breuse: Médard obtient de lui qu'il
1991 3700 2874 3762 trie: car encore qulil ait, lui aussi, un
1116 3710 1978 3764 parte à sa place, tandis que lui-mème
1992 3740 2856 3812 econfidento, à la manière des tragédies
1115 3760 1979 3809 restera à Vienne et se consacrera avant
1994 3778 2867 3856 clasiques, il néglige tout àfait de nous
1113 3804 1975 3863 tout à venger la mort de sa sceur, vie¬
1993 3831 2855 3903 renseigner par cette voie sur ses inten¬
1116 3845 1980 3918 time de l’orgueil impitoyable du vieux
1988 3878 2851 3945 tions véritables. Condamné à mort, il
1113 3898 1912 3966 duc de Valois et de toute sa maison.
1985 3928 2866 4002 apprend du général Rapp que l’empe¬
1976 3962 2856 4048 pereur lui accorde sa gräce, la police
1142 3960 1971 4039 Ainsi se termine un e prologues dont
1977 4003 2858 4084 ayant constaté qu’Hélène, sa victime,
1102 4026 1971 4093 la représentation ne doit pas durer
1974 4049 2851 4125 avait formé le dessein de tuer de sa pro¬
1101 4075 1959 4128 moins de trois quarts dheure ct qui,
1983 4096 2851 4152 pre main l’usurpateur qu’elle aimait:
