3344 4256
1774 192 3176 262 hören, daß das Burgtheater mit den besten Wiener Autoren zerfaller
1766 240 3179 293 ist, daß Wiener Stücke von Bedeutung in Berlin ihre Urpremiere
1768 292 3181 353 erleben. Unsere heimische Produktion soll sich über das Burgtheater
1767 344 3180 389 nicht beklagen können. „Medardus“ sollte und mußte meiner Ueber¬
707 347 1089 448 „OBSERVER“
1760 391 3182 429 zeugung nach am Burgtheater zum ersten Male Leben und Gestalt ge¬
670 414 1133 538 I. öaterr. behördl.
1764 435 3176 500 winnen — auch wenn der Ersolg nicht ein so bedeutender wird, wie er
1775 483 3174 564 sich um zu meiner Freude und der des gesamten Burgtheaters tat¬
709 485 1076 573 Konzessionirtes
1769 532 2231 599 sächlich eingestellt hat.
798 545 991 617 Bureau
1869 560 3171 630 Und noch eine besondere Genugtuung empfindet Baron Berger im
660 592 1097 681 für Zeitungsnachrichten¬
1771 621 3158 684 Anschluß an den glücklichen Premierenabend: daß er mehreren „kleinen“
793 651 990 718 Wien, 1.
1771 665 3170 738 Schauspielern, die Jahre lang keine Gelegenheit hatten, sich irgendwie be¬
1065 649 1734 762 Femdenblatt, Wie
693 689 1079 774 Konkordlaplatz 4
1763 728 3177 790 mezkbar zu machen, hübsche Erfolge brachte. Die vielen Wiener Volkstypen,
1762 764 3168 840 dieedw auf die Beine gestellt werden, um irgend ein Wiener Temperament
1126 745 1626 882 27.HONERBER 1910
1769 827 3172 878 zu reptäsentieren, haben dieses oder jenes lustige Wort zu sagen, das
1762 871 3171 933 allerdings nur wirkt, wenn man es mit der richtigen Nuanzierung
1770 915 3182 973 herausbringt und in passendem Tempo. Wie glücklich waren nun
678 913 1618 1018 Aus der Theaterwelt. 3
1770 961 3178 1013 diese kleinen Leute des Burgtheaters, als man über sie lachte! Ueber
325 995 1748 1063 (Aus den Tagen der Vorbereitung von Schnitzlers „Der junge
1760 1012 3167 1072 jeden halben Satz, den sie sprachen! Man entdeckte auch einmal im
334 1049 1745 1103 Medardus“ im Burgtheater.— Der erste Kostenvoranschlag
1761 1066 3164 1134 Burgtheater eine Reihe kleiner liebenswürdig=komischer Begabungen.
343 1092 1748 1145 und sein Schicksal. — Baron Berger und sein Verhältnis zur Wiener
1758 1116 3175 1186 Baron Bergers Theaterführung konnte bald herausfinden, wieso diese
335 1144 1755 1202 Produltion. — Dialekt und Schauspielkunst, und wie sie sich zu
1771 1155 2782 1236 Leute plötzlich sich selbst zu übertreffen vermochten.
343 1180 713 1237 einander verhalten.
707 1180 1682 1232 — Eine historische Reminiszenz des Herrn Thimig.
1662 1192 1732 1249 .—
1881 1212 3162 1276 „Der Dialekt ist es,“ meinte der Direktor, der die schau¬
335 1221 1761 1281 Die Theaterdirektoren und die letzten Bühnenprozesse. — Wie
712 1271 1379 1340 Direktor Jarno darüber denkt.)
1761 1272 3166 1335 spielerischen Kräfte, die in einem Menschen stecken, wie mit einem Zauber¬
1761 1314 3171 1386 stab entbindet! All die kleinen Leute, denen „Medardus“ die Zunge
448 1313 1748 1383 Im Burgtheater berrscht gehobene Stimmung. Die warme
1766 1360 3178 1433 gelöst hat, sind Oesterreicher. Das Milieu des Stückes erlaubt nun den
343 1342 1747 1436 Anerkennung, die das große Werk der Darstellung einer so anspruchs¬
1763 1427 3170 1475 meisten Darstellern, die Sprache mehr oder minder leicht wienerisch zu färben
338 1417 1753 1488 vollen Dichtung, wie es Schnitzlers C,Der junge Medardus“ ist, beim
1822 1464 3172 1515 und das beflügelte ihr Können, das machte sie plötzlich frei! We
337 1472 1744 1529 Publikum und bei der Krilik gefüngen, hat das Selbstbewußtsein der
1759 1511 3176 1582 leicht ist es doch eigentlich, im Realismus zu glänzen. Ich habe einmal
336 1524 1743 1579 Kleinen und der Großen des Hoftheaters gehoben, das schon manch
1775 1556 3170 1612 einen gewagten Witz gemacht. Es war zur Zeit der ersten „Weber“¬
340 1573 1747 1633 hartes Urteil — das wäre aber nicht das Aergste — und manch be¬
1773 1607 3172 1665 Vorstellungen, da man von der neuen Richtung schwärmte wie von einer
345 1619 1752 1682 schämenden Vergleich hat über sich ergehen lassen müssen. Diesmal be¬
1761 1664 3175 1720 neuen Sonne. Und da sagte ich, ich getraue mir mit Leuten, die die
337 1675 1745 1731 gegnen sich alle, die bei dem Unternehmen mittaten, in der Ueberzeugung,
1778 1707 3176 1758 Polizei bei ihrer „Razzia“ zusammenfange und mir zur Verfügung
334 1718 1748 1779 daß keine zweite Bühne Deutschlands eine solche Leistung zustande zu
1776 1753 3157 1812 stelle, in ein paar Tagen eine gute, eine famose Aufführung der „Weber“
336 1762 1750 1813 bringen vermag. Künstlerisch und technisch reichen die Mittel keiner
1756 1806 3180 1866 zustande zu bringen. Die Leute brauchen nur ihren Dialekt herauszue
342 1807 1750 1876 anderen Bühne an die Kräfte heran, die das Burgtheater zur Bewälti¬
1768 1857 3182 1907 tehien. Doch Scherz beiseite: Unter den Italienern findet man viele und
330 1845 1756 1919 gung der jüngsten Aufgabe aufgewendet hat, die es sich gestellt. Es sind
1772 1899 3177 1948 so große Schauspieler, weil bei ihnen keine so weite Kluft gähnt
342 1909 1755 1974 merkwürdige Schicksale, die Schnitzlers „Medardus“ im Burgtheater
1761 1945 3169 2002 zwischen Volkssprache und Schriftsprache. Das ist die geheimnisvolle
338 1951 1754 2017 erlebte. Es ist ja bekannt, daß der Dichter das Stück schon dem
1769 1993 2212 2062 Kraft des Dialekts!
2999 1995 3171 2051 #ndene
342 2003 1751 2051 Direktor Hofrat Schlenther eingereicht hatte. Es entwickelte sich eine
1861 2036 3175 2117 Metkwürdig war, daß Dichter, Direktor und Regisseur — es war,
341 2058 1755 2114 überaus langwierige Korrespondenz über Streichungen oder Aenderungen, die
2496 2088 3171 2159 sich von vorneherein über die
1762 2087 2429 2161 wie bekannt, Hugo Thimig;
341 2104 1747 2157 der Direktor dem Versaffer empfähl. Diese Korrespondenz umfaßt ein
1772 2142 3184 2205 Wirtung jedes einzelnen Bildes klar waren und daß sie sich in ihrer
334 2159 1752 2214 dickes Faszikel von Bogen, mit Schreibmaschinenschrift bedruckt; denn
1772 2194 3173 2242 Annahme durch die Premiere nicht desavouiert fühlten. Man hatte das
341 2206 1752 2262 es war ganz merkwürdig: Obgleich Schnitzler zu jener Zeit stets in
1763 2240 3170 2297 Publikum ausnahmsweise erraten. Kritisch waren Baron Berger und
339 2250 1751 2291 Wien weilte und der Burgtheaterdirektor auch — verhandelten sie nie
1767 2292 3170 2345 Thimig — aber auch zum Teile Schnitzler selbst — nur bezüglich jener
333 2297 1742 2368 veriönlich miteinander. Nicht einmal telephonisch — wo ein Wort ost
1767 2336 3174 2395 Stelle des Dramas, da Medardus morgens aus dem Park der Valois
334 2351 1746 2414 ganze Bogen blauer Maschinschrift erspart hätte! So ging die „Medardus“¬
1762 2389 3171 2432 tritt und dem Freunde sofort erzählt, er habe die Nacht im
338 2400 1747 2459 Angelegenheit, auch nachdem der Dichter die Kürzung vollzogen hatte,
1765 2430 3172 2499 Zimmer der Prinzessin Helene zugebracht, und nicht allein derlei darf
332 2443 1747 2498 kaum vom Flecke. Und als die Schlenther=Krise kam und als Baron
1761 2480 3173 2536 sich der Held eines Stückes nicht erlauben, ohne Gefahr zu laufen, das
337 2488 1746 2550 Berger seinen Einzug in die Kanzlei hielt, da übergab ihm Schlenther
1772 2529 3169 2585 Interesse des Publikums zu verlieren, weil er der Verachtung verfällt.
340 2542 1757 2591 das Manuskript des „Medardus“ mit den Worten: „Ich übermittle
1768 2578 3174 2640 Und in der Tat — bier schien auch den Darstellern, die von der Bühne
341 2583 1748 2650 Ihnen hier ein eingereichtes, aber von mir noch nicht angenommenes
1762 2639 3176 2692 aus zuhorchten — die Stimmung des Publikums gefährdet. Allein der
336 2641 1753 2694 Stück. Ich habe Ihnen diesbezüglich nicht präjudiziert.“ Freiherr von
1765 2678 3170 2730 kritische Punkt wurde überwunden — und nachher ging alles gut. Nun
335 2684 1755 2745 Berger machte sich sofort an die Lektüre des Stückes, und sein Beschluß
1766 2725 3177 2782 atmen die Damen und Herren des Burgtheaters auf — nun gibt es
329 2732 1757 2796 war bald gefaßt. Nur wollte er Fühlung nehmen, wie die Behörde sich
1764 2774 3174 2840 keine Sorge mehr für das Schicksal des „Medardus“; vor allem aber
331 2781 1753 2850 mit Beziehung auf das finanzielle Moment zu der Sache stellen würde.
1773 2825 3181 2874 gibt es keine Proben mehr, die bis 3 und 4 Uhr nachmittags währen.
343 2829 1749 2876 Das war noch im vergangenen Spieljahre. Dr. Schlenther hatte einen
1766 2875 3180 2931 Das waren böse Zeiten. Viele Mitglieder fuhren gar nicht mehr nach
346 2866 1741 2928 spezifizierten Kostenvoranschlag zurückgelassen, der im Vereine mit sach¬
1760 2918 3182 2981 Hause, wenn sie in der Abendvorstellung zu tun hatten — und verbrachten
341 2919 1752 2975 verständigen technischen Organen aufgestellt worden war. Der neue
1773 2965 2477 3030 so den ganzen Tag im Dienste ...
333 2968 1752 3019 Direktor erschrak förmlich vor der Riesenziffer, die ihm da entgegen¬
1854 3012 3174 3076 Uebzigens — bei allem Ernst, der bei den Proben herrschte, ging
339 3018 1751 3082 starrte. Er brauchte darüber nicht im geringsten in Zweifel zu sein:
336 3063 1750 3149 Unter solchen Umständen werde die Theaterbehörde ihre Zustimmung
1774 3068 3172 3122 der Hämox, doch nicht ganz leer aus. Unter den Darstellern, die Wiener
339 3124 1752 3187 zur Aufführung nicht geben. Und in der Tat: Es wurde abgelehnt,
1760 3116 3169 3185 Figusenm Grund“ zu geben hatten, befand sich auch Herr Baum¬
342 3173 1740 3238 für die Novität so viel Geld zu riskieren. Baron Berger war
1763 3169 3177 3225 ga###der gediegene Darsteller für Episoden, die ins komische
335 3213 1498 3288 diese Entscheidung nicht einmal so unangenehm.
1499 3214 1756 3283 Denn er
1766 3216 3172 3285 Chaxattes#achschlagen. Man kann sich vorstellen, daß bei einer so
1757 3256 3173 3331 großen Anzahl von Personen die Bühne immer reich bevölkert war;
342 3267 1485 3311 wollte selbst nicht, daß ein Dichterwerk mit einer
1492 3259 1750 3331 so großen
1767 3306 3181 3365 eine der ersten, und keineswegs der leichtesten Aufgaben des Regisseurs
348 3305 1748 3373 finanziellen Verantwortung belastet werde. Er nahm den Kosten¬
1764 3362 3174 3413 Thimi###war es unter solchen Umständen, dafür zu sorgen, daß die
338 3357 1741 3424 voranschlag einfach auf seine Ferien mit, studierte ihn genau,
1772 3405 3179 3460 Szene für die Hauptpersonen immer freigehalten bleibe, namentlich die
334 3405 1751 3456 leitete eine umfassende Korrespondenz darüber ein und bewirkte so nach,
1772 3453 3175 3514 Mitte. Nun sab er zu seiner Verwunderung fast immer, wenn sein
337 3456 1746 3511 und nach im schriftlichen Kontakt mit den Künst ein und Lieferanten
1765 3504 3182 3571 Blick in'der Richtung der Achse der Bühne ging, die kletne Gestalt des
343 3506 1748 3575 daß die Kosten für „Medardus“ nahezu auf die Hälfte reduziert
1765 3556 3180 3605 Herrn Baumgarine= mitten auf der Szene, vor der Rampe, aufge¬
344 3566 1744 3619 wurden. Sie waren dabei noch immer recht bedeutend. Mit dem solcher¬
1766 3598 3058 3659 pflanzt. Da raffte er sich zu einer Art historischen Ansprache auf:
347 3617 1747 3666 ait rekt fizierten Kostenvoranschlag war die Theaterbehörde einverstanden,
1882 3654 2506 3727 „Verehrter Herr Baumgartner!“
342 3658 1742 3719 er wurde genehmigt und somit stand der Annahme des „Medardus“
2596 3642 3174 3722 rief Regisseur Thimig zur
348 3703 804 3775 nichts mehr im Wege.
1773 3686 2070 3765 Bühne hinauf
2149 3700 3177 3769 „es sind nun genau 34 Jahre und 3 Monate, daß
453 3723 1750 3816 „Ich habe das Stück angenommen,“ äußerte sich Direktor Baron
1763 3750 3171 3805 Ihnen der damalige Direktor des Burgtheaters Freiherr v. Dingel¬
336 3802 1747 3859 Berger dieser Tage zum Schreiber dieser Zeilen, „obgseich ich nicht
1777 3803 3179 3867 stedt bei der Probe für ein Shakespeare=Stück die Worte zurief, die
345 3853 1746 3914 die Sicherheit eines Erfolges sah. Aber ich erkannte die Möglich¬
1771 3850 3174 3911 seither Flügel bekamen und in jeder Dingelstedt=Biographie Aufnahme
1765 3901 3170 3966 gefunden haben: „Lieber Herr Baumgartner — sagte Ihnen damals
346 3896 1747 3947 keit. Ich gewann die Ueberzeugung, daß nach Streichung dieser und
1773 3944 3167 4000 der Baron — der Platz vor dem Souffleurkasten ist für die k. und k.
346 3943 1757 4013 jener überflü sigen Stelle und bei darstellerischer Ausschöpfung aller
347 3992 1757 4045 poetischen Wirtungen, die in dem Stücke liegen, die Möglichkeit eines
1768 3990 3184 4061 Hosschauspieler reserviert. Das sind 34 Jahre und 3 Monate und Sie
344 4043 1754 4109 Ertolges winke, Die starke Mö lichkeit. Und dies genügte mix voll¬
1768 4039 3179 4112 stehen, lieter Herr Baumgarlner, noch immer vor dem Kasten — wie
339 4079 1984 4167 kommen. Ich sagte mir, der kranthafte Zustand müsse endlich auf= damals.
