3296 4256
909 166 989 240 M
185 177 1354 271 22. Deudardus
1206 762 1536 850 Telephon 12.801.
1251 853 1344 932 46
641 903 1284 1004 „ODSERTER
435 988 1537 1047 1. österr. behördl. konz. Unternahmen für Zeitungs-Ausschnlltte
621 1041 1369 1098 Wien, I., Concordiaplatz 4.
847 1089 1154 1161 Vertretungen
441 1136 1542 1216 in Berlin, Basel, Budapest, Chicago, Cleveland, Christiania,
434 1194 1545 1250 Genf, Kopenhagen, London, Madrid, Mailand, Minneapolis,
429 1232 1546 1303 New-Vork, Paris, Rom, San Francisco, Stockholm, St. Peters¬
846 1270 1144 1326 burg, Toronto.
763 1308 1208 1372 (Quellenangabe ohne Dewähr).
431 1362 828 1445 Ausschnitt aus
503 1401 1559 1511 7 12. 1910 Libfarissses Contralblatt, Lolpziz
433 1492 584 1553 vom:
500 1544 1234 1637 Serenten sen  erene, eren en
496 1611 1007 1691 von getssser Bedeutung.;
1239 1664 1603 1744 F. E. Willmann.
567 1766 1640 1820 Die Kenner und Schätzer der Muse Arthur Schnitzlers
485 1814 1646 1859 haben eine große Ueberraschung und Enttäusche¬
497 1860 1644 1924 Der Dichter pikant=sentimentaler „süßer Mädl“=Geschichten,
494 1900 1639 1955 dem sie vor allem stets die Innerlichkeit seiner Schöpfungen,
488 1954 1633 2008 die psychologische Vertiefung der von ihm geschaffenen Ge¬
504 1999 1641 2053 stalten und Vorgänge nachrühmten, ist diesmal mit einem
493 2053 1633 2095 Werke auf dem Plane erschienen, das lebhaft an die bereits
494 2097 1635 2145 überwunden geglaubten Zeiten der Mühlbach, Dumas und
489 2143 1638 2196 Sardou gemahnt. Der junge Medardus wird von dem Verf.
488 2192 1644 2240 als „dramatische Historie“ bezeichnet: in Wahrheit ist es ein
498 2236 1643 2290 dramatisierter Kolportageroman mit historischem Hintergrunde
486 2277 1635 2355 oder auch ein historisches Wandelpanorama als Umrahmung
480 2341 1646 2397 romanhafter Vorgänge. Das Stück zerfällt in eine endlose
489 2384 1640 2442 Reihe von Szenen (so wird es auf der Bühne des Wiener
484 2431 1633 2486 Burgtheaters dargestellt) und hat übermäßige Dauer. Bis¬
490 2478 1634 2541 her war es nur Goethe und Richard Wagner gestattet, den
479 2524 1639 2561 Theaterabend in so außerordentlicher Weise zu verlängern:
484 2575 1640 2629 nun ist als dritter Arthur Schnitzler dazugekommen. Aber
478 2614 1640 2663 der Unterschied in dem Dargebotenen macht sich doch etwas
482 2667 1628 2728 stark fühlbar. Gewiß sind die Ereignisse des Jahres 1809,
485 2709 1627 2768 da Napoleon vor den Toren Wiens stand und im Schön¬
486 2763 1640 2823 brunner Schlosse als Sieger einzog, voll Interesse, zumal
482 2810 1628 2861 für das Wiener Publikum selbst. Doch hat der Verf. die
485 2860 1625 2907 eigentlichen historischen Persönlichkeiten (mit unbedeutenden
486 2894 1625 2956 Ausnahmen) gar nicht vorgeführt, woraus wir ihm übrigens
483 2950 1623 2995 durchaus keinen Vorwurf machen, sondern nur in ganz all¬
475 3001 1629 3053 gemeiner und unzulänglicher Weise ein Bild jener bewegten
476 3049 1622 3094 Tage zu geben gesucht. Im Vordergrunde stehen die von
473 3094 1626 3152 ihm im wesentlichen frei erfundenen Gestalten, für deren
472 3141 1625 3189 Gehaben und Schicksale wir uns beim besten Willen nicht
485 3189 1621 3250 erwärmen können. Zumal der Titelheld, der stets auf
475 3233 1627 3279 halbem Wege zandernd stehen bleibt und wirklich nicht zu
479 3286 1629 3348 wissen scheint, was er eigentlich will, ist ein recht uninter¬
473 3333 1626 3391 essanter Jüngling, mit dem der Zuschauer absolut nichts
479 3386 1630 3439 anzufangen weiß. Man könnte ihn kaum zutreffender
470 3429 1617 3484 charakterisieren, als es in dem Stücke selbst geschieht durch
474 3477 1616 3535 die Aeußerung seines Freundes Etzelt: „Gott wollte ihn zum
477 3526 1625 3574 Helden schaffen, der Lauf der Dinge machte einen Narren
478 3569 1617 3618 aus ihm." Das Publikum bekommt freilich fast nur den
477 3616 1618 3671 letzteren zu sehen. Sein Heldentum ist ebenso schwankend
475 3671 1624 3720 und ungewiß wie sein Verhältnis zur ehrgeizigen Tochter
474 3711 1628 3761 des französischen Thronprätendenten Valois, das fortwährend
467 3803 1631 3865 pendelt. Alle diese Personen, die uns in endloser Reihe
471 3852 1637 3923 vorgeführt werden (der Theaterzettel weist ihrer gegen achtzig
1505 159 1969 245 box 26/6
1673 771 2827 840 auf) kranken an dem Hauptgebrechen, daß sie mit geringen
1682 819 2835 887 Ausnahmen nicht den Eindruck der Wahrheit und Echtheit
1683 877 2826 935 machen. Viele von ihnen tragen ihre Meinungen und Gefühle
1674 921 2838 961 mit großem Pathos vor und machen sich gleich darauf über
1673 962 2827 1013 das, was sie gesagt haben oder über sich selber lustig. Was
1677 1010 2832 1072 der biedere Sattlermeister Eschenbacher (nebenbei bemerkt,
1671 1059 2823 1111 eine der lebenswahrsten, dem historischen Vorbilde nachge¬
1681 1100 2826 1154 bildeten und von H. v. Balajthy in unübertrefflicher Weise
1673 1158 2830 1205 dargestellten Figuren des Stückes) von seinem Neffen
1665 1200 2821 1268 Medardus behauptet, daß er nämlich „kaum geschaffen ist,
1660 1256 2823 1302 andres zu erleben als den Klang von Worten“, das gilt
1674 1292 2819 1347 durchaus nicht von ihm allein. Man hört Worte, nichts
1669 1347 2824 1392 als Worte. Was soll man ferner zu den Reden der zum
1676 1388 2830 1446 Abschiedsgelage versammelten Studenten sagen? Haben
1671 1435 2822 1484 deutsche Studenten, die den nächsten Tag ins Feld gegen
1679 1486 2827 1543 den großen Tyrannen und Bedrücker ihres Vaterlandes¬
1675 1544 2809 1599 ziehen sollen, jemals in so frivoler Weise mit den heiligsten
1674 1586 2799 1654 Gefühlen Spott getrieben? Wir sollen das natürlich Alles
1671 1638 2802 1689 nur für Spaß und Ausfluß übereiliger Weinlaune nehmen;
1661 1686 2812 1733 aber derlei Späße machen einen recht bedenklichen Eindruck
1671 1726 2820 1775 und zeugen jedenfalls nicht vom besten Geschmacke ihres Ur¬
1664 1776 2817 1837 hebers. Überhaupt kommt die Wiener Bevölkerung jener
1662 1823 2816 1884 gefahrvollen Tage bei H. Schnitzler recht schlecht weg. Wenn
1667 1883 2808 1938 man sie nach den im „jungen Medardus“ vorgeführten zahl¬
1665 1919 2818 1964 reichen Typen beurteilen wollte, so bestand sie zum größten
1657 1960 2817 2011 Teil aus einer Schar neugieriger Maulaffen, politischer
1660 2012 2802 2060 Wetterfahnen und Jünglingen. Das Stück ist also wahr¬
1657 2060 2821 2108 haftig kein patriotisches Stück, wenn es sich auch durch das
1654 2106 2803 2175 Absingen patriotischer Lieder u. dgl. den Anschein eines
1663 2150 2808 2210 solchen gibt. Es hat gar nichts Erhebendes wohl aber
1661 2205 2812 2250 sehr viel Niederdrückendes. Daß die Schnitzler'sche Novität,
1660 2253 2808 2307 obzwar sie keinerlei literarischen Wert besitzt, dennoch am
1659 2298 2823 2348 ersten Abend einen sehr geräuschvollen äußerlichen Erfolg
1660 2344 2814 2391 fand, war eine für jeden Kenner der in Betracht kommenden
1661 2390 2806 2450 Verhältnisse von vornherein feststehende Tatsache. Setzt sich
1656 2444 2806 2498 doch das Premièren=Publikum der Wiener Theater zum
1653 2491 2808 2544 größten Teil aus jenen dem Verfasser sehr nahestehenden
1655 2532 2814 2600 Kreisen zusammen, die aus einem wirklich nachahmenswerten
1666 2587 2807 2644 Solidaritätsgefühle kaum jemals Einen der Ihrigen fallen
1656 2612 2813 2692 lassen, und hatte doch auch die maßgebende Wiener Presse
1656 2669 2812 2736 schon wochenlang vorher die Reklametrommel für das bevor¬
1655 2725 2805 2775 stehende große Ereignis gerührt. Gleichwohl konnte man
1654 2767 2805 2831 den Berichten der halbwegs auf ihre literarische Reputation
1658 2816 2806 2867 bedachten Kritiker deutlich den Zwang anmerken, weil dem
1652 2866 2804 2923 sie ihre innere Überzeugung von dem Unwerte des jüngsten
1652 2915 2805 2974 Bühnenwerks Arthur Schnitzlers mit der Rücksicht auf den
1648 2959 2806 3010 von ihnen stets als großen, wo nicht größten Dramatiker
1652 3006 2796 3073 unserer Tage gepriesenen Dichter in Einklang zu bringen
1644 3057 2794 3118 suchten. Bei Feststellung der Ursachen des äußeren Erfolgs
1653 3100 2803 3162 der Première darf schließlich auch nicht der ungeheuren
1653 3150 2801 3207 Leistung des Burgtheaters vergessen werden. Künstler,
1648 3202 2797 3248 Regisseur und Dekorateur haben für die Novität, die in
1643 3244 2801 3297 jeder Richtung übermäßige Anforderungen an ein Theater
1648 3294 2795 3346 stellt, mehr Mühe und Arbeit verwandt, als wohl jemals
1636 3344 2800 3389 einem andern zeitgenössischen Dichter an dieser bevorzugten
1639 3396 2795 3446 Stätte zuteil geworden ist. Und so kommt jedenfalls die
1644 3429 2785 3496 Schaulust des großen Publikums bei der fünfstündigen Vor¬
1645 3484 2786 3528 stellung nicht zu kurz, wenn auch diejenigen, die im Burg¬
1641 3529 2801 3576 theater Genüsse höherer Art suchen, das Haus an Geist und
1642 3576 2797 3634 Gemüt gänzlich unbefriedigt, aber dafür körperlich totmüde
1642 3618 1844 3682 verlassen.
2448 3637 2752 3727 Carl Seefeld.
