3344 4224
1574 150 2022 241 box 26/5
251 150 1428 248 22. Der—junge Nedandus
804 1769 1780 1845 BBEU—
980 1834 1978 1892 stürmischen Freundes. Herr Balajthy gab den
814 1843 1974 1925 Küffg strammen Bürger Eschenbacher, dessen Opfer man aller¬
982 1926 1976 1977 dings nicht begreifen konnte, auf seinem Totengange
803 1941 952 2019 16
971 1972 1975 2032 mit ergreifender Schlichtheit. Herr Hartmann als
980 2015 1979 2073 blinder Herzog von Valois repräsentierte den stolzen
812 2005 972 2084 impfe
975 2059 1981 2109 Anwärter des Thrones, wie den unglücklichen Vater mit
968 2099 1975 2156 Noblesse und Würde. Der General Rapp des Herrn
807 2107 1964 2200 AlGReimers gewann mit der Urbanitit seines Wesens
803 2169 1970 2255 hirme alle Sympathien. Besondere Auerkennung verdienen noch
976 2223 1967 2295 die glänzenden Episoden der Herren Straßni (ur¬
981 2274 1561 2327 alter Herr) und Arndt (Arzt).
800 2264 978 2350 #Warel
1055 2311 1977 2376 Die Regie führte Herr Thimig. Es war eine
982 2356 1967 2411 gigantische Arbeit, die eine glänzende Lösung fand. Auch
795 2362 1957 2454 10116 die Hingebung der Darstellung, die ausnahmslos ihr
958 2444 1967 2515 Bestes gab, verdient volle Anerkennung. Kein zweites
802 2448 953 2517 ichen
972 2494 1967 2532 Theater wäre imstande, mit einer solchen Darstellung und
806 2498 947 2576 hotten
973 2528 1971 2587 solchen dekorativen Leistungen die schwere Aufgabe zu
797 2567 959 2627 hänge
976 2574 1656 2627 lösen, die ihm der Dichter gestellt hat.
800 2614 863 2666 N
1040 2616 1975 2690 Die Dichtung, die an vielen Stellen starke Wirkung
784 2652 917 2706 ans
969 2664 1957 2728 erzielte, leidet an Hypertrophie der Phantasie und
959 2712 1967 2766 Gestaltungskraft, wodurch das Ganze ins Uferlose
973 2755 1971 2809 wuch“ und die harmonische Ausgestaltung einer einheit¬
785 2766 890 2814 en
971 2796 1970 2859 lichen Handlung einschränkte. Die szenische Fährung und
795 2806 904 2866 dero
972 2843 1972 2888 das von dichterischem Hauch durchdrungene Wandelbild
791 2852 959 2921 istände
977 2889 1962 2934 großer Ereignisse sichern ihr aber das Interesse des
771 2912 1198 2993 Auswall. Publikums.
1583 2928 1958 3016 V. Chiavacci.
2024 1799 2197 1867 Sprache.
2076 1832 2888 1907 Abg. Kraus bezeichnete als die Ursack
2016 1890 2871 1936 vorhandenen Wohnungsnot die durch die hohe
2006 1932 2883 1990 zinssteuer hervorgerufene geringe Bautätig
2006 1979 2864 2020 Heute seien die Wohnungen so teuer, daß der
2006 2005 2879 2057 Teil des Einkommens durch die Miete aufgebracht
2003 2051 2879 2101 Der Hausbesitz habe heute faktisch. unter sehr ungi
2008 2081 2889 2146 Verhältnissen, insbesondere in den kleineren Städ¬
2005 2124 2883 2181 leiden. Die Verzinsung des investierten Kapitals
2017 2164 2796 2212 heute meist nur zwei bis drei Prozente, so
2007 2205 2883 2250 Kapital sich vom Hausbesitz fast gänzlich abwende.!
2007 2238 2878 2292 besprach eingehend die Verschlechterung der Las
2015 2273 2834 2317 Hausbesitzes in Böhmen innerhalb der letzten
2015 2317 2879 2379 Jahre. Um der Wohnungsnot wenigstens teilweis
2004 2354 2874 2401 helfen, haben sich in erfreulicher Weise die Ge¬
2011 2398 2864 2453 vertretungen bemüht, Baugründe zu kaufen und
2007 2431 2881 2503 billigen Preisen an die Bauunternehmungen abz
2013 2473 2868 2525 Die heutige Wohnungsnot könne aber nur dus
2012 2513 2878 2576 Ermäßigung der Hauszinssteue
2010 2553 2863 2604 mildert werden. Heute werde am meisten die de
2017 2590 2867 2637 Bevölkerung geschädigt, weil ihre Steuerleistung a
2015 2627 2878 2681 dem Gebiete der Hauszinssteuer größer ist als d
2014 2671 2861 2720 Tschechen. Einmütig müsse sich das Haus seinem“
2012 2684 2870 2758 anschließen, daß die erste Lesung des Gesetzen
2008 2743 2850 2797 über die Reform der Gebäudesteuer baldigst st
2010 2779 2866 2854 (Lebhafte Zustimmung.) Der Gesetzentwurf müss
1999 2822 2841 2876 derart geändert werden, daß die Verhältnisse
2013 2869 2854 2932 eine Besserung erfahren. (Lebhafter Beifall und
2005 2896 2182 2957 klatschen.)
2094 2933 2768 2995 Die Verbandlung wurde abgebrochen.
