3344 4256
916 150 991 217 M
1517 143 2003 247 box 26/5
204 147 1373 262 22. Denjunge nedandus
1457 1223 3285 1291 Beim Leichenbegangnis der beiden Liedesöpfer. Tschrei es durch den Flur und lasse den
389 1219 1409 1317 Zu ihrem Unhen begegnen sich im damatigen
285 1264 3288 1364 Wien zwei Familien von sehr ungleichem gesellschaft die nie könnte das in Wirklichkeit geschehen sein! und die Herzogin und zerre die P#
1437 1330 3265 1404 unter der Anwesenheit beider Familien und deren laus dem zerwühlten Bett,
290 1336 1399 1412 lichem Range: die des Buchhändlers Klähr, der
1387 1361 2823 1460 Freundschaften in einem gemeinsamen Grabesdie Treppe.
287 1390 1399 1475 aber schon vier Jahre vorher, als die Franzosen
2560 1395 3279 1492 Ein lieber Narr! Und dabei hat
1385 1422 2494 1507 gebettet werden, beleidigt der Rappelkopf die
291 1433 1411 1512 zum erstenmal in Wien waren, im Zusammenhange
2462 1465 3293 1547 sperson, wie schlecht sie auch sein ma
285 1468 2484 1550 mit diesem Ereignis seinen Tod gefunden hat, und Schwester des mit seiner Schwester vereint gestor¬
2473 1516 3285 1585 noch nichts getan, als ihm ein paar
286 1527 2477 1613 die des verjagten, körperlich und geistig erblindeten benen Prinzen und reizt einen anderen Verwandten
2475 1565 3291 1626 Liebesworte gesendet! Tantaene anin
288 1587 2479 1664 Herzogs von Valois, der von den fortgesetzten Siegen derselben, den Marquis Bernard von Valois, zum
2471 1607 3309 1675 sibus irac? Die Gelegenheit zur Auss#
300 1631 2476 1708 Napoleons dessen baldigen Sturz und seine eigene Duell. Das sind zwei Personen, deren Standesbe¬
2481 1652 3285 1728 schnöden Vorhabens ergibt sich bald; a
295 1669 2489 1742 Erhebung auf den Thron Frankreichs erwartet. In griffe er sich wohl vorstellen kann, die aber doch
2467 1710 3283 1788 der hochherzige Jüngling: „Es ei
1403 1717 2482 1789 das soeben geschehene Unglück nicht unmittelbar ver¬
293 1729 1401 1809 beiden Familien ist je ein Sohn und eine Tochter:
2477 1750 3282 1831 ssehr. Es ist ja abgemacht, daß ich
1397 1772 2487 1839 schuldet haben, und die von demselben ebenfalls
297 1785 1402 1856 das gibt also zwei Liebespaare. Die traurige, aber
2486 1796 3294 1895 wiederkomme, und morgen und übern
1399 1822 2478 1891 schmerzlich betroffen sind. Bei diesem Zusammen¬
300 1827 1405 1915 gewöhnliche Geschichte des einen erledigt sich schon
2478 1859 3298 1916 ist noch nichts versäumt. . .. Und sie ist
302 1859 2489 1961 im „Vorspiel“. Denn da die Eltern des zukünftigen treffen findet Medardus die Liebe der Prinzessin
2482 1913 3301 1969 sehr schön, die Prinzessin, warumsol
1387 1915 2492 1993 Helene, die sich nichts daraus macht, „hochmütig
307 1927 1405 2000 Kronprinzen Franz von Valois in dessen Ver¬
2482 1955 3309 2017 ein paar wunderbare Nächteh
301 1968 2492 2057 heiratung mit der Wiener Buchhändlerstochter be¬mörderischer Finger“ geziehen zu werden Sie sendet
2488 2002 3308 2068 ist merkwürdig, wie praktisch manch
1405 2005 2485 2083 ihm die Blumen, deren Niederlegung auf dem Grabe
304 2022 1405 2108 greiflicherweise um keinen Preis einwilligen, die
2482 2053 3297 2117 rückten sind! Und wie inkonsequent! 2
1398 2067 2480 2135 ihres Bruders er ihr brutal verboten, auf sein
311 2070 1409 2141 übrige Sache zwischen den beiden Liebesleuten aber
2476 2099 3310 2174 Medardus, der sich die Schönheit seine
1409 2107 2492 2180 Krankenlager, nachdem er im Duell einen gefähr¬
314 2127 1404 2195 schon sehr weit vorgeschritten ist, so stürzen sich diese
2481 2155 3297 2218 behagen läßt, ehe er sein niederträchtig
1408 2157 2488 2231 lichen Degenstich nahe beim Herzen davongetragen.
307 2180 1397 2253 beiden in die Donau und ertrinken. Nun sollte man
2495 2203 3300 2267 ins Werk setzt (das letztere unterbleibt a
1400 2225 2494 2283 Einen andern, gefährlicheren Stich scheint er aber
312 2224 1413 2301 meinen, die beiderseitigen Eltern wären damit hin¬
2484 2250 3304 2327 er sich die Sache überlegt) derselbe
1401 2253 2491 2322 ins Hirn bekommen zu haben; denn nun nimmt
314 2269 1412 2346 länglich bestraft: die einen dafür, daß sie auf das
2479 2299 3292 2370 später fest entschlossen, das korsische
1401 2311 2488 2386 er sich vor, nicht nur in den Armen der Prinzessin
305 2310 1426 2392 Mädchen nicht besser achtgegeben haben, die andern
2484 2354 3307 2422 Schönbrunn niederzustechen und Wien v##
309 2379 2493 2442 dafür, daß sie dem angehenden Dauphin die Er zu schwelgen, sondern dieser auch noch einen beson¬
2483 2396 3298 2474 zu befreien; er tut es aber wieder nicht
318 2435 2498 2487 laubnis zur Mesalliance verweigerten. Vernünf= deren, ganz infamen und unerhörten Schimpf anzu¬
2490 2447 3295 2510 Prinzessin daran erinnert; daß am
311 2439 2454 2528 tigen Leuten erscheint die Angelegenheit zwar schmerz stun. „Ganz insgeheim schleich ich mich zu ihr ..
2484 2504 3300 2559 den Valois die Krone von Frankreich g
1404 2481 2491 2578 Aber von ihr fort über die große Treppe und es
316 2517 1425 2585 lich aber endgültig beglichen und ausgetragen. Allein
2487 2538 3303 2605 Als ob er das nicht schon früher hätte
321 2579 2501 2638 Medardus, der Bruder des ertrunkenen Mädchens, ihnen dann ins Gesicht schreien ... nein, sie zu¬
2496 2588 3312 2661 Jetzt will er nämlich wieder seinen, ##
1400 2604 2502 2661 sammenrufen alle, Herrschaft und Lakaien, noch in
327 2617 1420 2688 denkt anders. An der Leiche seiner Schwester „ist
2487 2633 3311 2714 zosen, einer Kleinigkeit wegen, standre#
1415 2648 2394 2718 der Nacht, wenn ich sie in meinen Armen habe.
314 2643 1412 2735 ihm, als zöge kein guter Hauch von ihm aus“ und
2496 2692 3301 2753 senen Oheim Eschenbacher rächen; a
1411 2677 2509 2782 Diese saubere Vorstellung verläßt ihn nicht. „Und
313 2691 1411 2789 er weiß: „was heut geschah, das ist ein Anfang,
1410 2739 3311 2816 es kommt die Stunde, da zahl ich's ihnen heim! innerung vergällt ihm den Befreierdo
310 2757 1419 2846 kein Ende.“ Damit schließt das „Vorspiel“, im Burg¬
1402 2790 3311 2877 Die Diener ruf ich zusammen und die Mägde und er angespien und seiner Bestimmun
316 2799 1240 2906 theater das zweite Bild („Donauschänke“).
