3436 4320
1000 120 1112 188 Me
281 109 1464 235 22 DeneMdandug
1605 127 2064 227 box 27/3
151 1593 1828 1686 Perkes. Medardus, zum schön wie ihre Vorgängerin, die das Glück der Erst¬
1832 1639 3013 1698 wandlungen, den Weg an, auf dem die Künstle#in ein neues
169 1656 666 1716 ch als ein Held. Es ist
661 1658 1828 1741 aufführung am Burgtheiter war und aller folgenden Auf¬
1834 1682 3005 1756 Rollengebiet gewinnen wird. Ob Frau Karlina als
169 1702 666 1782 ar das österreichische
666 1711 1827 1786 führungen blieb, ist Frau Johannsen nicht minder inter¬
1838 1738 3009 1808 Herzogin=Mutter neu ist, weiß ich im Augenblick nicht;
665 1760 1829 1819 essant in dieser Rolle, ja, es mag sein, daß ihre verhältnis¬
1841 1779 3005 1850 stellen wir jedenfalls fest, daß sie in der Rolle, von vor¬
179 1792 659 1872 dessen Handlung bei
661 1809 1832 1886 mäßige Modernität diese nur um so interessanter macht.
1826 1821 2997 1906 bildlichem Burgtheateranstand an Frau Baudius er¬
157 1850 657 1930 nit Tolstois „Krieg und
656 1858 1830 1932 Jedenfalls wirkt eine gewisse überzüchtete Launenhaftig¬
1826 1876 2993 1950 innert, also an das Allerbeste, woran man im Burg¬
658 1897 1829 1978 keit, die die neue Darstellerin zum Mittelpunkt des
167 1897 659 1971 fte Grundanlage, gemein
1832 1918 2845 1997 theater in der Rolle einer Herzogin erinnern kann.
166 1950 655 2016 istiker auf seiner Höhe.
662 1946 1826 2025 Charakters der Prinzessin macht, durchaus überzeugend,
195 1997 646 2064 „Professor Bernhardi“
1903 1981 3008 2069 Das Haus war nicht so gut besucht, als es bei künftigen
652 1998 1830 2077 weil mit der Rassigkeit eines ganz auf Souveränität ge¬
168 2037 657 2110 Punkte. Wie fein ist jede
1819 2040 3010 2100 Vorstellungen voraussichtlich sein wird. Denn der Beifall
651 2041 1822 2105 stellten Wesens sichtlich in Einklang stehend. Eine be¬
167 2092 657 2162 hrt, wie unvergeßlich ge¬
660 2085 1824 2162 deutende Leistung, der in der liebevoll vorbereiteten, von
1823 2085 3008 2167 klang um so freundlicher, als er völlig ungeschminkt war.
147 2126 657 2199 ur etwa, wie die des
658 2130 1829 2212 den besten Kräften des Burgtheaters getragenen Neu¬
1827 2143 2999 2210 Zumal die Volksszenen schlugen ein, die zum ungezwungen
156 2180 645 2250 schenkennerisches Meister¬
652 2183 1830 2263 studierung des nicht eben bequemen Werkes eine ganze
1819 2182 3011 2254 Besten gehören, was Schnitzler je gemacht hat und, durch
158 2229 650 2292 in erschütterndes Schick¬
654 2235 1818 2306 Reihe vorzüglicher oder doch zumindest erfreulicher
1817 2224 3002 2301 neuere Erfahrungen beglaubigt, heute so zeitgemäß wirken
155 2274 658 2337 unübertrefflich entwickelt.
647 2265 1818 2351 Leistungen an die Seite treten. Zu den vorzüglichsten rechnen
1816 2292 3001 2358 wie eh und je. Da weist etwa ein Offizier eine neugierige
168 2327 657 2392 sich an den geringsten
651 2318 1819 2399 wir auch die reizend kupplerische Nerina der Frau Mayen
1809 2315 2998 2398 Dame von der Bastei, die im feindlichen Feuer liegt. „Es
171 2369 651 2436 ihr eigenes Gesicht hat,
700 2372 1812 2440 eine jener treuen Dienerinnen, die den Roman ihrer
1811 2373 3006 2446 wär' schad' um den schönen Hut!“ sagt er warnend; und
154 2401 643 2478 en, was eine noch höhere
653 2421 1821 2485 Herrin gleichsam im Subabonnement miterleben — und die
1821 2416 2996 2492 der Gatte der Dame darauf: „Der muß dich kennen!" Oder
153 2462 653 2527 essin zumal, das eigent¬
646 2460 1817 2542 schwärmerische Agathe der Frau Ortner=Kallina.
1816 2466 3005 2542 ein paar Bürger erörtern die harten Friedensbedingungen;
150 2509 646 2587 mt es in dieser Hinsicht
648 2511 1809 2583 Eschenbacher ist jetzt Mayerhofer, der so weit reicht,
1813 2512 3002 2588 es steht schlimm, sogar Berchtesgaden wird abgetreten
150 2552 657 2616 herkwürdigsten Frauen¬
639 2551 1814 2637 als man diesem liebenswürdigen Wiener mit Humor bei¬
1816 2562 2990 2630 werden müssen. Worauf einer der zuhörenden Straßen¬
153 2591 650 2670 uf, und es wäre reizvoll,
647 2610 1814 2681 zukommen vermag, und das ist fast bis ans Ende;
1812 2610 2993 2690 Wiener gemütlich einwirft: „Was brauchen denn wir
149 2653 645 2720 von dieser entfesselteren
654 2643 1822 2731 Medardus Lohner, der den romantischen Heldenjüngling
1816 2653 2987 2727 Berchtesgaden?“... Schnitzler ist kein Höfling der Wiener
152 2691 644 2761 auen, von Beatrice bis
651 2695 1807 2762 durchaus, den problematischen Helden nicht so ganz trifft,
1814 2700 2995 2784 Schwächen, geschweige denn der Wiener Straße. Selbst ein
154 2748 647 2811 fihrt. Auch darstellerisch
655 2756 1812 2821 aber alles in allem doch der beste Medardus ist, den das
1812 2750 2997 2823 Wiener, war er am liebsten „dagegen“; aber, wo er mit seinem
151 2794 644 2861 merkwürdige Frauen¬
641 2794 1812 2869 Burgtheater für Schnitzlers Historie bisher aufzubieten
1813 2808 2973 2870 gütigen Herzen zustimmen konnte, da war er auch „dafür",
140 2824 647 2899 nghaftigkeit doch irgend¬
642 2843 1806 2905 hatte. Von kleineren Neubesetzungen des figurenreichen
1808 2847 2983 2919 wie sein unparteiischer Eschenbacher, der am Ende trotz aller
152 2877 653 2954 eit waltet, nach Frau
639 2882 1813 2954 Werkes darf man füglich absehen. Nur die Frau Klähr
1811 2898 2996 2975 Skepsis mit seinem Wienertum und für sein Wienertum
159 2933 2989 3028 hannsen eine voll= der Frau Medelsky sei noch hervorgehoben; sie deutet,1 stirbt. Das ist Schnitzler: Wien wird in diesem Stück ge¬
156 2978 2965 3068 Nicht so märchenhaft obwohl nicht ganz frei von gefährlich theatralischen An= hechelt; doch von einem, der Oesterreich geliebt hat. R. A.
