3392 4352
722 100 1020 175 eere
691 147 952 224 fähig wäre.
757 193 1455 285 Daß das Stück in Wien spielt, —
683 276 1508 328 im Wien des Jahres 1809, — ist für
695 310 1509 382 das Gesagte keine zureichende Er¬
682 354 1515 433 klärung. Die Mehrzahl der Dramen
693 409 1507 475 Schnitzlers hat Wien zum Ort der
689 453 1517 527 Handlung und sind doch nicht alle in
687 503 1510 581 Wien bodenständig geworden; ja, einige
689 560 1503 622 („Der einsame Weg“, „Zwischenspiel“.
693 610 1510 676 „Professor Bernhardi“) haben draußen
695 651 1510 724 im Reich die größere Zugkraft er¬
698 703 1513 778 wiesen. Ist ja überhaupt ein Großteil
688 756 1508 803 der dramatischen Kunstwerke unserer
700 797 1510 864 Literatur eindeutig lokalisiert, ohne da¬
680 848 1511 913 bei in seiner allgemeinsten Publikums¬
682 896 1515 974 wirkung beengt zu sein. „Glaube und
2085 875 2424 969 Rundschau
1610 1048 2423 1128 „spezifisch österreichisch“ ist — wann
780 1061 1588 1150 Heimat“ hat wohl an der Elbe nicht
1610 1101 2419 1173 könnten wir darin bessere Einsicht ge¬
785 1121 1600 1215 weniger zu erschüttern vermocht als am
1613 1151 2422 1233 winnen, als in dieser prüfsteinharten
782 1189 922 1265 Inn.
1605 1200 2421 1274 Zeit. Der letztbezeichnete Typus des
849 1223 1585 1310 Nein. Wenn „Der junge Medar¬
1603 1249 2427 1333 Österreichertums wird in Schnitzlers
781 1288 1599 1368 dus“ dem geistigen Bestand Wiens
1621 1298 2431 1371 Stück durch Eschenbacher vorgestellt,
782 1351 1597 1418 heute inniger verbunden ist als sein
1619 1350 2430 1423 dem jungen Medardus gegenübergestellt.
792 1392 1605 1470 Schöpfer selbst, und wenn dieses Ver¬
1616 1396 2438 1483 Medardus lebt, wie er ist, er stirbt wie
781 1442 1596 1516 hältnis in der Literaturgeschichte viel¬
1620 1466 1929 1537 Eschenbacher.
788 1487 1603 1566 leicht nicht seinesgleichen hat, so ist dies
1682 1501 2430 1579 Oheim und Reffe verbildlichen also
790 1541 1597 1621 an anderem gelegen. Einmal daran,
1623 1559 2438 1626 die beiden Gefühlsgegensätze, die im
784 1591 1602 1662 daß Wien nicht bloß der Schauplatz des
1613 1595 2438 1674 Österreichertum enthalten sind. Den
795 1642 1604 1706 Stückes ist, — wie in anderen Hervor¬
1613 1646 2430 1715 Gegensatz reicher zu gestalten, ander¬
788 1687 1599 1774 bringungen Schnitzlers —, sondern sein
1618 1696 2437 1773 seits bis zu einem gewissen Grad zu ver¬
788 1737 1597 1815 Held; zum zweiten daran, daß das
1620 1740 2445 1814 bergen, hat der Dichter ihnen in schier
783 1793 1606 1851 Stück durch eine unvergleichliche Burg¬
1624 1796 2441 1866 verschwenderischer Fülle Episodenfiguren
780 1846 1610 1917 theateraufführung, die an Vollkommen¬
1631 1845 2440 1933 beigesellt, die mit den knappsten Mitteln
791 1900 1599 1959 heit eher zu= als abnimmt, lebendig ge¬
1617 1901 2443 1977 aufs glücklichste differenziert sind, Fi¬
795 1940 1612 2000 halten wird: ein vergängliches, aber
1632 1938 2435 2021 guren, die auf verschiedenen Höhen der
789 1986 1614 2063 immer wieder sichtbares Wahrzeichen
1634 1992 2441 2069 sozialen Stufenleiter stehen, wodurch
795 2047 1041 2118 der Stadt.
1630 2037 2447 2109 die künstlerische Abbreviatur des
1636 2091 2445 2165 Wienertums nahezu allseitig wird.
868 2108 1614 2186 Wien ist der Held des Spieles.
1635 2144 2451 2211 Und nun ist von einem besonders
795 2163 1616 2223 Natürlich kann diese Gleichung nur
1632 2189 2445 2276 wichtigen Kunstgriff des Autors zu
795 2200 1616 2278 auf symbolische Weise Ausdruck finden,
1628 2237 2448 2316 reden: damit dieser ganze wienerische
799 2273 1622 2330 indem das Abstraktum durch eine
1635 2287 2458 2366 Kompler, in betonter Weise als
795 2303 1613 2382 Summe von Konkreta ersetzt, Wien in
1631 2336 2448 2405 wienerisch empfunden werde, ist er in
794 2355 1621 2426 den Wienern abgespiegelt wird. Den
1634 2385 2447 2471 Berührung gebracht mit dem ganz und
797 2407 1629 2479 jungen Medardus Klähr allein als den
1636 2428 2447 2519 gar wesensfremden, erotischen, völlig
795 2455 1623 2529 Repräsentanten des „Spezifisch¬
1637 2484 2455 2564 frei erfundenen Erilshof des Herzogs
807 2504 1622 2579 Wienerischen", (das mit dem „Spezi¬
1642 2535 2450 2602 von Valois. Ich halte es übrigens
805 2548 1620 2626 fisch=Österreichischen“ nahezu kongruent
1641 2580 2458 2657 für wahrscheinlich, daß im künstlerischen
816 2610 1623 2678 ist,) anzusehen, wäre gefehlt. Die Ge¬
1636 2641 2458 2723 Entstehungsprozeß der Dichtung Ge¬
802 2644 1625 2717 stalt seines Oheims Jakob Eschenbacher
1634 2687 2465 2754 stalt und Schicksal der Helene von
807 2703 1635 2788 hat in der gedanklichen Konstruktion
1648 2722 2467 2800 Valois — Gestalt und Schicksal einer
807 2763 1634 2829 des Dramas einen ebenbürtig be¬
1645 2784 2455 2858 Frau, die hechmütigen Sinnes ver¬
804 2802 1632 2876 deutungsvollen Platz angewiesen. Die
1635 2825 2456 2911 meint, die Allherrscherin „Geschlechts¬
813 2861 1624 2927 Persönlichkeit des Medardus Klähr
1642 2880 2465 2952 liebe“ könne ohne weiteres in den
813 2900 1629 2977 wurde von Mar Kalbeck, dem hervor¬
1643 2929 2440 3008 Dienst des Willens gestellt werden —,
805 2947 1620 3020 ragenden Wiener Kunstrichter, dahin
1642 2978 2472 3060 früher feststanden und verdichtet
803 3004 1626 3062 formuliert, daß er ihn den wienerischen
1644 3029 2465 3086 waren als Gestalt und Schicksal des
824 3046 1629 3119 Hamlet nannte. Aber die Hamlet¬
1650 3081 2467 3164 männlichen Gegenspielers. Als er daran
816 3096 1634 3164 natur ist nicht inhaltsgleich mit dem
1655 3123 2466 3198 ging, diesen zu bilden, mag Arthur
822 3145 1633 3206 Wienertum, dem Österreichertum. Sie
1654 3164 2465 3247 Schnitzler, der repräsentative Schrift¬
823 3191 1638 3276 ist nur eine, freilich prominente Spiel¬
1645 3233 2476 3290 steller Österreichs, sich seiner Aufgabe
824 3243 1635 3321 art davon. Aber daß, zieht man diesen
1654 3275 2479 3345 (seiner selbstdiktierten Aufgabe) erinnert
827 3302 1633 3369 Posten ab, noch ein gut Stück pracht¬
1658 3329 2470 3408 haben, Österreich eine repräsentative
821 3344 1636 3424 voll aufrechter, obschon an chronischer
1650 3364 2465 3455 Dichtung zu schulden. Er hat also
1331 3392 1639 3458 laborierender
817 3397 1255 3466 Selbstunterschätzung
826 3414 2476 3522 Männlichkeit übrigbleibt, die ebenfalls bei dem künstlerischen Unternehmen,
2336 3495 2481 3579 125
