3392 4224
1612 113 2080 225 box 26/5
296 101 1474 220 22. DenjungeMedandus
1765 979 2633 1083 Dr. Mugsi 710.. leuern „
3195 1004 3368 1119 Biaune
1683 1028 2906 1114 der Arzie zur Zahntechnilerfrage. Er betonte die Not¬
3269 1082 3378 1150 als
903 1044 1699 1150 ###fabrik, eine der größten in Europa,
1700 1085 2926 1155 wendigkeit, die klaren Bestimmungen des Gesetzes zur Durchfüh¬
1694 1112 2918 1193 rung zu bringen. Die in mehreren Protestversammlungen der
646 1126 1693 1205 Kkannt. Der Schaden beträgt über eine Million
3208 1124 3383 1200 Advokat
1695 1148 2915 1248 Zahnärzte erhobene Forderung, daß Eingriffen der Zahntechniker
3231 1191 3389 1261 dz. S
474 1181 1475 1277 #rronen; 1200 Arbeiter sind brotlos geworden.
1690 1180 2950 1289 in den ärztlichen Beruf wirksam entgegengetreten werde, müsse
477 1297 3389 1429 freilich für seine Zwecke turk modifizierten Attentatsversuch die Stadt einem General übergeben und sei mit den Trup=so eine Kavallerieatlack
482 1373 3390 1472 auf Napoleon. Die Wiener verhalten sich in dieser Zeit pen über die Donau gezogen, deren Brücken er hinter sich Drexlermeister Berger
483 1427 3377 1543 so, wie sie auch heute sind: von einem Stimmungsextrem abgebrochen habe, als ein Gerücht umgehl, es sei vergessen] — oder warens die i
1688 1465 3379 1551 worden, das Pulver („Gottverfluchte Schlamperei!“) ausartig das ausg’schaut I
476 1498 1714 1573 zum anderen Extrem schwankend. Solange die Franzosen
2915 1519 3387 1585 der wackere Eschenbach
483 1568 2925 1615 noch an der bayrischen Grenze sind, ist ganz Wien voller der Burg fortzutransportieren, da schlägt die Begeisterung!
2907 1568 3380 1631 Tode führt, da bleibt
485 1581 2919 1677 Kriegsbegeisterung. Ein Schuster vom tiefen Graben, den schuell in ihr Gegenteil um. Der Pöbel schimpft über die
2914 1610 3360 1676 herumstehende und
1690 1624 2920 1710 Regierenden, ist verzweifelt, will eigenmächtig die Übergabe
484 1648 1714 1716 bei der Aushebung der Landwehr das Los trifft, in der
2915 1654 3407 1737 (Diese Szene erinner#
1690 1683 2920 1747 der Stadt erzwingen und auf der Bastei die weiße Fahne
485 1694 1711 1770 Stadt bleiben zu müssen, erschießt sich. In den Gasthäusern
2917 1709 3381 1788 „Egmont“ wie die A
489 1713 2924 1813 und in den Theatern werden Collins Wehrlieder gesungen. der feigen Übergabe aufpflanzen. Ein Bürgergrenadier,
2907 1744 3390 1821 des „Hamlet“.) Resign
1704 1758 2931 1847 der sich widersetzt, wird vom Straßenmob gelyncht, wie
492 1786 1723 1874 Viele lassen „aus lauter Begeisterung ihre Arbeit stehen
1701 1815 3391 1905 das erbärmliche Pack kurz vorher den Begleiter eines fran¬ mand an Napoleon hei
496 1847 1712 1918 und liegen und gehen überhaupt nur mehr spazieren".
490 1864 3387 1971 In den Straßen schallt es: „Tod dem Erniedriger und Ver=zösischen Parlamentärs gemordet hat. Wien kann sich nicht in den Schoß von jed
490 1962 3388 2018 ächter der Menschheit, Tod und Vernichtung dem Bona=Thalten! Hat der Erzherzog Karl in Regensburg Prügel würde ihm gekrümmt
497 1966 3369 2060 parte! Hoch Erzherzog Karl! Hoch Kaiser Franz!“ Die gekriegt, so wird er hier noch ärgere kriegen! Warum läßt nur ein Schauspieler
2916 2007 3395 2082 klären, daß jeder gus
499 2015 2934 2133 Stadt wird in Verteidigungszustand versetzt, die Mauer man sie nicht herein, die Franzosen? Haben sie vor vier
2917 2060 3392 2124 für seinen Fürsten he
491 2071 2936 2162 wird erhöht, Schießscharten werden eingeschnitten, Zug¬ Jahren jemandem etwas zu leid getan? Ganz anständig
2918 2105 3390 2182 geht's los. Ein Applat
500 2112 2926 2211 brücken repariert, und die Bürger stolzieren in Uniform haben sie sich aufgeführt. Die Franzosen sind honnette
2933 2157 3398 2216 spieler ein paar M
495 2168 2930 2259 herum: „Aber,“ bemerkt ein französischer Emigrant, „mir Leut ... Und der Leutnant der Bürgergarde muß auf
2930 2214 3391 2270 können. Es war gra
498 2212 2925 2334 scheint, die Wiener tun dies alles mehr aus Geschäftigkeit, die Wiener anlegen lassen, damit sie nicht kläglichen Hoch¬
2932 2250 3382 2321 hättens auch getan. 2
497 2285 2109 2372 vielleicht um ihr Gewissen zu beruhigen, als weil sie die sverrat üben ...
2924 2303 3392 2373 Theater!“ Dafür ben
1797 2287 2934 2395 Zu dieser Launenhaftigkeit und Unverläßlichkeit gesel¬
504 2337 1738 2413 Sache für sonderlich ernst halten. Sie sind sehr guter
2925 2350 3389 2437 im Schönbrunner S
509 2413 2936 2470 Dinge, als wenn es sich um die Vorbereitungen zu einemlen sich die Außerlichkeit, Leichtfertigkeit, Oberflächlichkeit.
3010 2401 3381 2472 Auf diesem Wie
509 2397 2947 2528 Fest handelte. Es heißt auch, daß ein Teil der Bürgerschaft] Wenns was zu schauen gibt, wenn es irgendwo „Hoch!“ zu
2930 2432 3395 2525 Luft, aus diesem Wil
1730 2472 2934 2542 rufen gibt, dann sind die Wiener dabei, gleichviel, ob öster¬
504 2491 1727 2576 eine Bittschrift an den Kaiser Franz gerichtet habe, die
2933 2506 3384 2579 sal des jungen Ma
1721 2502 2938 2582 reichische oder französische Uniformen die Schaulust befrie¬
509 2536 1731 2620 Stadt nicht den Fährlichkeiten einer Belagerung auszu¬
2929 2547 3390 2617 vieles zum Helden:
1733 2560 2945 2636 digen, gleichgültig ob das Hurra dem Kaiser Franz und dem
518 2583 1734 2660 setzen.“ Im Zeughaus holen sich die Leute alte Waffen,
2934 2599 3396 2665 Mut, die hohen Ziel
523 2610 2942 2711 Partisanen, Morgensterne, Hellebarden. Sattelmeister! Erzherzog Karl oder dem Kaiser Napoleon zufliegt. Sobald
2946 2631 3390 2717 wenn er kein Wiene
518 2660 2937 2758 Eschenbacher, eine wuchtig gerundete Gestalt von Kern und die Übergabe Wiens vollzogen ist, vertragen sich Wiener und
2941 2698 3388 2764 in dem sich für Sc
519 2705 2953 2797 Charakter in dieser weichen Welt, meint dazu: „Zum Ge=! Franzosen sehr gut, wie alte Bekannte. Der Gehilfe des
2939 2743 3383 2816 und Symbol verdich
520 2752 2941 2858 brauch sollen die Waffen wohl weniger dienen, aber sie geben] Herrn Etzelt erbittet sich eine freie Stunde, um zusehen
2947 2789 3394 2868 auf ein Ziel geric
518 2795 2949 2905 doch Selbstvertrauen und vielleicht auch Mut. Und wie zu können, wie die ganze kriegsgefangene Wiener Garnison
2946 2846 3382 2913 und unwienerischer
527 2849 2955 2955 prächtig wird sich später so ein gefährlich Ding über der auf dem Glacis die Waffen niederlegen muß. Sogar noch
2954 2886 3387 2961 Saitlermeister Esche
523 2904 2946 3009 Kommode oder über dem Bett ansehen lassen und bewun= während der Beschießung der Bastei promenieren elegante
2947 2942 3407 3013 ken Willen, den de
1736 2950 2952 3024 Nichtstuer umher, halten sich darüber auf, daß Ihnen
524 2979 1754 3077 dern.“ Fürs erste wird mit den Morgensternen tüchtig
2955 2991 3383 3058 juckt, sein Leben
1733 2986 2957 3068 durch die Schanzen die Aussicht verstellt sei und freuen sich,
524 3030 1741 3102 renommiert: „Ha! Jetzt sollen s'enur kommen, die Fran¬
2943 3037 3390 3114 Wille fehlt, da stellt
1746 3039 2966 3128 wie prachtvoll die aurückende feindliche Armee in der Be¬
527 3076 1744 3163 zosen!" Aber als dann das feindliche Heer heranrückt und
2947 3084 3394 3163 das für jede Abwei
1746 3098 2962 3179 leuchtung der Abendsonne aussehe! Gar erst nach der Ein¬
528 3128 1755 3206 mit der Beschießung beginnt, als der Trattnerhof, das
534 3137 3400 3257 Kaisersteinsche und das Palsiysche Palais brennen und alsnahme der Stadt! Die Schlacht bei Aspern seyen sich die eine Rechtfertigung
526 3203 3377 3321 verlautet, Erzheezog Maximilian habe den Oberbefehl über Wiener mit Fernrohren von Dächern und Bu## aus an: Eschenbacher kennt
