3344 4352
927 118 1022 187 M
1536 103 1957 220 box 27/1
205 97 1392 224 22. Der junge uedandus
808 620 2623 839 DER NEUE VEREIN
1269 870 2225 1019 MUNCHEN, 9. Dezember 1910
1174 1075 2309 1217 Zweiter literarischer Vortrag
981 1195 2500 1338 im großen Saale der Vier Jahreszeiten
991 1470 1492 1672 thur
2625 1473 2743 1694 P
1630 1471 2531 1725 Schnitzi
531 1972 2898 2227 Szene aus „Der junge Medardus“
1068 2442 2406 2675 Leutnant Gustl
907 3051 2564 3186 Nach dem Vortrag findet eine gesellige Zusammenkunft
1072 3161 2390 3282 im Gobelinsaale der Vier Jahreszeiten statt.
776 3280 2854 3378 Den dritten literarischen Vortrag hält Samstag den 7. Januar 1911 Berthold Litzmann,
612 3340 2864 3446 ord. Professor der Literaturgeschichte an der Universität Bonn, über „Theaterreformer im
603 3414 1302 3518 achtzehnten Jahrhundert“.
773 3490 2868 3587 Freitag den 16. Lezember ist ein außerordentlicher Vortrag von Adolf Loos aus Wien
607 3553 2862 3635 über „Ornament und Verbrechen“. Beide Vorträge finden abends 8 Uhr im großen Saale
605 3630 1302 3736 der Vier Jahreszeiten statt.
778 3719 2861 3784 Karten für Nichtmitglieder zu populären Preisen bei Alfred Schmid Nacht., Theatiner¬
596 3757 1911 3865 straße 34, und Georg C. Steinicke, Leopoldstraße 23.
2581 3939 2942 4072 Bitte wenden!
