3392 4320
580 41 1316 126 erteten en en i . en ee eeee
644 109 1269 192 WIEN, I., WOLLZEILE 11
710 170 1204 222 TELEPHON R-23-0-43
516 287 918 382 Ausschnitt aus:
928 368 1286 490 Volkszetreng
511 512 691 604 vom:
975 479 1194 625 1.VA
358 657 2262 781 mmmu#mmmmmm ser mutete damit dem Burgtheater die um¬
2240 726 3369 792 Hugo Thimig teilte die Sorge des Polizeipräsiden
1257 751 3365 843 fangreichste, die kostspieligste Arbeit zu, die es Direktors und ließ deshalb die Szene möglichst kamen währen
363 783 3369 887 zibienet Thbalerwoulaf seit seinem Bestand zu erfüllen hatte. Mank rasch spielen, damit es so schnell als tünlich Jahr im alten
363 816 3361 933 ##################t denke nur: Nach der ersten Lektüre stellte zur Erklärung kommt: Medardus verrate die Matschakerhof
354 854 1291 920 Zurhevorstehenden Wiederaufführung von Artur
1268 884 2170 955 Berger fest, eine vollkommene Aufführung des
344 888 1035 959 Schnitzlers pramatischee Historie:
2158 895 2953 969 Prinzessin als Rächer seiner Schwester.
1013 905 1277 962 „Der lunge
3054 915 3363 981 erzählen, was
1267 926 2173 997 Stückes würde sieben Stunden erfordern! Acht¬
358 928 1268 1003 Medurdus.“ — Aus den Tagen der jungen Burg¬
2232 935 2455 992 Und —
2431 937 3063 1009 das Wagnis gelang. Das
3124 954 3358 1034 „Das ist
352 935 1273 1030 theaterdirektion Alfred Baron Bergers. — Der
1271 969 2166 1039 undsiebzig Schauspieler, Damen und Herren,
2164 974 3060 1045 Publikum schwankte nur einige Augenblicke.
354 996 1268 1069 Direktor als Hausfrau. — Ein aumutiges Ungetüm.
3049 980 3359 1074 vous!“ rief ich
1267 1015 2158 1078 müßten für die vielen Rollen aufgeboten
2165 1004 3045 1106 Nach dem Aktschluß aber gab es Beifalls¬
439 1059 1274 1116 Kommenden Freitag bringt das Burg¬
3049 1045 3370 1128 drei Gesellen
2160 1063 2332 1138 stürme.
1256 1056 2166 1133 werden (die Statisterie nicht mitgezählt!) und
3049 1086 3342 1164 Wirtshaus!“
357 1075 1271 1157 theater unter der szenischen Leitung Franz
1268 1102 2170 1177 etwa zwölf verschiedene Schauplätze müßten
357 1129 1278 1207 Herterichs eine Neuaufführung von Artur
3127 1141 3369 1207 „Das ha
1272 1152 2163 1212 errichtet werden. Das bedeutete also noch nie
2237 1144 3070 1225 Etwas andres, was Baron Berger ein
544 1189 1272 1243 benhistorisch wienerischer
3048 1181 3364 1262 gesagt!“ meinte
1266 1192 2161 1266 dagewesene Tageskosten (die vielen Spiel¬
2152 1180 3054 1266 bißchen ängstigte: es wird in Schnitzlers
357 1197 1278 1283 Dichtung „Derjunge Medardus“. Man
3057 1224 3328 1294 fügte hinzu:
1267 1235 2157 1304 honorare eines solchen Abends, da ja bloß
2163 1238 3054 1305 Drama gar so viel gestorben. Hochzeiten hat
353 1251 1267 1333 weiß ja, es ist eine Liebesgeschichte, eingebettet
3051 1259 3367 1348 liberale Lumpa
1266 1276 2165 1350 Baumeister aus der Reihe der Herren und
2147 1278 3057 1342 das Publikum viel lieber als Leichen¬
343 1290 1279 1385 in das kriegerische Bild der zweiten von Napo¬
3053 1309 3318 1386 schreiben?“
1255 1322 2158 1391 vier kleine Fräulein aus der der Damen un¬
2151 1324 3056 1393 begängnisse. Berger hatte aus Hamburg das
348 1345 2156 1445 leon über Wien verhängten Belagerung. Also beschäftigt blieben), weiter ein Maximum an
3122 1343 3365 1427 So habe i
2156 1369 3054 1430 Witzwort eines dortigen Kritikers nach Wien
3056 1380 3346 1464 lustige, aber
349 1385 2149 1500 1809 spielend. Die schöne Buchhändlerstochter Kostüm= und Dekorationskosten und — Licht¬
2146 1411 3051 1475 mitgebracht: „Bei Schnitzler wohnt neben der
352 1432 1273 1504 Agathe liebt einen jungen französischen
3052 1452 3365 1520 Schwer bedrück
1264 1443 1529 1524 rechnungen!
2154 1454 3045 1526 Liebelei gleich die Sterbelei.“ Wie entzückend
342 1478 1267 1539 Adeligen, einen Prinzen sogar, dessen Vater
3040 1477 3306 1550 Sekretärin,
2157 1491 3040 1558 wußte Baron Berger derlei Bonmots zu er¬
1324 1504 2156 1571 Artur Schnitzler hatte das Stück schon
343 1514 1264 1592 (ein vom Dichter erfundener Bourbone) als
3042 1524 3363 1603 tantin und Fra
2145 1541 3051 1610 zählen! Wie genußreich und belehrend über¬
1258 1540 2153 1629 ein Jahr vorher eingereicht, als noch Doktor
348 1555 1262 1640 Herzog von Valois aus Frankreich verbannt,
3039 1579 3359 1642 ehrten Gattin
2145 1587 3051 1646 haupt eine Stunde Gespräches mit diesem
1256 1589 2151 1675 Paul Schlenther als Direktor waltete der sich
348 1599 1250 1696 in einem Wiener Schlößchen Zuflucht ge¬
3048 1621 3364 1687 Theater= und L
2141 1628 3054 1699 grundgelehrten Mann, diesem berühmten
1247 1620 2132 1716 aber nicht zur Annahme entschließen konnte.
339 1639 621 1713 funden hat.
3044 1665 3368 1731 Elise“. Als es
2145 1666 3043 1738 Vielwisser der zugleich ein Künstler des
1328 1687 2149 1758 Der neue Direktor hatte es schon leichter.
436 1684 1275 1779 Der Prinz will Agathen heiraten, die er
3045 1705 3362 1776 mußte „die Elis
2152 1714 3039 1770 leichten Wortes war, des flüchtig hinaus¬
1249 1725 2152 1806 Dramaturg Dr. Rosenbaum hatte das Werk in
342 1712 1260 1803 verführt hat, doch seine hochmütige Schwester,
3038 1746 3362 1807 fahren, um mi
2149 1761 3040 1821 gesandten, das aber eher verdiente, für immer
1250 1766 2157 1855 gelungener Arbeit um anderthalb Stunden
341 1774 1262 1845 Prinzessin Helene, verhindert höhnend das
3039 1780 3368 1861 und könne heu
2147 1799 3049 1855 festgehalten zu werden als manches Philo¬
1255 1828 2142 1883 gekürzt. Aber auch fünfeinhalb Stunden be¬
336 1816 1260 1895 bürgerliche Glück des Bruders. Sie muß dafür
3046 1822 3365 1905 oft kam sie zu
2144 1844 3040 1912 sophen eines feierlichen. Wissenschaftsprotzen.
1249 1859 2159 1939 deuteten eine unerträgliche Dauer. Artur
344 1865 1258 1939 schwer büßen. Denn Agathens Bruder, der
3036 1881 3372 1955 spielen heute ni
2214 1898 3042 1963 Das größte Wunder aber war Bergers
1254 1907 2152 1972 Schnitzler sah dies ein und strich mit
339 1905 1260 1982 junge Medardus, weiß sie selbst zu verführen.
3110 1931 3372 1997 Wenn Zeit
2139 1923 3041 2007 Gedächtnis. Anläßlich einer „Don Carlos“=
1257 1940 1733 2020 bewunderungswürdiger
334 1943 1255 2037 Er umarmt sie nur aus Rache, um sie bloßzu¬
1749 1957 2150 2022 Schonungslosigkeit
3036 1964 3356 2043 einem Besuch e
2144 1985 3042 2045 Aufführung wollte ich einiges aus einem
1248 1999 2143 2063 gegen sich selbst noch eine halbe Stunde
337 2000 1255 2069 stellen. Mit ihrer Schande soll sie den Tod
3027 2013 3374 2087 Stunde hatten
2135 2023 3045 2094 Essay zitieren, den Berger vor einem Jahr¬
1252 2043 2144 2104 heraus. Baron Berger setzte sich nun mit
339 2042 1252 2111 Agathens büßen, die mit ihrem François in
2129 2070 3354 2135 zehnt in einer Wiener Literaturzeitung ver= gedampft. Als
1248 2083 2140 2152 seinem damaligen Regisseur Hugo Thimig
328 2086 1260 2153 die Donau gegangen ist. Doch es kommt
3022 2101 3368 2164 Last der Wirt
2133 2113 3036 2172 öffentlicht hatte. Ich rief ihn an, mir das
1240 2128 2146 2202 zusammen, um auch die Ausstattungskosten
331 2123 1259 2214 anders: In Helenen und Medardus steigt eine
3025 2142 3373 2213 Berger ganz un
2138 2158 3044 2233 Datum mitzuteilen, damit ich nachschlagen
338 2172 1121 2231 feurige Liebe auf, die den Haß besiegt.
1243 2181 2145 2230 herabzudrücken, so ungefähr auf die Hälfte
3028 2181 3356 2252 Frau verstand
2138 2200 3029 2281 könne. Er aber antwortete mir: „Nicht
424 2215 2142 2281 Die Prinzessin ist herrlich, das Gerücht des Voranschlages. Auch dies gelang. Worauf
3015 2227 3358 2298 Direktor des 9
2133 2224 2990 2302 nötig! Welche Stelle wollen Sie wissen?“
332 2246 1253 2327 geht um, sie sei in Schönbrunn die Geliebte
1241 2259 2140 2327 die Generalintendanz keine Einwendungen
3027 2272 3365 2338 theater in die
2226 2276 3035 2353 Ich nannte sie und Berger zitierte mir
328 2297 1260 2375 Napoleons geworden. Medardus begegnet ihr
1252 2301 2143 2360 mehr gegen die Aufführung hatte. So kam
3036 2319 3372 2385 mit der Köchin
2131 2301 3029 2388 sofort (wie er hervorhob: wortwörtlich) aus
323 2342 1258 2412 auf der berühmten Freitreppe im Vorhof von
1246 2351 2138 2434 c zur Uraufführung am 24. November 1910.
3037 2357 3363 2417 war er keinr#
2134 2361 3040 2424 dem Gedächtnis jene mindestens zehn Zeilen
333 2394 1251 2448 Schönbrunn und erdolcht sie, von jenem Ge¬
3022 2394 3356 2468 schönen Direkto
2120 2404 3030 2495 umfassende Stelle — und so rasch, daß ich mit
329 2422 1254 2489 rücht verblendet, ob ihrer Untreue! Aber sie
1320 2417 2145 2516 Ich habe Berger später nie mehr so auf¬
3028 2446 3323 2508 allmonatlich
2124 2454 2875 2521 meiner Stenographie kaum nachkam!
330 2459 1244 2545 war unschuldig. Sie war in derselben Absicht
3021 2485 3355 2564 Defizit seiner
1231 2483 2141 2549 geregt gesehen als an jenem Abend. Er hatte
2207 2488 3027 2557 Und dieses Feuilleton hatte er nicht vor
327 2520 1252 2580 gekommen, wie ihr Mörder: Napoleon zu
3023 2529 3196 2603 decken.
1243 2510 2131 2602 mir vor Wochen gesagt, er fürchte eigentlich
2123 2536 3040 2612 zehn, sondern vor zwölf Jahren verfaßt! „Was
331 2556 1248 2619 töten. Medardus stirbt nach dem Muster des
3099 2555 3349 2644 Einst lud
1244 2571 2150 2648 nur eine einzige Szene: am Schluß des
2130 2588 3029 2661 ich einmal niedergeschrieben habe,“ sagte mir
323 2603 1240 2667 aus der Geschichte bekannten Schwärmers
3026 2593 3359 2680 Hietzing zu fah
1240 2613 2680 2684 zweiten Aktes. Es ist frühmorgens. Der junge Berger damals, „vergesse
2656 2631 3035 2698 ich nicht! Oder
329 2645 1242 2704 Friedrich Staps, der auch die Welt von Napo¬
3023 2649 3366 2719 liches Malheur.
1244 2656 3030 2748 Medardus hat sich gerade aus dem Zimmer der richtiger — kann ich nicht vergessen, wenn ich
320 2686 1240 2749 leon befreien wollte, aber sich lieber erschießen
3013 2709 3362 2769 gesagt, der Bode
1235 2699 2423 2784 Prinzessin durch den Schloßgarten ins Freie auch wollte!“
325 2724 1239 2809 ließ, als daß er geschworen hätte, keinen neuen
3018 2746 3360 2807 von Reis, Grie
1236 2744 2135 2803 geflüchtet und trifft seinen Freund Etzelt
2202 2751 3011 2825 Im übrigen schrieb er auch als Burg¬
319 2767 1158 2841 Mordversuch auf den Korsen zu machen.
3020 2787 3363 2852 deckt. Und so t
1230 2788 2136 2857 Auf dessen Frage, woher er komme, antwortet
2116 2778 3029 2864 theaterdirektor fast so gern für Zeitungen
404 2821 1236 2886 Um diese Liebesgeschichte herum entrollen
3013 2821 3344 2895 Körbchen von
1230 2825 2132 2897 Medardus laut: „Woher ich komme? Ein
2133 2848 3016 2904 Feuilletons wie er auf der Bühne inszenierte.
330 2857 2135 2945 sich in einer großen Zahl von Bildern die kleines Abenteuer, aus den Armen der (stark
3008 2864 3362 2944 lichten Halbschu
2127 2892 3025 2948 Er geriet seinem Vater nach, der 1848 als
317 2904 1646 2988 kriegerischen Ereignisse, deren Greuel damals diebetont) Prinzessin.“
3014 2912 3356 2987 bekam! Ich ersch
2119 2927 3025 3006 Journalist begonnen, dann Advokat und
323 2951 932 3029 innere Stadt Wien erfüllten.
3015 2959 3357 3022 der Tomaten —
1302 2944 2133 3021 Ein Mann, der auf solche Art die Ehre
2720 2986 2817 3028 —
2117 2970 2742 3047 schließlich Minister geworden
2790 2976 3021 3043 aber im
3019 3003 3362 3063 Denn seine Fra
1225 2983 3026 3087 einer Frau preisgibt, ist doch der verächtlichste Herzen immer Journalist geblieben war.
417 3013 1245 3094 Im Jahre 1910, als Direktor Dr. Frei¬
3009 3046 3337 3112 dieses Gemüse
1229 3050 3011 3131 Schurke! Gewiß, gleich darauf begründet Dr. Johann Nepomuk Berger war auch einer
325 3079 1922 3161 herr v. Berger das Stück aus der Handschrift Medardus diese seine Gemeinheit.
3021 3092 3345 3158 Tag einen mit
2112 3094 2754 3168 der Gründer der „Concordia“.
320 3116 1242 3195 auf die Bühne brachte, gab Else Wohlgemuth
3011 3124 3369 3216 Paradeisern und
1301 3137 2126 3205 „Meine Schwester war der Prinzessin zu
2192 3149 3024 3224 Als ich vor etlichen zwanzig Jahren die
315 3166 2123 3261 die Prinzessin Helene, Gerasch den Titel=schlecht und darum ging sie in den Tod!“
2123 3178 3025 3253 fünfzigjährige Geschichte dieser Körperschaft
319 3217 1239 3289 helden, die Medelsky die Agathe, die
1236 3233 2116 3315 sagt er. Ein Racheakt also, auf daß Agathe
2121 3240 3016 3299 schrieb, widmete ich selbstverständlich diesem
3083 3229 3359 3309 Schon dau
309 3250 535 3310 heldische
548 3253 772 3311 Mutter
775 3245 1110 3316 der beiden
1105 3256 1228 3312 Ge¬
1220 3258 1488 3335 Ruhe finde.
2119 3279 3021 3355 unsern verdienstvollen Gründer ein ausführ¬
3007 3271 3356 3361 Hohenfels gar se
321 3299 1238 3366 schwister wurde von Hedwig Bleibtreu dar¬
1301 3300 2114 3387 Alfted Berger aber fragte sich besorgt:
2117 3328 3346 3397 liches Kapitel und wendete mich wegen hat sie, glaube
312 3341 1234 3404 gestellt. Nunmehr ist Ebba Johannson die
1227 3346 2121 3426 Wird das Publikum diese Begründung ab¬
2118 3369 3354 3445 authentischen Materials auch an seinen Sohn. Wie glücklich w
318 3375 1232 3445 Prinzessin. Alfred Lohner der Medardus
1226 3405 2125 3474 warten? Wird es nicht den Helden schon früher
2180 3398 3357 3497 Da verbrachten wir nun einen köstlichen wirklich großen
327 3425 1237 3485 die junge Kallina die Agathe und die Medelsky
1215 3443 2118 3518 auszischen, der solcher Niedrigkeit fähig ist?
2117 3444 3004 3523 Abend, denn Baron Berger erzählte mir auch
3012 3450 3221 3530 Dramas.
322 3465 1124 3526 ist an die Stelle der Bleibtreu gerückt.
1224 3488 3017 3564 Wird Medardus mit dieser einen Szene nicht allerhand Lustiges, was ich damals nicht ver¬
3085 3495 3349 3571 „Schlenther,
406 3501 1642 3580 Angst und Zweifel erfüllten den da= unmöglich werden —
1665 3529 2122 3604 als verächtlicher Held,
2105 3539 3011 3603 werten konnte. So zum Beispiel von der
3008 3538 3351 3611 Stück witzig ein
318 3553 3016 3644 maligen Direktor Baron Berger, als er sich der die weitere Teilnahme des Publikums Freundschaft seines Vaters mit dem späteren
3009 3593 3364 3672 nannt. Wir aber
321 3601 1573 3691 entschloß, Schnitzlers Dichtung zu geben, denn nicht verdient?
2079 3638 3052 3722 Minister Dr. Giskra und dem späteren!
