3296 4320
956 115 1030 188 M
1571 117 2013 216 bok 27/2
240 118 1399 235 22. Derjungedardus
2133 902 2499 992 Rundschau
830 1062 1654 1137 nur Heimweh nennen kann. Wenn
1660 1051 2498 1141 denken —, die Agathe Klähr unserer
829 1122 1661 1182 ich etwa durch den Schloßhof von
1674 1127 2492 1190 genialen Karoline Medelsky,
829 1171 1657 1221 Schönbrunn schreite, (er ist der Schau¬
1673 1171 2489 1238 von der Künstlerin mit jener mädchen¬
836 1225 1654 1286 platz der vorletzten Szene — im Burg¬
1668 1219 2485 1288 haften Mütterlichkeit umgeben, die ihr
834 1268 1654 1334 theater hat ihn Lefflers Meister¬
1669 1266 2487 1327 eignet, und zutiefst in eine Traurigkeit
836 1313 1654 1382 hand, die auch die übrigen Dekorationen
1677 1320 2497 1396 getaucht, über welche hin und wieder
836 1370 1648 1435 schuf, verblüffend getreu hingezaubert):
1674 1375 2310 1448 ein verirrtes Lachen auffliegt.
2304 1377 2380 1452 *
835 1420 1653 1486 dann verwünsche ich die Wirklichkeit
1738 1430 2490 1504 Und dies alles sollte ebenso gut fern
840 1474 1650 1552 und sehne mich in den verdunkelten
1662 1492 2485 1555 von Wien, außerhalb des Burgtheaters,
837 1511 1591 1596 Raum vor den gemalten Prospekt.
1660 1542 2488 1610 zu Fleisch und Blut erstehen können?
1668 1588 2492 1660 Nein, es sollte nicht, es hat nicht
902 1575 1659 1655 Oder ich begegne an einem Abend,
1680 1637 2482 1698 sollen sein. Die Berichte, die von der
830 1627 1648 1712 da man den „Medardus“ gibt und ich
1678 1687 2490 1746 Berliner Aufführung kamen, haben
836 1689 1649 1755 doch der Vorstellung nicht beiwohnen
1670 1744 2492 1809 meinen Gefühlszweifeln recht gegeben.
834 1735 1649 1796 kann, den zuströmenden Theatergästen:
1672 1782 2482 1856 „Und alles kam, wie es kommen mußte,
836 1789 1653 1855 wie beneide ich sie, und welche Traurig¬
1681 1842 2482 1902 alles, wie es kommen mußte“ — ihr
833 1838 1659 1908 keit befällt mich selbst, als ob ich
1670 1886 2490 1949 erinnert euch wohl, daß es so in „Jett¬
829 1890 1663 1967 immerdar verdammt sei und ausge¬
1673 1934 2484 1991 chen Gebert“ heißt. „Der junge Me¬
830 1938 1431 2009 schlossen von aller Freude.
1679 1982 2492 2045 darbus“ wird auch weiterhin „Der
903 1991 1650 2063 Und wenn ich, fern von Wien, die
1671 2037 2485 2098 junge Medardus“ des Burgtheaters
826 2058 1655 2118 Buchausgabe des lieben Stückes her¬
1661 2085 2485 2143 bleiben. Für seinen guten, bundes¬
839 2102 1657 2168 nehme: so klingt mir jedes Wort dieser
1675 2132 2515 2204 brüderlichen Willen möge das Lessing¬
839 2154 1653 2217 wundervoll edel stilisierten und dennoch
1672 2181 2326 2246 theater gleichwohl bedankt sein.
840 2203 1656 2269 natürlichen Sprache in der Kadenz im
840 2249 1664 2309 Ohr, die ich von den Schauspielern des
831 2296 1660 2363 Burgtheaters vernahm. Mit ihrer
831 2350 1662 2411 Stimme werden sie dann selbst lebendig:
834 2403 1670 2471 Alfred Geraschs mit tobender
1667 2398 2168 2499 Zeit=Rundschan.
839 2440 1661 2512 Leidenschaft aufgefüllter Medardus
842 2496 1659 2560 Klähr; die marmorkalte und mit einem
1673 2499 2487 2588 Von Geheimrat Dr. Richard Paasch.
842 2539 1656 2613 jäh aufglühende Prinzessin Helene der
844 2593 1657 2661 unbeschreiblich schönen Else Wohl¬
1672 2609 2276 2718 Von Raum und Zeit.
835 2641 1655 2711 gemuth, (die in dieser Rolle ihren
839 2698 1664 2765 Burgtheaterruhm begründete); der
1731 2704 2490 2796 Memento momenti! Vergangen¬
828 2740 1662 2798 Meister Eschenbacher, den Robert
1663 2774 2492 2846 heit und Zukunft sind Bilder —, viel¬
842 2790 1645 2847 Balajthy im Ebenbild des alten
1666 2821 2061 2901 leicht Trugbilder.
830 2846 1651 2910 Grillparzer schuf, (nun ist der Part an
842 2884 1664 2943 Mar Paulsen, Ritter des Eisernen
1727 2864 2498 2953 Das zeitlose Ich bedarf des
836 2945 1654 3002 Kreuzes übergegangen, und auch bei ihm
1676 2941 2490 2997 Schleiers der Maja als einer Hülle,
843 2993 1653 3051 in guter Hut); die mater dolorosa
1667 3000 2487 3053 um, fern vom Licht der Erkenntnis,
834 3033 1658 3104 des Medardus, vom Dichter unver¬
1664 3040 2489 3091 nicht zu erfrieren; wie es andererseits
835 3082 1653 3158 gleichlich konzipiert, von Hedwig
1675 3086 2482 3154 seiner als eines Schutzes bedarf, um
834 3139 1652 3203 Bleibtren unvergleichlich darge¬
1677 3143 2483 3206 nicht geblendet zu werden, sobald es sich
1670 3195 2492 3254 mit seinen unzureichenden Organen der
825 3176 1649 3240 stellt, in ihrer Tränenlosigkeit zu Tränen
1672 3236 2483 3300 Sonne des Unbedingten zu nähern ge¬
836 3246 1654 3295 rührend; Otto Treßlers Etzelt,
837 3278 1653 3343 eine virtuos ausgeprägte Raisonneur¬
1667 3287 2491 3355 wagt hat. Am Gewebe dieses Schleiers
831 3337 1652 3392 figur; und endlich — ich kann hier
1666 3322 2483 3399 bilden Vergangenheit und Zukunft die
829 3382 1661 3439 nicht jeder der 78 handelnden Personen,
1667 3382 2487 3449 Kette, deren Einschlag uns die Umwelt
825 3435 2478 3488 die der Zettel nennt, besonders ge= liefert. Beide sind Anschauungsformen,
2362 3516 2485 3609 127
