3436 4384
289 82 1458 227 22. Derjunge Medardus
1612 115 2063 222 box 27/4
901 664 1756 768 „OBSERVER“
1007 759 1702 820 I. österr. behördl. konzessioniertes
976 797 1736 875 Unternehmen für Zeitungs-Ausschnitte
1033 852 1656 927 WIEN, I., WOLLZEILE 11
1111 915 1583 972 TELEPHON R-23-0-43
923 1140 2281 1283 Aus: Neuen Wiener Journal 16.11. 1934.
941 1230 1985 1350 Wiener Filne wärklich aus Vien,
931 1325 2534 1448 Auf der Suche nach der Lösung eines dringlichen
1592 1385 1904 1468 Probleme
1561 1447 2044 1522 von Augustin.
1031 1483 2097 1576 Der Fachmann in Verlegenheit
1027 1551 2533 1655 Dor Fachmann geimt säch aufseufzend zurück.
934 1600 2511 1708 Dienen Augenblick benutat der Kinoberucher, um
921 1663 2517 1765 #einerseite loszulegen: Vär“ Iet das nicht eine
923 1712 2537 1817 Schando“ Eänigomal. heben schon die Fachleute zu
920 1782 2548 1876 einer ennsthaften Preduktion anrenotzt und inner
927 1832 2559 1925 wäsder ging der Spärit#g zum Teufel Erinnern Sie
925 1887 2360 1959 sich doch an die grosse Sascha! An Mächael
913 1930 2428 2032 Kertesz, der auf dem Laaerberg unüberschbare
918 2000 2420 2092 Horden von verbuhlten assyrischen Sklavinnen
912 2056 2586 2150 zu irgendwelchen nyatisch entfernten Massenezenen
915 2110 2511 2190 durcheinander jagto! Zugegchen er hat drausson
920 2164 2411 2267 auch Schnitzlers ###gen Modardus“ verfälnt
922 2225 2439 2318 Aber conct“ 1e hätten die Fachleute gelacht
912 2274 2566 2388 vonn man ihnen Vioner Tomon vorgeschlagen hätte.
918 2331 2445 2411 Dams Is nurde die Gellegenheit, für den in Vien
910 2406 2490 2473 entstehenden Fälm Wien und Oesvèrreich zu ent -
916 2442 2526 2539 decken, gründlich verpasst. Und nun, da Vien in
911 2492 2546 2597 verlin entdeckt nurde und säch genz nett bezahlt
912 2557 2554 2663 nacht, verschränkt man hier gottergeben die Arme
917 2608 2504 2707 und schaut zut Fir sind klein, sagten Sie. lein,
914 2676 2601 2784 vir sind nur ein bärschon zu bequen und ängstlich.
917 2716 1355 2800 Repressalien“
1347 2737 1397 2796 710
1381 2732 2538 2834 In, auch Repressalien verden nicht
915 2789 2463 2866 so heiss gogersen wic s#c geschleudert vorden.
905 2836 2547 2944 Oesterreich mit seinen Kinos ist ein ganz rettes
903 2898 2507 2973 Absatzgebeit, auf das nan gerade jetzt nicht gut
921 2945 2548 3015 verzichten kann und venn ein wirklich guter und
913 2992 2469 3092 zurkräfciger Miin auf den Harkt gabrucht wäed,
909 3049 2532 3161 dann „lägat men glch ihn geväge auch in Deutsch¬
899 3116 2394 3207 land nicht entgehen. Dem Fälm VLeise Flehen
904 3167 1323 3233 neine Liede#
1382 3177 2481 3263 zum Beispiel hat man es absolut
912 3226 2470 3315 nicht verübelt, dass er in Vien gedrcht worden
895 3294 2458 3381 ist. #ien ist also kein Geburtefehler, Kormt an
916 3344 2457 3427 nächt auf den Einfall an ud auf die qualität“
1006 3399 2565 3500 Der F#chmann Fron#elt irritiert auf die Tisch¬
1182 3454 2544 3563 Gewiss, so neint er, das alle ist recht
909 3507 2593 3643 schün und gut ud en sind soner wirkliche Argunen¬
908 3555 2541 3691 te, Aber on ist besser wir behalten sie für uns
890 3625 2572 3738 Ich hebe en nicht so leicht vie Sie, ich Lin eben
904 3673 2008 3814 Fachnann und Sie wässen: Berlin!
