3392 4480
1542 252 2028 378 box 26/6
219 268 1418 403 22. DerjungeMedandus
164 1442 3344 1530 vidste, omIsom Andre med Religionen: de stil-]hed at stamme fra en eller anden som „den selsomste Helt i dennelen Buket Blomster. Da sla
152 1520 3352 1588 de ud. ler Fromhed til Skue for at deresgammel fransk Krenike, I en For-] Krig“, og om hvem den ovenforfke ned i ham: han vil hem
159 1564 3363 1659 , en „dra-lMedmennesker ikke skal miste stad til Wien, i Aaret 1809, lader mernte, med en sund Skepsis udsty rens Skam, idet han selv###
395 1629 576 1710 Troen.
1154 1621 3349 1698 Schnitzler nemlig optrade en fransk jrede Sadelmager Eschenbacher bru-lbringer Skandsel over H
151 1624 415 1718 Spil og dem
434 1685 3356 1784 Da endelig Napoleon indtager] Pratendentfamilie, Familien Valois,ger Udtrykket „halvforstyrret“.lois. (Eller han indbilder
163 1694 422 1768 Prama eller
147 1751 3362 1834 elig skyet Byen, forvandles i samme Nu Wie- representeret ved den gamle blindel Denne „Helt“ er den enogtyveaarigesat det er hans Bevieggrung
152 1821 3343 1890 e til Wie-nerne: Erkehertug (Karl forhaanes, Hertug af Valois, hans tungsindige Medardus Klähr, Wienerstudent og des som unge Mennesker
175 1869 3359 1957 Napoleon fordi han ikke indtraf tidsnok. Na- Hustru, deres stolte ubrndigt er-Sen af den erbareBogbinderenkeFrunaar de vil feige deres Til
164 1927 3356 2003 Her foran poleons Person medes af den hejeste gerrige og lige san sanselige Datterj Katharina Klähr, der synes at havel der. Derom lader Digteren
159 1973 3359 2068 ter sig til Interesse og viekker nesten en er- Helene og en hel Hofstat, som opfg-haft ikke saa lidt med Mortimer i gen Tvivl). Men 1 Helen
164 2060 3368 2126 len Hjelp,bedig Sympati, man finder, at des rer Intriger, konspirerer afmegtige Maria Stuart og Prinsen af Hom-glemmer Medardus Hivnen
164 2116 3356 2179 kal bringel indkvarterede franske Officerer ogl mod Napoleon og holder lange Ta-burg at gere. I hvert Fald er ikkes ten mod Fedrelandet,#
151 2180 3362 2236 d. De est- Soldarer egentlig er ganske elskver-Iler, der ofte kun staar i den lesestej saa fan af deres karakteristiske han er blandt de Landeven
222 2235 3363 2303 vi har dige Mennesker, og man glader sig Forbindelse medStykket, og i hvilket! Egenskaber ganede over i hendes Isom skal forsvare Byen m
169 2286 3369 2376 beretter i over det glimrende Skuespil, som de Baron Berger med sit kloge Blik for Sen. Den unge Mand viser sig ileon. Medens han staar pa
165 2344 3369 2440 en veldig franske Troppeparader frembyder Scenens Krav endda har stregetj Forspillet, netop som man treekker for at keempe mod Fransk##
164 2417 3364 2477 uligheden Og man mindes en morsom Bemerk-jubarmhjertigt fer Opferelsen. Den-Thans Sester og den unge Hertug af har han kun det eneste Ons
163 2477 3370 2557 s truende ning af Kejser Frantz, som, da manl ne Gruppe ger imidlertid en visVirk-Valois dede opaf Donauen. De stol-Ihvide Fane snarest mulig
167 2537 3374 2602 erker man i hans Kronland Dalmatien vistejning som Modsstning til Wienerne,fte Valois’er har megtet deres Sam- heist, for at han kan vend#
169 2595 3369 2664 lers Styk-ham de af Franskmandene skabtej da dens Medlemmer til Trods for alltykke til et Egteskab, og Sesteren til den Elskede 1 Forst
176 2647 3368 2731 mere medkulturelle Verker, halvt nvilligtderes Naragtighed dog iagttager enhar foretrukket Deden sammen medhvilken Byens Mure skiller
199 2711 1183 2799 En helspurgte sine Generaler: „Hvorfor
1183 2708 3371 2787 vis Holdning og bevarer en vis No-den Elskede for Skam og Skandsel.dog blusser der atter en##
166 2767 1770 2843 adrongrer har I i Grunden fordrevet disse blesse i deres Optraden.
1956 2771 3374 2842 I dette Forspil, som hellere maatte lelse op i ham, da Napole
176 2836 403 2908 eres frem
397 2824 776 2931 Franskmand?“
1938 2836 3363 2903 have ngjedes med at viere Stykkets hans Onkel Eschenbacher
167 2891 426 2969 , der som
1954 2888 3367 2955 Forhistorie, traffer Medardus den Havn over Napoleon! Han
169 2954 423 3026 der skar
1223 2913 3379 3030 Men lad mig ikke glemme, atlstolte Heleneaf Valois. En kort, hid- de Kejseren. Da trader HHel
165 3010 3369 3095 a betaler Den ene Gruppeaf de handlende Stykket ligesom enhver ordentlig Hi-sig Ordveksling og en Duel med den i Mede og tilbyder ham Feng
181 3073 3377 3154 delmager-Personer fremstiller Wienerfolket ilsterie har en Helt, ganske vist en, unge Hertugindes Trolovede er den me Ojemed. Og i samme □j
183 3136 3363 3196 det efter alle dets Afskygninger. Den undender af Digteren — gennem en andenjumiddelbare Folge. Medardus saa-nes hhan, der klaeber Smuds #
174 3180 3362 3288 riotismen Isynes i sin Romantik og Tidsljern-Taf Stykkets Personer — betegnesires, men til hans Leje sender Helene! Forehavende. „Det lammern
