3296 4320
2194 157 3177 237 en en den de en  e  en  ee
1220 174 2203 253 Furagbare Nacheplane steigen in ihm anf. Sein
2187 212 3181 278 lahm, sein Dolch stumpf geworden, denn Medardus
1213 234 2196 284 Vater ist ein Opfer Napolcons, seine Schwester eines
220 210 402 292 Gre
396 210 1124 296 „Der junge Medardus“,
2198 252 3185 327 kann nicht aus dem Rächer seines Vaterlandes ein
1232 278 2204 332 Franzosen aus dem Hause Valois geworden. Nun
226 291 1195 379 4 dramatische Historie von Arthar Schnitzser,
2194 302 3181 371 gedungener Mörder im Solde der Valois werden.
1214 321 2196 385 bleibt Medardus in der Stadt. „Es könnte sein,
2192 340 3178 421 Seine Liebe zu Helene hat einen anderen Menschen
365 346 1156 430 Uraufführung im Wiener Hofburgtheater
1231 350 2203 422 daß ich hier noch was zu tun hätte", ruft er un¬
569 398 969 463 am 24. November.
2179 389 3195 458 aus ihm gemacht. Die Eifersucht quält ihn, macht
1239 389 1595 472 heimlich drohend.
2204 441 3183 490 ihn sinnlos, und sein Dolch, der für Napoleon be¬
1320 436 2205 513 Das Vorspiel, ein Stück für sich, das in dieser
363 444 1246 516 Am 12. Oktober 1809 hielt KaiserMpoleon
2193 479 3190 539 stimmt war, wühlt sich in Helenens Herz. Man
1228 485 2204 557 Historie eine glänzende Exposition versieht, ist zu
252 498 1242 574 der Erste im Schloßhof zu Schönbrunn am Vor¬
2194 519 3181 581 bringt Medardus ins Gefängnis. Er hat dem
1240 544 2208 599 Ende. Der erste Aufzug bietet ein düsteres Fried¬
265 545 1237 603 mittag über einige Abteilungen von französischen
2203 559 3185 630 Kaiser von Frankreich das Leben gerettei, denn es
265 581 2202 643 Soldaten welche als Gefangene gegen österreichische hofsbild, die Leichen des unglücklichen Liebespaares
2198 608 3184 677 ist erwiesen, daß Helene mit der Absicht ins Schloß
252 631 2199 707 ausgewechselt waren, Musterung. Da drängte sich werden im gemeinsamen Grabe bestattet. Schon
2197 653 3195 712 kam, Napoleon zu ermorden. Napoleon entsendet
1232 659 2211 727 haben sich die Trauergäste entfernt, und noch liegt
248 671 1246 742 ein junger Mann von sympathischem Außeren, der
2197 689 3187 757 General Rapp zu Medardus, diesen vor sein Ange¬
1232 705 2200 773 Medardus im Schmerz versunken vor dem frischen
249 711 1243 791 ein zusammengefaltetes Papier in den Händen hielt,
2199 724 3186 804 sicht zu bringen, um ihm die Freiheit zu schenken.
1234 759 2213 813 Grabe. Die Andacht seiner Trauer wird gestört
259 751 1252 818 durch die Suite. Der Flügeladjutant General
2188 776 3188 849 Doch Medardus lehnte diese Großmut ab, denn
1230 803 2213 867 durch die Ankunft der Prinzessin Helene der
259 806 1242 865 Rapp ließ den Zudringlichen festnehmen und
2203 816 3190 897 offen bekennt er, er habe Napoleon unschädlich
256 828 2211 899 auf die Schloßwache führen. Als er daselbst einer Schwester von Francois, die des Bruders Grab¬
2199 874 3193 935 machen wollen. Wäre ihm Helene nicht in den Weg
1235 892 2207 964 stätte mit Blumen schmücken will. In wildem Auf¬
263 893 1246 948 Leibesvisitation unterzogen wurde, fand man in
2198 914 3188 971 gekommen, hätte sein Stahl Napoleon getroffen.
1240 935 2211 989 schrei heischt Mrdardus, daß die Prinzessin die
261 932 1240 991 seiner Rocktasche ein großes zweischneidiges Messer.
2212 952 3184 1015 Napoleon, dem dies freimütige Geständnis impo¬
1240 980 2205 1031 Blumen fortnehme „oder ich zertrete sie.“ — Marquis
263 973 1246 1034 Über dessen Bestimmung befragt, verweigerte er
2211 1002 3187 1058 niert, will Medardus wvieder die Freiheit geben,
1234 1004 2203 1072 Bertrand von Valois der um Helene wirbt und ihr auf
263 1010 1246 1073 jede Auskunft mit den Worten: „er werde nur dem
2206 1040 3200 1104 wenn er verspricht, ihm nicht mehr nach dem Leben
1233 1055 2212 1109 den Friedhof gefolgt ist, fordert Medardus vor seine
266 1064 1245 1124 Kaiser Rede siehen". Napoleon von dem Vorfalle
2202 1081 3195 1146 zu trachten. Mutter und Freunde vermögen
1230 1106 2213 1163 Klinge. Die Prinzessin gelobt ihm, die Seine zu
269 1107 1252 1167 in Kenntnis gesetzt, ließ sich den Gefangenen vor¬
2207 1121 3193 1186 Medardus zu diesem Worte nicht zu bewegen, und
266 1135 2221 1208 führen, welcher angab, er heiße Friedrich Stapps werden, wenn er den Frechling tötet. Diesen Auf¬
2212 1177 3187 1235 er erduldet den Feuertod als „dieses Krieges letzter
263 1196 2210 1251 und mache kein Hehl daraus, daß er gekommen sei, trag vermag aber der Marquis nicht auszuführen
2209 1211 2656 1292 und seltsamster Held“.
256 1224 2214 1301 um den Kaiser zu ermorden. Napoleon stellte dem denn Medardus pariert den tötlichen Gegenstich
2304 1243 3189 1329 Ist es uns geglückt, die Vorgänge im „jungen
256 1281 2218 1339 jungen Manne volle Begnadigung in Aussicht, wenn geschickt, verletzt den Herzog am Arm und erhält
2212 1285 3195 1371 Medardus“ wie wir es angestrebt haben, plastisch
265 1322 2212 1381 er von seinem verbrecherischen Vorhaben abstehe. von ihm eine gefährliche Wunde unweit des
2206 1341 3189 1408 und ausführlich zu skizzieren, dann sind wir der
268 1347 2208 1427 „Sie zu töten,“ erwiderte Stapps ruhig, „ist für Herzens. Helene wird die Sorge um den hübschen
2211 1387 3197 1456 Kritik enthoben. Denn man wird leicht erkennen,
256 1406 2214 1471 mich kein Verbrechen, sondern Pflicht. Ich verlange mutigen Medardus nicht los., Die von ihm schwer
2200 1419 3186 1499 daß in jeder Szene der Dramatiker, der Poet
263 1456 2214 1507 mir leine Verzeihung und bedauere nur, daß ich Beleidigte entsendet ihre Vertraute Nerina in die
2207 1476 3201 1535 waltet, der das Leben in seiner ursprünglichen Kraft
259 1501 2206 1553 meine Absicht nicht habe av ühren können.“ Der Krankenstube, damit sie Medardus die Blumen
2212 1511 3199 1588 und Gewalt darstellt und keine der vielen Personen
1248 1543 2220 1604 bringe, die er vernichten wollte. Der fiebernde
269 1528 1242 1612 junge Mann wurde zum Tode verurteilt; mit
2210 1569 3200 1630 verzeichnet, Menschen von Fleisch und Blut aus den
1237 1591 2216 1643 Medardus läßt der Prinzessin sagen, daß er noch
268 1585 1244 1642 mutiger Fassung betrat Stapps am 15. Oktober
2208 1606 3205 1666 verschiedenen Sphären und Schichten portraitgetren
1240 1612 2211 1688 am Abend sich im Parke ihrer Villa einfinden werde,
271 1634 1257 1692 1809 den Richtplatz und bot standhaft seine Brust
2206 1659 3193 1714 gestaltet hat. Der junge Medardus selbst ist am
1236 1669 2215 1728 ihr seinen Dank persönlich zu Füßen zu legen.
268 1670 1161 1733 den Geschossen, welche sein Leben beschlossen.
2209 1701 3202 1751 besten charakterisiert durch die Antwort, die er von
1240 1700 2215 1772 Helenens Botschaft kommt ihm gelegen. Seine
379 1702 1243 1773 Das st die historische Taisache, deren sich
2206 1728 3195 1803 seinem Freunde Etzelt erhält: „Worte, Medardus,
1245 1757 2213 1808 Schwester will er rächen, wenn er die Prinzessin in
273 1755 1256 1813 Arthur Schnitzler in seinem „jungen Medardus“
2210 1768 3192 1842 große tönende Worte!“ Es ist ein Werk von unge¬
1255 1799 2209 1856 den Armen hat, alle zusammenrufen, Herrschaft
263 1803 1246 1857 bemächtiot hat. Er schildert die Wiener Tage des
2216 1815 3199 1887 heurem Reichtum der Erscheinungen und Gescheh¬
1251 1830 2208 1901 und Lakaien. Mit der Wunde in der Brust macht
271 1833 1251 1899 unglücklichen Kriegsjahres 1809, gibt ein Kultur¬
2211 1868 3197 1929 nisse und bedeutet nach dieser Richtung vielleicht eine
269 1883 2212 1943 bild der traurigen Epoche und vermehrt gleichzeitig er sich zum Rachewerk auf. Helene hat sich inzwischen
2201 1915 3194 1967 bedeutsame Wende in Schnitzlers Schaffen; in der
270 1938 2210 1992 die Napoleon=Dramen. Der Autor hält sich größten= dem Marquis verlobt, doch die Bedingung gestellt,
2215 1947 3201 2011 Tiefe und Weißheit der Empfindung ist es ein echter
268 1951 2222 2032 teils an die Ereignisse, bringt auch historische daß er gleich nach der Trauung nach Frankreich ab¬
2488 1999 3161 2071 Ludwig Klinenberger.
2209 1996 2441 2072 Schnitzler.
264 2017 2229 2078 Personen auf die Bühne, gestaltet aber ihr Walten reisen müsse. Ich will nicht früher einen Sohn zu
1252 2063 2235 2113 erwarten haben,“ sagt sie ihm, „ehe ich sicher bin,
263 2066 1257 2121 für seine dichterischen Zwecke mitunter anders, als
2503 2053 2901 2146 Die Aufführung.
1241 2095 2227 2163 daß er bestimmt ist, einmal König von Frankreich
269 2110 1259 2154 der Chronist vermeldet. Wien ist wieder von der
2535 2120 3162 2193 L. K. Wien, 10 Uhr abends.
1244 2146 2230 2221 zu werden.“ Etzelt, der die Klährsche Buchhandlung
269 2155 1255 2217 Franzosennot bedrängt, die Bevölkerung vom
1256 2192 2227 2242 leitet und Medardus treuer Freund, wartet sorgen¬
2284 2164 3195 2252 Die mit Spannung erwarteie Urpremiere
263 2191 1257 2240 Napoleon=Haß erfüllt. Der große Korse fühlt sich
1246 2225 2218 2284 voll die ganze Nacht vor der Villa Valois. Seine
271 2228 1254 2300 seinem Plane, eine Weltherrschaft zu begrunden,
2208 2222 3205 2301 fand bei einem bis aufs letzte Plätzchen gefüllten
1246 2273 2222 2343 Ahnung hat ihm den richtigen Weg gezeigt. Da der
275 2272 1266 2337 näher gerückt. Die Bürgermiliz bewacht die Stadt,
2216 2275 3202 2340 Haus statt. Das Haus bot einen glänzenden An¬
1253 2318 2218 2398 junge Tag beginnt, schlüpft Medardus aus der
268 2314 1251 2375 die Landwehr kommt ins Gesecht und wirkt Wunder
2210 2312 3207 2373 blick. In den Logen und im Parkett waren die
1246 2341 1534 2427 Gartenpforte.
2208 2357 3197 2406 Vertreter des geistigen und künstlerischen Wiens fast
268 2361 1262 2419 der Tapferkeit. Der junge Erzherzog Maximilian,
1343 2395 2214 2460 Die Franzosen sind inzwischen vor Wien an¬
2208 2405 3198 2467 vollzählig erschienen unter denen man zahlreiche
269 2394 1263 2456 der das Stadtkommando inne hat, schreitet zur Auf¬
2219 2448 3194 2516 charakteristische Gestalten bemerkte. Außer der
1244 2444 2220 2504 gelangt. Sie haben ein Haus hinter den kaiser¬
270 2447 1256 2507 stellung von Freiwilligenkorps und errichtet aller
2213 2486 3192 2547 Künstlerwelt waren viele Stars anwesend, ferner
273 2494 1259 2554 Orten Werbestationen. Jeder, der ein eigenes Ge¬
1259 2482 2217 2555 lichen Stallungen am Spittelberg durchgebrochen,
1250 2522 2223 2593 um ihre Kanonen auf die Burgbastei richten zu
2207 2528 3201 2593 sah man viele Hoffunktionäre, den Obersthofmeister
280 2540 1255 2605 wehr, Pulver und Blei besitzt, hat solches mitzu¬
1255 2564 2223 2624 können. Ein Trompeter, der mit den Abgesandten
2210 2564 3193 2636 Fürsten Montenuovo, den Kabinettsdirektor
279 2562 1251 2633 bringen, und die übrigen nicht Bewaffneten müssen
1257 2623 2218 2670 des Marschall Lannes durchs Tor geritten ist, wird
2222 2611 3194 2679 Freiherr von Schießl. In der Hofloge ist Erz¬
268 2616 1254 2681 mit Sensen, Hacken und dergleichen Dienste leisten.“
1244 2663 2219 2729 von der aufgeregten Menge erschlagen. Kanonen¬
2213 2662 3195 2724 herzog Karl Stephan mit Sohn und Tochter,
277 2658 1264 2727 So sieht es im Wien des „jungen Medardus“ aus.
2207 2704 3190 2754 hingegen fehlten die aristokratischen Kreise. Die
274 2699 2221 2757 Er ist der Sohn der Buchhändlers=Witwe Klähr, denner erdröhnt. Der Feuerschein am Himmel ver¬
274 2753 2221 2814 ihr Mann diente bei der Bürgergarde, ihm war rät, daß viele Gebäude in Flammen stehen. Die
2219 2750 3195 2796 erste Pause trat um ¼ 10 Uhr nach dem zweiten
276 2787 2227 2852 nicht ein ehrlicher Soldatentod bestimmt. Er Kanonade dauert an, Hunger und Not steigern die
2215 2796 3205 2851 Akt (8. Bild) ein. Die ersten 7 Bilder wickelten sich
285 2835 2224 2893 wurde mit der ganzen Bürgergarde aufs Glacis be= Erregung Lebensmittel sind kaum aufzutreiben.
2218 2838 3194 2901 fast ohne Unterbrechung ab. Nach dem Vorspiel setzte
1261 2865 2218 2935 Das Volk verlangt stürmisch, man möge kapitulieren
277 2877 1263 2941 orderi, um den Kaiser Navoleon zu erwarten und
2214 2880 3200 2928 bereits Beifall ein. Kaum, daß er ertönte, erschien
1252 2913 2217 2982 und die weiße Fahne auf der Bastei aufstecken. „Wir
2217 2911 3196 2984 Regisseur Thimig, um im Namen des Dichters
269 2915 1255 2982 vor ihm zu paradieren. Von sieben Uhr abends
2216 2963 2450 3037 zu danken.
1253 2948 2221 3021 wollen nicht massakriert werden!“ tobt die Menge.
282 2965 1257 3022 bis Mitternacht standen sie wie Lakeien im Schnee¬
272 2996 2237 3073 sturm da vergeblich — der Kaiser kam nicht. Fieber. Ein uralter, schon schwachsinniger Herr, dem alle
2307 3009 3204 3077 Nach dem ersten Akt war der Beifall schon
274 3038 2221 3105 geschütielt trat Klähr in seine Stube, legte sich ins seine Kinder und Kindeskinder ins Grab voran¬
2213 3054 3189 3127 lebhaft und Schnitzler konnte selbst sich dem Publi¬
281 3098 2214 3156 Bett und starb nach drei Tagen. Das hat in Frau gegangen sind zieht mit einer kleinen Urenkelin
2212 3107 3199 3174 kum einigemal zeigen. Das Bild des zweiten Aktes
302 3126 360 3174 407
282 3143 2207 3202 Klähr den Ingrimm gegen Napoleon noch mächtig durchs Stück. Das Schlachtgetöse lockt ihn auch auf
2221 3150 3193 3200 ließ einigermaßen kühl; das Publikum applaudierte
281 3177 2221 3234 geschürt. Auf ihren prächtigen Sohn Medardus hat die Burgbastei, da tötet ein Granatsplitter das kleine
2217 3191 3204 3249 nur einigemal dem vortrefflichen Spiel des Herrn
279 3217 2219 3280 die Tochter des befreundeten Drechslermeisters Anna Mädchen und nun steht der Alte ganz allein da.
2220 3218 3195 3298 Arndt. Nach dem zweiten Akt konnte Schnitzler
283 3274 2212 3336 ein liebevolles Auge gerichtet. Medardus soll am Wien hat sich ergeben. Napoleon ist in Schönbrunn
2218 3273 3193 3327 wieder mehrmals erscheinen. Indes zeigte sich, daß
280 3311 2223 3368 nächsten Tage zur Studentenlegion einrücken. Seine eingezogen. Die Trauung zwischen Helene und dem
2208 3312 3194 3377 die ungeheure Arbeit, die das Burgtheater auf dieses
285 3359 2225 3410 Schwester Agathe liebt den jungen Prinzen Francois, Marquis wurde vollzogen. Durch seine Kundschafter
2212 3363 3199 3429 Stück angewendet hatte, den Jutentionen Schnitzlers
284 3401 2239 3437 einen Sproß aus der capetinaischen Seitenlinie hat Napoleon hievon Kenntnis bekommen, sendet
2219 3395 3197 3457 nicht ganz gerecht werden konnte. Man mußte be¬
1257 3430 2229 3496 General Rapp zu den bestürzten Valois', der Braut
286 3440 1268 3498 der Valois, die einst auf Frankreichs Thron ge¬
2212 3430 3206 3513 kanntlich mit der Drehbühne arbeiten, um nicht
293 3491 1261 3549 fessen. Der verbannte alte blinde Herzog Christophe,
1257 3486 2225 3534 nebst den Glückwünschen ein kostbares Perlenhals¬
2211 3488 3197 3535 durch den Aufbau der einzelnen Bühnenbilder die
1253 3531 2228 3591 band als Angebinde zu bringen und die Familie
280 3530 1262 3579 dem der Kaiser von Österreich in einem Vorsiadt¬
2220 3534 3195 3591 szenische Folge der Bilder zu stören. Die Drehbühne
1270 3569 2216 3637 zu der am nächsten Tage in Schönbrunn statt¬
276 3568 1270 3632 palais von Wien Gastfreundschaft gewährt, träumt
2199 3571 3203 3639 lgestattet aber nur allzu kleine Räume, was die Ent¬
1266 3607 1795 3681 findenden Cour einzuladen.
280 3599 1273 3682 von der Wiedereinsetzung der Valois. Wenige Ge¬
2206 3616 3196 3681 faltung der einzelnen Bilder beeinträchtigte. Die
289 3657 1276 3725 treue, die seinen Hof bilden nähren den Lieblings¬
1357 3646 2218 3727 Anna Berger sucht für ihr krankes Herz, in
2206 3655 3200 3728 Inszenierung war im allgemeinen vortrefflich. Den
279 3705 1268 3761 gedanken des aussichtslosen Prätendenten. Francois,
1267 3682 3203 3767 dem Medardus steckt, Heilung durch die Pllege Unterschied zwischen Drehbühne und offener Bühne
284 3734 2231 3799 ein feiner liebenswürdiger Jüngling, kann den Kriegsverwundeter. Im Lazarett holt sie sich den
2212 3749 3191 3797 merkte man besonders deutlich bei dem außerordent¬
283 3783 3191 3853 Starrsinn seiner Eltern nicht brechen, sieht die Un= Tod Wieder bringt die Szene das Friedhofsbildllich hübsch ausgestatteten Bild, die Burabastei. Die¬
289 3823 3204 3877 möglichkeit, Agathe zu seiner Frau zu machen, und anläßlich der Beerdigung der armen Anna. Ihr ssem Bild war die ganze Breite der Bühne frei¬
292 3856 962 3948 stürzt sich mit ihr in die Donau.
1253 3869 2236 3938 gibt auch Medardus, dessen Haß zu Helenen sich in
2214 3878 3204 3932 gegeben und da konnte sich ein prächtiges lebendiges
395 3914 2230 3979 In einem kleinen Wirtshaus der Donau= glühende Liebe verwandelt hat, das letzte Geleite.
2215 3918 3201 3973 Bild entfalten. Sehr hübsch war das zweite Bild,
291 3952 2220 4017 auen versammeln sich die Studenten vor dem Auf. Helene, die sich seiner sicher glaubt, beschließt,
2216 3965 3202 4023 die Schenke. Dagegen war für den Garten des Palais
287 4002 3194 4063 bruch aus der Stadt. Sie sind der Begeisterung voll, Medardus zu ihrem Werkzeug zu machen. Sie strebt, Valois und für das Palais selbst zu wenig Raum
295 4051 3203 4092 suchen ihren Heldenmut durch patriotische Lieder zu den Valois' die Krone Frankreichs wieder zu er=übrig gelassen. Das Friedhofsb'ld übte einen starken
304 4089 3194 4154 befeuern, scherzen und lachen, in Wirklichkeit ist dies ringen, und will Medardus zum Mörder Napoleons Eindruck. Unzulänglich erschien dagegen das siebente
