3344 4192
971 99 1034 174 M
1540 113 2019 202 box 26/5
222 97 1402 220 22. Der junge Ledandus
800 460 1206 553 „OBSEHVER“
774 520 1027 608 I. öster
1091 538 1263 622 ##rdl.
814 584 1031 663 konser
910 636 1039 715 Bure
776 685 1189 766 für Zeitungemenanighten
1154 673 2020 847 Berliner Hörven Gapien, Bon.
902 742 1109 821 Wien, 1.
1356 759 1835 889 Morgenausgabe
802 791 1207 875 Konkordiuglatz 4
1373 845 1920 989 25 KONEREER 1810
940 1071 1834 1157 Schnitzlers „Der junge Medardus“.
914 1135 1819 1220 UnserWreiker Korrespondent schreibt uns:
899 1179 1913 1244 Nicht als Gesellschaftspsychologe, als den wir
855 1231 1915 1285 Arthur Schnitzler seit Jahren schätzen und be¬
865 1267 1913 1332 wundern, nicht als Schilderer der weiblichen Psyche,
863 1303 1915 1362 sondern als dramatischer Historiker versucht sich der
850 1348 1921 1409 schaffenfreudige Führer der Junzwiener Dichter hule
844 1388 1912 1439 mit seinem Drama „Der junge Medardus“, welches
846 1425 1912 1490 das Burgtheater morgen aus der Taufe hebt. Ein
844 1469 1917 1521 Stück Kulturgeschichte aus den bewegtesten Tagen,
855 1512 1915 1576 welche über Wien hereingebrochen waren, aus den
839 1553 1905 1611 Tagen der „Wiener Franzosenzeit“ unternimmt
850 1595 1913 1656 Schnitzler zu schildern. Vom großen Welttheater, dessen
848 1616 1924 1694 erster Held und Oberregisseur der kleine Korse gewesen,
850 1667 1911 1736 leiht er sich die Elemente und so manche Figur, um
855 1713 1905 1764 sie auf das wirkliche Theater zu bringen. Zunächst
841 1756 1907 1813 schildert er mit fast photographischer Treue das aus
850 1799 1910 1841 seiner Stille und Beschaulichkeit mit einem Male
848 1836 1911 1896 durch den wüsten Kriegslärm aufgescheuchte Altwien
847 1878 1902 1928 von anno Neun. Wir lernen die Familie Klähr
849 1916 1909 1983 kennen, die Witwe den Sohn und die Tochter eines
843 1954 1890 2006 Buchhändlers. Medardus Klähr, ein junger Feuer¬
834 1986 1905 2079 kopf, ein beherzter, lebensfrischer Jüngling, rüstet eben,
840 2047 1906 2111 um gegen den Franzosenkaiser in den Krieg zu ziehen,
845 2084 1902 2135 womöglich zur Armee des Erzherzogs Karl zu stoßen.
841 2122 1901 2182 Seine Schwester Agathe liebt den jungen Herzog
844 2161 1904 2217 François von Valois, den Sohn eines Emigranten,
823 2203 1901 2271 dessen Güter Napoleon konfiszierte und dem er Rang
838 2241 1279 2296 und Titel aberkannte.
1266 2254 1888 2314 Er ist entschlossen, die Bür¬
828 2287 1894 2344 gerliche zu heiraten, doch die gestrenge Mutter
824 2323 1889 2392 begehrt, daß, wie es sich ziemt, die Eltern
837 2367 1902 2430 des Bräutigams persönlich werben kommen.
836 2404 1893 2470 In der Abschiedsstunde des Medardus stellte Frangois
831 2446 1889 2502 diesen Besuch für die nächsten Tage in Aussicht.
838 2489 1891 2556 Wenige Stunden später bringt die Strömung der
843 2529 1895 2602 Donau ein blühendes Menschenpaar herangeschwemmt:
827 2573 1889 2629 Agathe und Frangois, die vereint zu sterben beschlossen,
835 2613 1890 2674 da die Ankündigung von der Werbung nur ein holder
831 2654 1901 2712 Traum gewesen und die verführte Agathe die Schande
838 2697 1887 2762 nicht überleben wollte. Nur von dem Gedanken be¬
829 2742 1889 2802 seelt, Rache zu nehmen an der Familie des Verführers,
830 2775 1890 2844 tauscht Medardus mit einem Freunde die Rollen, läßt
828 2817 1890 2883 diesen in den Krieg ziehen indes er sich in die Bürger¬
836 2859 1150 2917 miliz einreiht.
1254 2861 1881 2924 f dem Friedhofe, nach der
831 2900 1888 2950 Beerdigung des Liebespaares, stößt Medardus
833 2941 1888 2989 mit der ihm bis dahin unbekannten schönen
832 2983 1890 3052 Schwester François, Prinzessin Helene, zusammen
817 3015 1891 3085 und verletzt die höhnisch behandelte Dame. Er wird
831 3064 1894 3110 vom Marquis von Valois herausgefordert, dem sie
821 3096 1886 3148 ihre Hand verspricht, falls er den jungen Tollkopf im
822 3145 1887 3201 Duell töte. Medardus kommt mit einer leichten
823 3185 1883 3238 Stichwunde davon. Helene ist indes anderen Sinnes
816 3237 1884 3287 geworden; hat sie nun an Medardus Feuer gefangen
826 3272 1881 3334 oder erblickt sie in dem wagehalsigen Heißsporn ein
811 3309 1879 3368 Werkzeug für die sie wie alle Vallois erfüllende Rache
817 3346 1880 3403 an Napoleon — leider läßt der Dichter über diesen
817 3394 1885 3438 swesentlichen Punkt zum Schaden des Verständ¬
817 3432 1225 3487 nisses im Unklaren!
1217 3440 1886 3491 — kurz, sie sendet ihm Blumen
808 3454 1879 3533 und teilnehmende Grüße. Nun reift ein teuflischer
819 3509 1874 3559 Plan in ihm sie „mit den hochmütig mörderischen
807 3547 1889 3641 Fingern einer Valois“ sich zu erobern, um sie dann
1055 3624 1680 3685 (Fortsetzung aus dem Hauptblatt.)
1840 3637 2921 3680 sanderen Hauptfigur im Zweifel bleibt. Es fördert
816 3646 1858 3716 preiszugeben, die Schande, welche die Valois über
1863 3676 2926 3738 auch gewiß nicht die Wirkung des Dramas, daß zwei
823 3705 1857 3767 sein Haus gebracht, mit gleicher Münze zu vergelten.
1875 3716 2914 3766 Haupthandlungen nebenemander hergehen: die Tra¬
833 3739 2917 3795 Und trotz der brennenden Wunde stürmt er, aller gödie des Hauses sagen wir des „Hinter"hauses
826 3786 2925 3854 Gefahren nicht achtend, in das schloßartige Asyl der Klähr und die Tragödie, die mit allen Mitteln
836 3820 1100 3885 Valois und
1159 3834 2921 3900 in derselben Nacht (!) ist die Stolze arbeitende Verschwörungsmache des „Vorder“hauses
820 3856 1090 3926 sein Eigen
1862 3876 2917 3914 Valois. Und man begreist zum Schluß umso weniger
889 3874 1858 3966 Sie wird sein Schicksal, und von nun ab sollte das
1875 3913 2915 3956 die große Pose des wieder plötzlich heldenmütig ge¬
1873 3951 2915 4003 wordenen Medardus, der um jeden Preis als Held
818 3930 1865 4009 Schauspiel mit seinem überaus komplizierten Räder¬
825 3974 1857 4045 werk von Rechtswegen „Die junge Helene“
1869 3990 2900 4041 sterben will und seiner ihn heiß umklammernden
828 4019 1865 4071 heißen. Der ersten Liebesnacht folgen noch manche
1859 4030 2896 4082 Mutter nicht achtend, dem Kaiser Napoleon sagen
833 4058 2899 4110 andere, selbst dann noch, als Helene dem Marquiskläßt, er wolle auch fürder nicht abstehen, nach seinem
