3436 4320
254 204 1423 301 22. Denjungdandus
1183 366 1523 484 Telephon1.
1176 480 1344 558 Dir
685 520 1338 601 „ODSLHVER
461 582 1552 693 # österr benördl konz Unternehmen für Zeitungs-Ausschnitte
592 640 1417 744 Wien, I., Concordiaplatz 4.
788 731 1215 806 Vertretungen
457 764 1525 864 in Berlin, Budag* Chicago, Christiania, Genf, Kopen¬
456 815 1529 918 hagen, London, id, Mailand, Minnesoolis, New-Vork,
497 859 1492 952 Paris, Rom, San Francisco, Stockholm, St. Petersburg.
778 903 1198 961 (Quellenangabe ohne Gewähr).
442 937 1491 1032 Ausschnitt Hinstriertes Wiener Extrablate
639 1012 1181 1103 -i. OKT. 190WWien
439 1055 591 1109 vom:
980 1086 1031 1155 744
495 1201 1359 1320 Wiener Theatergeschichten.
418 1234 500 1341 □
890 1298 985 1370 V.
537 1348 1311 1443 „Der junge Herr Medardus.“
544 1413 1447 1496 Die Leser des „Extrablatt“ wissen, daß Artur
442 1466 1443 1539 Schnitzlers neueste Komödie diesen Titel führt
438 1508 1449 1579 und allch eine kleine Geschichte hat sich daran ge¬
431 1540 1439 1623 knüpft. Der Dichter wurde gebeten, seine jüngste
435 1585 1441 1650 Phantasieschöpfung einer Revision zu unterziehen, sie
432 1637 1422 1700 theaterfähig zu machen. „Der junge Herr Medardus“
428 1683 1439 1737 hätte in der Form, wie er der Direktion des Burg¬
433 1719 1443 1789 theaters in die Hände gelegt wurde, nicht weniger
438 1761 1442 1837 als — sieben Stunden gespielt! Also von sieben
426 1802 1433 1876 Uhr abends bis zwei Uhr nach Mitternacht! Es hat
424 1845 1437 1907 mich überrascht, daß ein so eminenter Bühnenmensch,
416 1884 1428 1961 tpie Artur Schnitzler, ein so feiner Theaterfachmann,
413 1924 1442 2005 übersehen oder vergessen konnte, daß von dem
411 1971 1441 2039 modernen Theater Stücke von außergewöhnlichem
428 2017 1439 2088 Umfange ausgeschlossen sind. Ich hatte Gelegenheit,
423 2056 1434 2131 über dieses jedenfalls seltene Vorkommnis einen
431 2109 1426 2175 ersten Künstler des Burgtheaters zu sprechen und er¬
416 2149 1084 2196 hielt die folgenden Mitteilungen:
537 2191 1420 2257 Sie sind im Rechte, wenn Sie darüber staunen.
424 2217 1432 2300 Ich kenne das Stück, es ist eine Wiener Komödie,
413 2258 1425 2347 spielt im Jahre 1809 und wäre also dem Burg¬
418 2314 1425 2387 theater doppelt willkommen gewesen. Erstens als
416 2359 1427 2425 Darbietung von Schnitzler, der unbestritten und
422 2387 1412 2466 schaffenskräftig an der Spitze der Wiener Schule
422 2444 1415 2517 steht. Während Andere verwelken oder ganz
413 2487 1415 2543 verschwunden sind, treibt seine Phantasie stets
418 2530 1419 2602 neue und mitunter wundersame Blüten. Zweitens
404 2582 1404 2643 hätte das Burgtheater ein Jubiläumsstück gewonnen.
409 2615 1419 2676 Wien Anno 1809, Wien zur Napoleonszeit! Nun,
411 2653 1412 2725 Schnitzler wird sein Werk umarbeiten und man wird
409 2700 1416 2768 es im Jahre 1910 spielen und sein Inhalt wird im
406 2747 1418 2806 nächsten Jahre ebenso trefflich munden, als wäre es
396 2777 1408 2855 heute kredenzt worden. Ich setze dabei voraus, daß es
402 2828 1404 2899 Schnitzler gelingt, sein Stück auf die Dauer eines
407 2867 1415 2939 normalen Theaterabends zusammenzudrängen.
408 2914 1413 2974 Sieben Stunden! Das ist zu viel, das Publi¬
401 2946 1416 3010 kum bliebe außerstande, mit dem Dichter
395 3007 1417 3062 zu gehen. Ich kann mir vorstellen, wie das
400 3043 1403 3111 gekommen sein mag. Schnitzler beschäftigte sich
403 3086 1401 3151 eben als Poet mit seinem Stoffe und dachte
398 3116 1399 3195 dabei nicht an die groben Bedürfnisse des Theaters.
402 3162 1398 3238 Als Wilbrandt seinen „Meister von Palmyra“ dem
393 3203 1400 3280 Burgtheater überreichte, gab es Bedenken wegen der
392 3249 1403 3321 langen Spieldauer. Vier Stunden! Bei einem klassi¬
388 3299 1397 3370 schen Werke sitzt man ebenfalls mit der Uhr in der
403 3338 1396 3408 Tasche auf seinem Sitze, allein einem Klassiker ge¬
388 3389 1392 3453 stattet man Ueberschreitungen des Umfanges und der
391 3421 1386 3495 Zeit. Uebrigens hat sich auch bei dem strichlosen „Don
397 3468 1399 3535 Carlos“ Opposition geregt, und hielte nicht die Gretchen¬
386 3507 1387 3576 Tragödie die Zuhörer im Bann, es gäbe Leute, die
387 3555 1378 3621 dem „Faust“ um Mitternacht kein freundliches Ge¬
390 3586 1391 3661 sicht zeigen würden. Moderne Stücke, die eine sieben¬
389 3635 1387 3707 stündige gespannte Teilnahme erheischen, sind un¬
384 3679 1378 3748 möglich — nicht einmal fünf Stunden bleibt das
385 3717 1384 3790 Publikum ruhig im Hause. Und noch etwas fällt in
376 3762 1373 3834 Betracht: „Der junge Herr Medardus“ ist nicht bloß
382 3820 1379 3861 eine figurenreiche, sondern auch eine verwandlungs¬
380 3857 1373 3911 reiche Komödie, und es müßte der szenische Apparat
378 3886 1372 3960 tadellos nach jeder Richtung sunktionieren, sollten
370 3937 1374 4005 die sieben Stunden für die Vorstellung ausreichen.
371 3983 1376 4049 Ich wünsche, ich hoffe, es werde Schnitzler möglich
364 4026 1379 4082 werden, ohne Schmälerung der vielen Schönheiten
373 4064 1379 4136 seiner Dichtung zu streichen, zusammenzudrängen ...
370 4110 1364 4192 ich möchte dabei gerne in seine Werkstatt gucken...
1585 203 2022 287 box 26/5
2687 1544 3097 1648 Telephon 12.801.
2717 1660 2853 1762 P..
2208 1730 2826 1822 „ODOEITPEI
2067 1721 2188 1807 a
1974 1781 3077 1864 l. österr. behördl. konz. Unternehmen für Zeitungs-Ausschaltte
2126 1845 2960 1937 Wien, I., Concordiaplatz 4.
2311 1930 2748 2000 Vertretungen
1987 1980 3070 2069 in Berlin, Budapest, Chicago, Christiania, Geni, Kopen¬
1998 2026 3078 2093 hagen, London, Madrid, Mailand, Minneapolis, New-York,
2035 2075 3035 2132 Paris, Rom, San Francisco, Stockholm, St. Petersburg.
2329 2107 2755 2175 (Quellenangabe ehde Geuc#.
1986 2161 3189 2255 Ausschnitt aus: IIIistriortes Wiener Extrablatt
2710 2230 2874 2323 Wien
1999 2244 2608 2344 vom: 12. NOV 1909
2069 2422 2823 2524 „Der junge Herr Medardus.“
2051 2493 2960 2577 Man wird die neueste Dichtung von Artur
1951 2547 2955 2626 Schnitzler heuer kaum im Burgtheater begrüßen
1942 2601 2963 2651 können. Die Leser kennen die Geschichte. In der ur¬
1955 2634 2962 2696 sprünglichen Fassung hätte die Alt=Wiener Komödie
1949 2676 2966 2742 des Ersten unter den modernen Wiener Poeten bei¬
1945 2717 2964 2776 nahe sieben Stunden gespielt. Dann entschloß sich
1958 2772 2963 2821 Schnitzler zu einer Umarbeitung, die noch immer
1957 2803 2971 2865 weit über die Grenzen eines normalen Theater¬
1946 2849 2968 2909 abends hinaussprang. Drei große Konflikte barg
1954 2904 2977 2952 die straffer gezogene Handlung, weshalb Schnitzler
1954 2952 2962 2994 dem Rate wohlmeinender Freunde folgte und eine
1957 2976 2970 3042 fabermalige Revision der Vorgänge zusagte. Wie ich
1949 3002 2976 3090 höre, hat der Dichter kürzlich in seinem Hause
1960 3057 2967 3128 einem kleinen Kreise die Bekanntschaft mit
2293 3102 2963 3172 Herrn Medardus vermittelt.
1946 3116 2285 3175 dem jungen
2480 3143 2958 3208 Georg Hirschfeld,
2321 3156 2482 3210 Poet,
1948 3161 2295 3217 Der Berliner
1959 3190 2969 3250 war ebenfalls anwesend. Schnitzler las sein Werk
1955 3230 2965 3297 selbst vor. Man erwartet, man hofft im Burgtheater,
1961 3271 2974 3340 es werde dem Autor gelingen, die wünschenswerten
1955 3316 2975 3367 Kürzungen vorzunehmen. Das Schauspielhaus auf
1954 3362 2980 3415 dem Franzensring braucht dringend einen großen
1951 3413 2980 3463 Erfolg. Vielleicht stellt sich ein solcher bereits mit
1959 3455 2967 3506 Schönherrs Komödie „Ueber die Brücke“ ein, die
1955 3485 2976 3545 ebenfalls durch das Feuer und Wasser einer Um¬
1961 3544 2972 3593 arbeitung gehen mußte. Die Novität bekam einen —
1955 3594 2994 3655 neuen Schluß. Endigte früher ernst, schließt jetzt
1956 3626 2114 3698 heiter.
