3392 4256
737 127 938 200 Seite 90
1783 142 2075 235 Die IIIuFe
2957 168 3114 225 Nr. 6
687 229 1918 309 die zwar „Musik gern hören“, ohne eigentlich musikalisch zu
1941 240 3152 330 scheinlich. Humperdiuck sicherte ihn sich vollends, indem er
691 295 1918 346 sein, laben sich immer wieder an den einfachen, herzigen
1933 308 3145 360 aufs Volkslied zurückgriff und unbeschadet der behen An¬
695 327 1907 389 Melodien der Oper. Sie lassen sich gefangen nehmen von
1933 346 3147 420 sprüche, die er an sich selber stellte, die kindliche Einfachheit
694 372 1900 431 dem Wohllaut des Orchesters, ohne ihrerseits sagen zu
1941 390 3137 452 dennoch wahrte. Und doch haben wir es hier erlebt, daß
696 421 1911 472 können, worin er besteht. Sie sind durchaus empfänglich
1935 427 3144 501 der Musiker Humperdiuck von breiten Kreisen nicht erkannt
689 464 1918 514 für die Waldstimmung und die Kuckucksszene, ohne die Mittel
1925 472 3145 550 und in der Wertschätzung, die man ihm entgegenbrachte, einfach
692 510 1915 578 prüfen zu können, durch die Humperdiuck die Stimmung
1933 524 3136 584 mißverstanden wurde. Wer in Humperdiuck, wie viele es
694 558 1906 611 hervorzaubert. Sie halten sich an die leicht faßlichen,
1925 562 3145 635 tun, einen Tonkünstler sieht, der sich lediglich aufs Kindliche
689 595 1901 644 schlichten und gesunden Melodien und empfinden im übrigen
1929 617 3145 669 und Gemütvolle versteht, der sieht ihn ganz falsch. Gewiß:
686 652 1911 704 nur vage und allgemein den Reichtum und die Farbenpracht
1931 649 3152 735 diese Eigenschaften sind ihm in hohem Grade zuzusprechen.
688 691 1897 748 dieser Musik, ohne die Künste der Polyphonie zu begreifen,
1924 696 2747 759 Aber sie erschöpfen ihn bei weitem nicht.
692 722 1900 782 vielleicht ohne sie zu ahnen. So hört' der Laie. Und es ist
2007 748 3145 815 Vor Jahren habe ich einmal einer Aufführung von
683 778 1904 838 ihm durchaus gedient damit. Sein musikalisches Begriffs¬
1935 764 3137 838 „Häusel und Gretel“ in einer deutschen Kleinstadt bei¬
690 814 1906 872 vermögen hat gewisse Grenzen. Er erlebt die Wirkung
1933 836 3137 899 gewohnt, die von einer wandernden Theatergesellschaft ver¬
691 864 1909 928 der Partitur, ohne ihre Ursachen zu erkennen. Er hört
1932 878 3145 950 anstaltet war. Das Orchester stellte die Militärkapelle der
689 909 1598 951 die Tondramen Wagners auch nicht anders.
1934 918 3140 981 Stadt. Die groteske Vereinfachung der Partitur, in der
777 957 1899 1011 Der musikalisch Gebildete hört mehr. Ganz besonders
1921 954 3139 1032 nicht nur einzelne Teile, sondern überhaupt ganze Stimmen
679 990 1904 1048 bei Humperdiuck. Er hört, je nach dem Grad seiner Be¬
1922 1001 3142 1083 und Instrumente fehlten, die unsagbar schlechte Darstellung des
683 1038 1906 1100 gabung und Bildung, die einzelnen Farben des Orchesters,
1919 1050 3136 1113 Hänsel und der Gretel durch zwei Frauenzimmer, die einem
694 1090 1908 1140 er hört die kontrapunktische Arbeit und die meisterhafte
1924 1094 3137 1172 Tingeltängel entsprungen schienen, die lächerlich primitive
693 1127 1900 1184 Stimmführung, die bei aller Kühnheit doch so unvergleichlich
1925 1137 3130 1218 Ausstattung und die entsetzliche Leistung des Orchesters —
692 1170 1899 1241 sauber und wohlklingend ist, er hört hinein in diese ganze
1913 1184 3133 1243 das alles reichte nicht hin, das Werk umzubringen. Auch
691 1215 1903 1268 erstaunliche Polyphonie, die, aller Verschlingung und Durch¬
1914 1224 3148 1300 in der absurdesten Verstümmelung fand es noch lebhaften
687 1251 1905 1324 dringung zum Trotz, doch so kristallklar und greifbar erscheint.
1914 1274 3132 1331 Beifall. Diese Kleinstädter ließen sich also eine Darstellung
689 1303 1903 1366 Und er erkennt die ganze Meisterschaft, die sonveräue Be¬
1924 1315 3131 1372 bieten, die jeden musikalisch Kundigen gruseln machte. Was
683 1353 1906 1410 herrschung der Mittel und vor allem die Selbstbeherrschung
1925 1362 3134 1429 wirkte? Es wirkte die Handlung an sich in Verbindung mit
685 1401 1892 1452 eines Tondichters, der nie ins Charakterisieren à tout prix
1913 1403 3135 1477 den leicht faßlichen, schlichten und zum Teil schon vertrauten
674 1443 1905 1503 verfällt und nie der künstlerischen Okonomie eine Belastungs¬
1925 1446 3132 1514 Melodien. War das aber überhaupt Humperdiucks Werk,
686 1480 1896 1532 probe zumutet, die dem Stil gefährlich werden könnte. Er
1914 1495 3125 1564 das da noch wirkte? Hatten diese guten Leute, die Beifall
691 1523 1899 1597 hört also gleichsam hinter die Kulissen, in die Werkstatt des
1917 1528 3140 1605 klatschten, auch nur eine Ahnung davon, wer der Musiker
686 1578 1770 1631 Komponisten, oder wie man es sonst ausdrücken will.
1922 1577 2294 1640 Humperdiuck sei?
771 1621 1895 1678 Musiker von Beruf, Fachleute in Amt und Ehren
2011 1627 3119 1704 So wurde „Häusel und Gretel“ gütlich mißverstanden.
677 1648 1899 1730 haben immer ein mildes Achselzucken für solche Talente
1915 1658 3125 1752 Aber nicht nur in dieser Kleinstadt. Daß die musikalische
676 1694 1899 1759 gehabt, die nicht erweislich ihre schönsten Jahre auf
1917 1710 3129 1769 Bedeutung dieses Komponisten von weiten Kreisen nicht
678 1752 1892 1805 einem Konservatorium abgesessen haben. Selbst die Tat¬
1914 1760 3124 1844 erfaßt werde, vielleicht gar nicht erfaßt werden könne,
682 1795 1890 1854 sache, daß der große Sebastian Bach ein Autodidakt
1919 1803 3124 1874 diese Vermutung wurde schon damals, und nicht nur von
682 1841 1818 1902 von reinstem Wasser war (um Tschaikowsky und
1811 1843 1869 1898 so
1908 1860 3128 1923 mir, ausgesprochen. Sie wurde durch die Tatsachen bestätigt,
676 1875 1898 1941 manchen andern zu übergehen), kann diese Zeloten nicht
1906 1902 3122 1946 als die „Königskinder“ und die „Heirat wider Willen“ er¬
672 1926 1885 1991 belehren. Sie wollen nicht einsehen, daß immer noch ein
1911 1936 3133 2012 schienen. Die „Königskinder“ sind Humperdinck reifste und
679 1962 1886 2035 sehr tüchtiger Musiker sein kann, auch wer keine Fuge zu
1920 1985 3131 2052 tiefste Schöpfung bis heute. Er wird auch schwerlich über
673 2011 1891 2077 schreiben sich zutraut, und daß anderseits gar mancher, der
1914 2024 3128 2112 sie hinauswachsen. Wie aber verhielt und verhält sich das
681 2057 1903 2097 musterhafte Fugen baut, nicht einen Funken eigner Persönsiche
1908 2063 2729 2129 deutsche Volk zu den „Königskindern“?
683 2092 1890 2170 keit besitzt. Mit welcher Geringschätzung haben sie auf
1992 2111 3126 2185 Die Frage aufwersen heißt eine Grenze ziehen zwischen
670 2144 1892 2186 Mascagni herabgesehen! Wie sehr klafft hier der Unter¬
1899 2156 3126 2233 dem Volk und dem „populären“ Humperdiuck. Es ist nicht
674 2187 1883 2249 schied zwischen dem Urteil des Volks und dem Urteil der
1901 2193 3118 2265 meine Absicht einen Keil zu treiben zwischen beide. Aber
677 2226 890 2288 Auguren!
1904 2242 3130 2316 über dieses Mißverständnis muß doch einmal gesprochen
771 2267 1876 2337 In Humperdinck treffen sich nun einmal beide: der Laie,
1894 2289 3130 2371 werden. Es gilt also in diesen Abgrund hineinzusehen, seine
667 2312 1889 2380 der sonst nur die Operette goutiert, und der Fachmann, für
1906 2326 3117 2407 Tiefe und seine Breite zu ermessen, vielleicht auch eine
670 2369 1885 2427 den ein guter Quartettsatz das höchste Entzücken bildet. In
1904 2374 3116 2436 Brücke des Verständnisses zu konstruieren. Nur fürchte ich,
669 2409 1873 2469 Humperdinck treffen und versöhnen sich die extremsten Auf¬
1897 2418 3119 2499 daß die Vogenspannung, die hier erforderlich wäre, allen
674 2446 1881 2500 fassungen von dem, was man Musik nennt, ohne daß Humver¬
1906 2456 3120 2538 Gesetzen der Schwerkraft und Gewichtsverteilung Hohn
672 2496 1875 2555 dinck selber auch nur das geringste dazu getan hätte. Der
1907 2498 2361 2565 spricht und daß sich
2394 2498 3106 2599 leicht kei: Baumeister finden wird,
669 2541 1882 2615 Laie wird befriedigt und der Fachmann wird befriedigt.
1901 2550 3091 2650 der die Verantwortung übernehmen möchte. Paul Zschorlich.
673 2579 1148 2646 Jeder in seiner Weise.
1233 2624 1322 2684 X
761 2689 1873 2775 Die Hochschätzung der Fachgenossen hat noch nie einem
1892 2722 3098 2812 Das Wiener Dolk im „Sungen Iledardus“
672 2759 1873 2826 Künstler zur Popularität verholfen. Sie kann ihm unter
2438 2791 3101 2848 Arthur Schnitzler: Der junge Medardus.
672 2792 1877 2846 Umständen eher schaden. Es ist Max Schillings nicht ge¬
2389 2828 3107 2897 Eine dramatische Historie. Verlag von S. Fischer
664 2855 1875 2913 lungen das deutsche Volk zu erobern, obwohl er die Stoffe
2385 2863 2923 2919 in Berlin. 290 S. Preis: 4,50 M.
667 2894 1869 2953 seiner Opern dem deutschen Volksleben entnahm und obwohl
1967 2889 3106 2963 Im Wiener Burgtheater wurde „Der junge Medardus“
669 2936 1867 2999 über seine künstlerische Tüchtigkeit ein Zweifel nicht bestehen
1894 2938 3106 3005 von Arthur Schnitzler aufgeführt. Die dramatische Historie
659 2978 1870 3045 kann. Felix Dräseke, von seinen Kollegen hochgeschätzt, dringt
1898 2992 3101 3047 mit den 74 Personen, die Einzelstimmen des Volkes nicht ge¬
663 3023 1867 3089 aller Propaganda zum Trotz, die für ihn gemacht wird,
1890 3035 3109 3100 rechnet; das Drama mit den sechs langen Akten und den
667 3068 1874 3115 nicht im mindesten durch. Hans Pfitzner bringt es zu
1901 3072 2503 3141 ungezählten Verwandlungen.
2510 3083 3111 3145 Das Publikum trug diese
663 3110 1868 3170 glänzenden Lokalerfolgen, aber man wird nicht behaupten
1898 3120 3103 3203 szenische Riesenlast wie ein starker Christof mit freudiger
665 3151 1865 3230 können, sein „Armer Heinrich“ oder seine „Rose vom Liebes¬
1886 3166 2123 3228 Ausdauer.
654 3199 1403 3269 garten“ seien Besitztum des Volkes.
1982 3213 3100 3289 Es soll hier nicht dem Drama Schnitzlers sein kritisch
763 3228 1868 3289 Einem Humperdinck kam, das ist nicht zu übersehen, der
1889 3254 3109 3326 Recht werden, nicht das lose Gefüge von Zeit= und Menschen¬
660 3272 1860 3350 Tert zu Hilfe. Einem Mascagni („Cavalleria rusticana“),
1889 3309 3112 3361 gemälden auf den Wert seiner inneren Einheit geprüft
653 3339 1873 3380 einem Leoncavallo („Der Bajazzo“), einem Wilhelm Kienzl
1892 3351 3099 3418 werden; so viel aber sei gesagt: der Zuschauer wird sich in
655 3376 1861 3428 („Der Evangelimann“), einem Heinrich Zöllner („Die ver¬
1890 3388 3098 3456 dieser Flucht mannigfaltiger Episoden nicht eines großen
661 3424 1873 3475 sunkene Glocke“) ebenfalls. Solange es Menschen gibt, die
1888 3430 3099 3499 Menschenschicksals bewußt. Zahlreiche mit groteskem Ernst,
661 3470 1869 3518 auf die Bühne sehen, anstatt ins Orchester zu hören, wird
1879 3473 3099 3525 in kaum merklicher Karikatur hingezogene Szenen, die am
651 3509 1865 3563 die Handlung immer den Erfolg fördern oder vereiteln.
1880 3517 3105 3585 Wiener „Hose“ eines aus Frankreich verbannten Herzogs
662 3539 1860 3602 Das wird sich nie ändern, denn solche Menschen wird es
1887 3563 3096 3626 von Valois spielen, eines halb idiotischen und ganz blinden
657 3585 1880 3640 immer geten. Die Handlung von „Hänsel und Gretel“
1874 3604 3090 3672 Greises, der nach der Königskrone Frankreichs giert und
655 3642 2130 3716 allein also machte einen breiten Erfolg von vornherein wahr=I konspiriert,
2158 3649 3114 3739 diese langen Strecken des Schauspiels haben
446 3724 1389 3841 De #ndiune Ansten
647 3798 1004 3897 Herwann Kl0),
1427 3777 2186 3908 Koaaer Wienzt.
608 3884 1391 4005 Berlin -Wilmersdort ),# ½.
611 3952 1006 4063 Senerstr.#
