3392 4352
1551 231 2006 323 box 27/2
218 244 1408 350 22. Der junze Medandus
130 1020 326 1092 un, 2.
349 1026 743 1098 Cterseurg, Porohte.
142 1069 795 1170 BChe-Warte, Berlin
1305 1280 1371 1351 —.—
834 1293 3249 1404 Flieger mit der losen Berliner Zunge und dem guten Herzen, ihm, die Prinzessin sei Napoleons Geliebte. In Wahrheit ist
2041 1342 3251 1427 sie des Korsen ärgste Feindin. Wie sie hingeht, ihn zu töten,
843 1375 2050 1444 Eugen Rex als Paul Hempel, der sich durch seine schöne
2039 1393 3248 1462 wird sie von Medardus erstöchen. Wider Willen wird er so
173 1366 574 1480 und Musik.
840 1431 2050 1496 Stimme und sein natürliches geschmackvolles Spiel vortrefflich
2042 1435 3252 1512 zum Retter Napoleons. Die kaiserliche Gnade will ihm das
143 1450 462 1528 ner Theater.
842 1463 2056 1543 einführte, Lisa Weise, die als Kommerzienratstöchterchen
2044 1471 3248 1557 Leben schenken, aber er will nicht. Er trotzt dem Gewaltigen
137 1483 837 1574 ier Theater verstehen das Theater¬
844 1511 2050 1582 nur etwas zu operettenhaft wirkte, Josefine Dora als fesche
2044 1520 3250 1602 1 und geht in den Tod. Aus Männlichkeit? Aus Eigensinn?
161 1540 841 1614 Geschmack der Zuhörerschaft und
849 1570 2039 1623 Köchin und stramme Straßenbahnschaffnerin und Erna Nit¬
2042 1553 3252 1646 Eher aus Ueberdruß. Er glaubt ein Märtyrer zu sein und ist
151 1593 838 1655 um sich in dieser großen Zeit bei
840 1597 2041 1662 ter als Belgierin Ninette. Der Beiafll der Zuhörer nahm zu¬
2055 1600 3265 1680 doch ein kindischer Schwächling. Haltlos taumelt er von Ge¬
1813 1638 2003 1708 H. Th.
156 1636 842 1705 gsstückes vor den Entgleisungen zu
844 1635 1440 1731 weilen stürmische Formen an.
2064 1649 3267 1720 nuß zu Begierde, klügelnd wie Hamlet, melancholisierend wie
141 1684 847 1751 en anderen Bühnenstätten erleben
2065 1685 3262 1767 Anatol. „Gott wollte ihn zum Helden schaffen, der Lauf der
157 1728 850 1786 ser“ bietet das Berliner Theater:
2057 1730 2793 1813 Dinge machte einen Narren aus ihm.“
1245 1740 1639 1829 Lessing=Theater.
154 1769 848 1825 Zeit, von Bernauer, Schan¬
2131 1770 3260 1847 Der Dichter hat selbst die Schwächlichkeit dieser Hauptfigur
923 1784 2049 1875 Zum ersten Male: „Der junge Medardus“ Dra¬
148 1797 848 1867 #k von Walter Kollo und Willy
2050 1817 3253 1894 erkannt. Der Reiz seines Stückes liegt anderswo: in dem
155 1859 842 1925 ßene gesetzt von Rudolf Bernauer.
858 1831 2046 1926 matische Historie von Arthur SchnfxgeSpielleilung.
2052 1854 3264 1948 Beiwerk, das es umrankt. Das scheinbar Nebensächliche ist
161 1893 850 1957 Mitarbeitern! Aber der Brei ist
847 1904 1462 1969 Viktor Barnowsky. —
2058 1899 3259 1984 zur Hauptsache gemacht. Die Stimme der Stadt Wien spricht
144 1938 857 2007 fre manches noch auszumerzen, be¬
943 1934 2049 2013 Schnitzlers Medardus ließ lange auf sich warten. Jetzt,
2053 1945 3251 2016 aus den Szenen. Leicht spielerisch, wie immer bei Schnitzler.
154 1983 857 2060 fäßigen Länge des Stückes wegen —
866 1982 2046 2052 wo er zu uns kommt, donnert die Weltgeschichte vor den Toren.
2059 1983 3256 2057 Aber diesmal in menschlichen Typen, die scharf gesehen und
154 2028 850 2114 ild „Der Plychobarometer“. Das
863 2022 2046 2098 Deutsche und österreichische Schwerterkraft schlägt den gemein¬
2056 2021 3270 2100 scharf gezeichnet sind. Das Spießertum mit allen Abarten
175 2061 858 2141 Der entfaltete Humor ist gesund
859 2059 2050 2143 samen Feind Keine Zeit war dem Schnitzler=Werke günstiger
2072 2057 3263 2149 gibt die köstlichsten Bilder ab. Die echten und falschen
165 2109 858 2179 Szenen sind frei von schwülstiger
853 2096 2050 2186 als diese. Mit anderen Augen sieht man jetzt die „Historie“.
2067 2096 3266 2185 Patrioten marschieren auf, die Großmäuler, die Leise¬
866 2131 2054 2223 die von österreichischen Nöten handelt und durch sich selbst den
149 2155 852 2221 piegel der hohen Gedanken und des
2062 2143 3269 2230 treter und die Hasenfüße. In der Ausmalung dieser
3137 2200 3271 2259 Die
862 2179 2069 2269 Fernstehenden nicht warm macht. Weltgeschichte auf der Bühne
153 2199 853 2261 en das deutsche Volk durchglüht ist.
2061 2196 3115 2281 Kleinwelt offenbart Schnitzler seine Meisterschaft.
869 2228 2066 2323 fordert immer einen großen Gestalter. Schnitzler ist nur
157 2234 867 2309 Hempel seine fünf Söhne freudigen
2071 2245 3265 2311 rauhe Zeit wird mit seiner Wiener Sonnigkeit durchtränkt und
864 2281 2058 2357 ein großer Erzähler. Der Stoff wuchs ihm unter den
154 2291 867 2351 en läßt, die Mutter aber auch noch
2069 2281 3266 2360 selbst der Tod verliert bei ihm seine Schrecken. Er bändigt die
874 2322 2058 2399 Fingern in riesenhafte Breiten. Es war ein Fehler, diesen
2666 2329 3258 2396 Er ist nicht der Dichter der
159 2328 859 2400 ehnjährigen Paul hingibt, ist nicht
2069 2336 2681 2411 Leidenschaft zur Besonnenheit.
862 2354 2056 2438 trefflichen Roman in Bühnenform zu zwängen. Ein Stück von
180 2380 851 2436 andere, in dem dieser Knabe ver¬
2057 2370 3261 2452 großen Tragödien, aber ein liebenswürdiger Mittler einer
863 2405 2060 2480 sechs Akten mit siebzehn Bildern und über siebzig Personen
171 2421 854 2504 es ihn erst allmählich erkennenden
2068 2429 2579 2502 liebenswürdigen Kultur.
876 2454 2066 2525 ist schon äußerlich kein Bühnenstück. Barnowsky ließ drei
2159 2446 3264 2523 Direktor Barnowsky hat in schwieriger Zeit das
880 2484 2074 2564 Bilder fallen. Trotzdem nahm das Spiel fast fünf Stunden in
2079 2513 3264 2584 schwierige Werk gut bewältigt. Walsers Bilder waren schön
163 2495 856 2576 gesegnete Familie Hempel dreht sich
858 2538 2072 2612 Anspruch. An dem langen Abend gab es viel zu schauen und
2076 2530 3276 2618 erdacht. Das Schloß Schönbrunn mit seiner Tiefe war ein
173 2544 863 2608 en losen Blättern von einer solchen
876 2577 2072 2664 zu hören. Es wurde getrommelt und geschossen, geliebt und
2075 2581 3278 2655 Meisterwerk. Im Heer der Darsteller ragten einige Namen
158 2585 871 2660 le der einzelnen Helden wollen wir
875 2617 2076 2700 gelebt, geseufzt und gestorben. Wenig aber konnte erlebt
2075 2627 3282 2704 heraus: Heinz Salfner, der tapfere Eschenbacher, Friedrich
163 2635 869 2702 dern nur feststellen, daß die Bilder
2081 2668 3275 2742 Kayßler der männliche General Rapp, Max Landa,
882 2693 1055 2758 werden.
156 2680 860 2754 Enwagen („40 Mann oder 6 Pferde“)
957 2686 2067 2787 Schnitzler wollte zweierlei: Ein Geschichtsbild geben und
2066 2714 3270 2797 der steife und vornehme Herzog von Valois, und Ilka Grü¬
174 2728 864 2795 Belgien und Frankreich und wieder
872 2752 2073 2830 ein Lebensschicksal schildern. Eines wurde mit dem andern
2078 2755 3275 2835 ning. die mütterlich fuhlende Franziska Klähr. Den
157 2770 873 2845 fihren und daß sie sich nicht bloß auf
2075 2790 3279 2886 schwankenden Flackergcist Medardus zu einer Einheit zu ge¬
871 2795 2069 2865 verwoben. Medardus zieht als verbindender Faden durch die
173 2817 869 2886 hin der Luft („In der Taube über
2076 2840 3274 2911 stalten, vermöchte nur ein ganz großer Schauspieler. Theodor
878 2824 2085 2911 Reihe der Geschehnisse. Sein Schicksal aber versinkt unter der
157 2854 776 2930 „Im Unterseeboot“) abspielen.
875 2867 2071 2959 Flut der Nebenereignisse. Dem Stücke fehlt, wie Hauptmanns
2071 2881 3275 2965 Loos verzettelte seine Kraft in unbestimmtem Spiel. Und
170 2884 880 2965 gefällig ausgestatteten Lieder, die
884 2926 2077 3007 „Webern“ der Held. Das Volk spielt die Hauptrolle. Der
2076 2922 3279 3014 Lina Lossen machte die kalte Prinzessin noch eisiger, als es
165 2943 868 3005 erwiesen sich bei der Erstaufführung
3082 2965 3234 3045 J. 2.
883 2966 2077 3047 eigentlich Führende bleibt unsichtbar: Napoleon Bonaparte. Er
2083 2994 2328 3067 nötig war.
174 2971 880 3057 lager und werden bald volkstümlich
874 3016 2078 3086 zog 1809 als Eroberer in die Kaiserstadt Wien, er
208 3033 869 3105 „Von der schönen, von der neuen,
2220 3018 3285 3113 In den Kammerspielen des Deutschen Theaters findet am 5#
885 3055 2078 3130 ließ das Standrecht proklamieren und die Bürger füsilieren, er
193 3053 871 3130 der neuen, — Von der schönen,
2097 3086 3275 3154 Freitag die erste Aufführung von Kotzebues Lustspiel „Die deut¬
876 3091 2076 3173 war das Unglück der Familien Klähr und Valois. Medardus
193 3102 873 3193 Feld=Uniform“ und das Liedchen:
2096 3110 3286 3197 schen Kleinstädter“ statt. Das Stück wird von Max Reinhardt
889 3137 2083 3211 Klähr, der Buchhändlerssohn, will die Stadt vom Tyrannen
198 3158 891 3220 Da oben fliegt ’ne Taube, — Die
2088 3185 2310 3251 inszeniert.
884 3176 2085 3257 befreien; aber der Zufall macht den Patrioten und Rächer der
193 3197 874 3277 Nest — Wenn die hier bloß nichts
2226 3181 3290 3277 Lustspielhaus. Die Erstaufführung des Fliegerlustspieles
894 3224 2088 3306 Familienehre zum Glücksritter und Abenteurer. Aus Haß
2093 3245 3294 3321 „Wolkenreiter“ von Stein und Ritter in. Lustspielhause ist auf ##
879 3260 2089 3338 verfolgt er die schöne Prinzessin von Valois. Aus Haß wird
180 3281 876 3363 sezeichnet. An der Spitze der sieg¬
180 3298 2814 3424 stand Oskar Sabo als schneidiger! er ihr Geliebter und aus Eifersucht ihr Mörde Mun sagt] Freitag, 30. Oktober, verlegt worden.
