3344 4256
905 217 988 283 M
182 211 1354 332 22. Der junge Ledandus
1502 209 1959 322 box 26,5
998 1478 3144 1549 so lebhaftes Hin und Her der Figuren und der Hand=] mußte als die erste Schöpfung des Ganzen, beendet hatte
2057 1530 3141 1594 und wieder zum Direktor kam, war Berger Direktor
1004 1538 2066 1603 lung fordert den breiten Raum und den beweglichen
201 1508 880 1674 Feuilleton. %%
2063 1583 3143 1639 und übernahm — wer weiß wie ungern — das „Erb¬
999 1576 2068 1652 Aufbau des Romans, nicht die Enge des Theaters.
2060 1629 3137 1702 stück“ seines Vorgängers. Nun ward der Abend des
754 1608 909 1732 77
999 1628 2068 1706 Auch Artur Schnitzler, dessen Name allerdings einen
2056 1669 3152 1748 24. November zu seinem Ehrenabend und zu dem des
1000 1680 2069 1752 guten Klang hat, würde als der Verfasser eines solchen
118 1703 854 1817 Der junge Medardus.
2064 1731 3149 1803 Dichters. Wer wagt, gewinnt. Und vielleicht sagt sich
1004 1737 2062 1798 Stückes die Gefahr des Versuches nicht geringer er¬
2061 1777 3156 1852 Berger von heute an: mit echter Dichtung, in welche
405 1783 522 1851 Von
1010 1776 2076 1848 scheinen lassen. In seinen schönsten Werken und beinahe
2056 1835 3152 1903 Form sie sich kleiden wolle, und mit den richtig ver¬
998 1838 2067 1894 immer war er Novellist und Lyriker, reich an Ideen und
284 1835 659 1941 Max Morold.
2058 1879 3153 1955 wendeten Kräften meines Burgtheaters kann ich alles
1000 1885 2073 1946 an Stimmungen, an Feinheit und Tiefsinn, aber kein
2061 1937 2246 2006 wagen.
462 1908 961 2007 Wien, 25. November.
1010 1935 2072 2004 aufrechter Dramatiker. Und was laden kleineren Formen
2146 1957 3151 2045 Schnitzler ist seiner Art auch diesmal nicht untreu
995 1985 2068 2061 und bei der engeren, beschaulichen Anlage des Lustspiels
89 1967 996 2054 ron Berger hat einmal das böse Wort ge¬
2067 2009 3140 2099 geworden; aber selten noch hat sie einen so reinen,
997 2040 2070 2104 und der Gesellschaftstragödie dem Erfolg nicht allzu
103 2036 999 2111 , er könne sich nicht auf Versuche einlassen;
2066 2073 3143 2149 edlen Ausdruck gefunden. Schnitzler pflegt die Schwäche
1001 2086 2066 2155 hinderlich sein mochte, das macht ein großes welt¬
113 2092 963 2152 sicher gehen; das sei er seinem Rufe und —
2066 2131 3146 2199 und Haltlosigkeit moderner Menschen zu schildern und
1003 2133 2065 2205 geschichtliches Drama im Stile Shakespeares oder
82 2133 1001 2206 katerkasse schuldig. „Wer wagt, gewinnt“ scheint
2055 2180 3143 2244 zugleich sogenannte starke Stücke zu schreiben; aber
994 2168 2074 2262 Grabbes schier unmöglich. Trotzdem hat es Berger mit
86 2184 1007 2262 t der Wahlspruch Bergers zu sein. Er hat nicht
2059 2231 3158 2302 wenn seine Helden sonst manchmal wider seinen Willen
1000 2232 2028 2293 dem Jungen Medardus von Schnitzler gewagt und —
92 2243 1007 2307 geiz, als der Napoleon der deutschen Bühne zu
2060 2288 3137 2345 schwach erschienen und eher eine Schwäche seiner Ge¬
1001 2287 2066 2358 dabei gewonnen. Sein Mut und sein Verdienst wären
88 2293 999 2360 Wenn einer ein Stück schreibt, das fünf Stun¬
2061 2330 3153 2397 staltungskraft als ihre eigene verrieten, so war diesmal
997 2336 2070 2404 noch höher anzuschlagen, wenn wir nicht wüßten, daß
88 2346 1007 2409 ert, fünfzehn Verwandlungen aufweist und 79
2062 2379 3138 2450 die Tragödie der Unentschlossenheit das Ziel und die
1003 2388 2069 2460 schon sein — mit Recht und Unrecht — vielgeschmähter
90 2398 1001 2454 ich angeführte Personen zählt, so wird er es
2056 2427 3141 2499 Absicht, und wenn sonst die gewaltsamen und phan¬
995 2431 2064 2490 Vorgänger das Stück zur Aufführung bringen wollte.
89 2438 1008 2508 erger kaum ins Burgtheater bringen und wenn
2068 2484 3141 2559 tastischen Vorgänge, an denen Schnitzler Gefallen findet,
1012 2483 2070 2547 Schlenther ließ sich durch den abenteuerlichen Um¬
90 2495 1008 2551 kespear scher Zug in seinen Gestalten lebt. Denn
2066 2542 3147 2599 sich nicht stets natürlich mit den zarten Seelenstunden,
995 2541 2076 2610 fang der ersten Fassung, die sogar eine Zeitdauer von
102 2546 1009 2602 fführung eines solchen Stückes wäre zweisellos
2061 2583 3153 2644 in denen er Meister ist, verbunden zeigten, so bot dies¬
999 2590 2069 2651 sieben Stunden beansprucht haben würde, in der Er¬
84 2590 1010 2658 ksuch: es erfordert einen Aufwand an Kosten
2067 2627 3140 2711 mal der Stoff selbst jeden erwünschten Anlaß zu theatra¬
994 2634 2071 2714 kenntnis nicht beirren, daß diese bedeutende Dichtung
91 2651 1002 2704 sihe, der sich selbst bei gut besuchtem Hause kaum
2074 2686 2981 2754 lischer Aufregung und poetischer Erschütterung.
997 2691 2078 2752 kein Buchdrama bleiben dürfe und daß einzig und allein
91 2691 1009 2756 kann und dabei sind Erfolg und gut besuchtes
2153 2733 3154 2801 Wien im Jahre 1809! Die Schlacht von Aspern;
1006 2742 2067 2806 das Burgtheater mit seinen reichen Mitteln imstande sei,
89 2724 1019 2810 on vornherein mehr als fraglich; gerade die
2071 2775 3141 2862 Napolcon in Schönbrunn. Politische Begeisterung und
1012 2766 2066 2857 eine würdige und wirksame Uraufführung zu bewerkstel¬
89 2790 1004 2859 und Buntheit des dramatischen Verlaufes, die
2070 2833 3146 2890 Niedergeschlagenheit, blutige Kämpfe, Liebesränke,
1005 2836 2071 2901 ligen. Er verhandelte mit dem Dichter und dieser war
84 2846 1017 2912 n im häufigen Szenenwechsel und in der großen
2074 2888 3143 2941 Attentate, Hinrichtungen. Aber, trotz aller äußeren Be¬
1015 2895 2070 2951 nicht eigensinnig. Ganze Auftritte mußten fallen, ein
85 2876 1018 2952 er Personen ankündigt, verspricht zwar ein ge¬
2076 2937 3145 3001 wegung keine innerlich große Zeit. Eine Zeit, in der
1007 2939 2065 3003 starkes Drittel des Buches wurde beseitigt. Der Dichter
88 2938 1018 3010 AAufsehen, läßt aber auch vermuten, daß dieser
2073 2984 3154 3052 Napoleon seine militärischen und diplomatischen Trümpfe
1000 2990 2069 3061 waltete wie ein kluger, unerbittlicher Regisseur und als
90 2997 993 3052 tische“ Verlauf — epischer Natur sein werde —
95 3036 3155 3119 lange Reihe von Gesprächen und Bildern, ein er diese Arbeit, die ihm schwerer von der Hand gehen] und Triumphe mehr noch der Kraftlosigkeit
2684 4130 2808 4202 Gn
