3296 4256
189 163 1347 267 22. Der junge Medardus
1278 1075 1498 1159 des 1#ot
598 1192 1254 1300 „ODSERTER
375 1252 1535 1381 I. österr. bebördl. konz. Unternehmen für Zeitunge-Ausschnitte
567 1320 1327 1425 Wien, I., Conoordiaplats 4.
776 1389 1108 1461 Vertretungen
371 1400 1491 1531 in Berlin, Basel, Budapest, Chicago, Cleveland, Chetstia##.
374 1464 1481 1563 Genf, Kopenhagen, London, Madrid, Mailand, Minnespolfa.
364 1508 1488 1597 New-Vork, Paris, Rom, San Francisco, Stockholm, St. Petese¬
778 1558 1088 1617 burg, Toronto.
687 1575 1165 1673 (sstenengabs eum Gru
370 1637 748 1734 Ausschnltt aue:
361 1760 516 1825 vom:
591 1745 1626 1881 251001910 Münehner Zeitung
641 1907 806 1955 ——
528 1915 1444 1997 t [Schnitzlers „Medardus“.] Unser Wiener Kor¬
463 1985 1431 2037 respolldent kelegraphiert uns: Im Burgtheater
471 2026 1445 2076 fand gestern die Uraufführung von Schnitzlers
480 2061 1434 2119 „Medardus“ statt. Es war eine gute Vorstellung.
476 2102 1433 2166 Der ganze Apparat klappte. Von den Darstellern sind
469 2148 1436 2191 zunächst Frau Bleibtreu und Fräul. Wohlgemut zu
476 2184 1430 2238 nennen. Den Titelhelden gab Herr Gerasch ganz an¬
466 2229 1428 2274 ständig, aber nicht interessant. Der Beifall war nach
469 2267 1438 2320 dem 1. und 3. Akt stark. Der Dichter konnte nach
472 2310 1437 2346 allen fünf Akten wiederholt erscheinen. Die Vorstel¬
464 2355 1438 2410 lung dauerte geschlagene fünf Stunden, mit einer
471 2393 1433 2443 einzigen längeren Pause. Das Stück spielt in der
466 2430 1442 2478 Franzosenzeit und behandelt den Fall eines jungen
471 2471 1435 2525 Offiziers, dessen große patriotische Pläne in der Lieb¬
469 2510 1442 2567 schaft mit einer Prinzessin verfliegen. Das Werk ist,
471 2554 1447 2613 kurz gesagt, eine dramatische Historie, aber kein histo¬
460 2594 778 2664 risches Drama.
1474 165 1959 253 box 26/5
2608 600 2946 681 Telsphen 12.801.
2047 733 2688 827 „ODSERVER
1820 815 2948 897 . Beters. bebördl. konz Untersehmen für Zeitungs-Ausectaltte
2008 878 2785 948 Wien, I., Conoordiaplatzs 4.
2242 928 2562 993 Vertretungen
1830 988 2944 1048 in Berlin, Basel, Budapest, Chiengo, Cieveland, Chtst.
1951 1026 2943 1075 Kopenhagen, Londen, Madrid, Mailand, Minnespols.
1825 1065 2934 1113 New-Vork, Paris, Rom, San Prancisco, Stockbohn, St. Petars¬
2241 1107 2545 1151 bunrg, Toronto.
2144 1138 2618 1200 Sieneege e
1819 1201 2213 1275 Ausschaftt aus:
2291 1257 2807 1361 25. M0UERBER 1910
1832 1329 1908 1388 ##
1894 1323 1983 1383 —:
1930 1432 2597 1530 Schnißler -Premiere in Wien.
2004 1516 2534 1579 „Der junge Medardus“.
1925 1548 2617 1626 Telegraphischer Bericht der
1981 1613 2550 1683 „Berliner Morgenpost“.
2261 1660 2675 1726 Wien, 24. November.
1874 1714 2702 1765 Im Burgtheater gelangte heute abend Arthur
1827 1752 2713 1823 Schnitzlers dramatische Historie „Der junge
1832 1801 2702 1864 Medardus“ zur ersten Aufführung. Ein Stück.
1837 1847 2717 1909 reich an glänzenden Einzelheiten, an dichterischen
1830 1892 2707 1944 Schönheiten, aber auch an dichterischen Schwächen.
1820 1931 2720 2002 Ein fühlbarer Mangel des Dramas ist vor allem, daß
1823 1973 2292 2033 es an einem Helden fehlt.
1869 2012 2709 2082 Der junge Medardus ist ein Feuerkopf, stets bereit,
1830 2055 2713 2129 sein Leben um ein Nichts in die Schanze zu schlagen,
1818 2105 2704 2165 allein er ist kein Held, kein Mann der Tat. Dieser
1826 2150 2706 2213 „seltsame Held“, wie ihn der Dichter von dem
1819 2191 2709 2257 Adjutanten Napoleons, General Rapp, nennen läßt,
1816 2237 2708 2296 kennt nur die Konsequenz der Inkonsequenz. In
1816 2268 2716 2343 keiner Situation des Dramas, das in Wien im Jahre;
1815 2325 2697 2383 1809 zur Zeit der Einnahme Wiens durch die
1825 2364 2703 2426 Franzolen spielt, handelt er so, wie er handeln sollte
1815 2410 2709 2469 oder hätte handeln müssen. Er läßt sich zu den
1817 2457 2703 2517 Freiwilligen werben, um für das Vaterland gegen die
1816 2500 2705 2550 Franzosen ins Feld zu ziehen. Da aber am Tige vor
1808 2533 2701 2601 seinem Ausmarsche seine Schwester mit einem in
1808 2585 2702 2641 Wien im Exil lebenden französischen Prinzen aus dem
1815 2631 2708 2686 Hause Valois in die Donau geht, weil der alte Herzog
1808 2679 2704 2729 von Valois in eine Verbindung nicht willigen will,
1808 2721 2705 2767 bleibt Medardus daheim, um den Tod seiner Schwester
1804 2769 2702 2825 an der adelsstolzen Sippe zu rächen. Er gewinnt die
1807 2807 2701 2868 Liebe der Prinzessin Helene, der Schwester des Prinzen
1810 2842 2696 2914 von Valois, mit der festen Absicht, sie zu kompromittie¬
1805 2899 2698 2959 ren, um der Prinzessin Schande dem alten Herzog ins
1796 2923 2702 3000 Antlitz zu schleudern. Als er aber seine Absicht aus¬
1809 2982 2689 3035 führen könnte, hat er sein Herz an die stolze Prinzessin
1810 3022 2690 3090 verloren. Schließlich beabsichtigt er, Napoleon, den
1799 3060 2692 3126 Unterdrücker Europas, der iym der Geliebte der Prin¬
1796 3104 2689 3173 zessin zu sein scheint, zu ermorden. Als er aber auf
1799 3149 2702 3220 sein Opfer lauert, erscheint die Prinzessin, und sein
1800 3193 2688 3251 Dolch wird von wilder Eifersucht in das Herz der Ge¬
1800 3246 2695 3292 liebten gelenkt, anstatt in die Brust des großen Unter¬
1801 3283 2688 3329 drückers. Nicht ohne dichterische Absicht läßt Schnitzler
1795 3322 2697 3390 seinen seltsamen Helden so inkonsequent handeln.
1793 3369 2694 3425 Er wollte den Typ des Wieners zeichnen, der sich
1794 3424 2687 3489 an Worten berauscht. Schnitzlers Drama ist eine der
1801 3448 2686 3516 blutigsten Satyren, die je auf das Wienertum ge¬
1798 3503 2691 3568 schrieben worden sind. — Die Szenen, in denen sich
1802 3544 2687 3614 der Charakter der Menge spiegelt, fanden den größten
1804 3579 1948 3645 Beisall.
1857 3633 2681 3699 Das Burgtbeater hat auf das szenen= und verwand¬
1785 3682 2672 3724 lungsreiche Stück — es dauert über vier Stunden —
1799 3711 2688 3793 außerordentlichen Fleiß gewendet. Schon nach dem
1789 3753 2683 3810 Vorspiel konnte der Regisseur, Herr Thiemig,
1786 3807 2688 3863 für den Dichter danken. Nach dem zweiten und
1791 3839 2684 3916 Fritlen Akte und nach dem Schlusse, konnte Schnitzlen
1777 3883 2164 3957 mehrmals erscheinen.
2497 3901 2670 3965 2—1.
