3344 4352
1487 170 1933 264 box 27/1
170 176 1340 291 22. Derjunge Medandus
1055 1265 2389 1333 der von der bewegten Menschheit herstrahlt, wird wieder auf sie zurück¬
1057 1332 2392 1401 reflektiert. Sie stehen in einem doppelten Lichte: als Menge unter
1058 1383 2390 1455 dem großen Schein der großen Ereignisse, als Individuen unter der
1048 1439 2394 1493 Helligkeit einer unerbittlichen Psychologie. Sie funktionieren prächtig
1055 1486 2396 1541 in Massen und haben doch die Gesichter von Einzelwesen, die genau zu
1052 1544 2390 1600 unterscheiden sind. Nicht sehr angenehme Gesichter: Neugierde, Ge¬
1053 1590 2389 1648 schwätzigkeit, Stumpfheit, herzloser Leichtsinn und schadenfrohe Schuf¬
1048 1647 2393 1700 terei sind mit scharfen kleinen Strichen hingezeichnet und personifiziert.
1045 1682 2385 1734 In dieser wiener Historie wird den wiener Menschen viel Bitterböses
1050 1735 2391 1791 auf eine besonders feine Art gesagt; mit jener eleganten Ueberlegenheit
1044 1780 2031 1845 eben, deren Ruhe fast schon wie Sachlichkeit wirkt.
1137 1833 2385 1903 Annäherungen der Form: Aus dieser bewegten Vielheit des Vol¬
1057 1885 2384 1947 kes wachsen die Schicksale der Einzelnen auf, werden von Liebe, Haß
1046 1932 2394 2002 und Begeisterung den Weg ihres Müssens getrieben, verschlingen sich
1053 1984 2392 2026 mannigsach miteinander und mit dem großen Schicksal, das über ihnen
1048 2022 2391 2099 hergeht. Schnitzler entwickelt das Erleben des jungen Medardus
1053 2079 2389 2135 Klähr, der in jenen kriegerischen Tagen auf der Suche nach seiner Tat
1045 2136 2385 2185 rastlos umgetrieben wird, aber, von der Unverläßlichkeit seines phan¬
1036 2181 2394 2244 tastisch überreizten Willens immer wieder genarrt, endlich nichts
1043 2231 2387 2278 andres für sich finden kann, als ein schönes und tapferes Sterben.
1037 2278 2380 2354 Schon hieraus ergibt sich wiederum der trennende Unterschied im Ge¬
1045 2335 2376 2396 halt der Stimmung von jenen andern Historien. Wenn jene drama¬
1043 2383 2382 2419 tisierte Heldengedichte sind, so zeigt diese hier mit Wissen und mit Ab¬
1045 2430 2391 2500 sicht das Drama eines Unhelden. Der menschliche Wille, diese einzig
1046 2486 2384 2545 unbedingte Voraussetzung jeder dramatischen Aktion, wird hier weg¬
1040 2532 2379 2581 geleugnet und verhöhnt. An seine Stelle tritt die bange Ungewißheit
1042 2582 2380 2639 vor dem Walten in uns und über uns. Ich=Angst und All=Angst:
1043 2619 2386 2685 unter ihren durchdringend starren Blicken ist die Figur dieses seltsamen
1042 2679 2380 2741 Menschen gebildet worden. Er ist der stets nachdenkliche Besinner un¬
1036 2730 2372 2795 getaner Taten, der Narr seiner heroischen Phantasien, die sich nur so
1033 2768 2378 2825 lange ungehemmt ausleben, als ihnen blos starke Worte entgegenstehen.
1040 2831 2381 2881 „Einer, der kaum geschaffen ist, andres zu erleben als den Klang von
1028 2880 2376 2927 Worten,“ sagt Onkel Eschenbacher von ihm; und hat recht. Aber
1029 2928 2373 2991 General Rapp schließt die Betrachtung also ab: „Mich dünkt, dieser
1028 2980 2377 3044 junge Mensch hätte an andrer Stelle stehen sollen.“ Das dünkt mich
1033 3036 2385 3083 auch; und meine bescheidene Meinung ist, daß er bestimmt war, einer
1033 3076 2372 3127 der vorzüglichsten Hofburgschauspieler zu werden. Denn sein innerstes
1032 3129 1721 3191 Wesen ist durchaus schauspielerisch.
1126 3171 2371 3228 Annäherungen der Form: In die Bewegung des Volkes und in
1028 3222 2366 3284 die Leidenskämpfe der Einzelnen sind, wie in jenen andren Historien,
1029 3280 2372 3324 mancherlei politische Intrigen eingerankt und versponnen. Aber nicht
1034 3325 2377 3390 als ein planvoll feindseliges Hinübergreifen von Willen zu Willen,
1038 3365 2369 3432 sondern, da in der Weltanschauung dieses Gedichtes das menschliche
1032 3427 2370 3502 Wollen ganz herabgedrückt und unter die blinde Gewalt des Unnenn¬
1030 3519 1169 3594 638
