3344 4256
1497 188 1951 274 box 26/5
180 188 1371 296 22. Der junge Medandus
336 1131 732 1219 „OBSERVER“
300 1193 778 1273 I. öeterr. behördl.
352 1253 743 1330 konzessiemrtes
438 1309 661 1385 Bureau
321 1354 766 1447 Pr Peitungsnachrichten
987 1329 1554 1459 27 HUNLRSCR IS1O
444 1425 667 1485 Wien, I.
341 1454 752 1542 Konkordiaplatz 4
851 1491 1568 1581 National Zeitung, Berlin
1738 1521 2958 1585 nimmt ihn nur leicht wie einen frivosen Zeitvertreib, in ihm lodern
1022 1568 1365 1635 — Vsten.
1739 1568 2950 1642 die Flammen. Seine Mission als Vaterlandsretter hat er ver¬
1743 1616 2949 1661 gessen, ist ganz seinem ungebändigten Herzen untertan. Da rüttelt
713 1609 1427 1680 „Der junge Medardus.“
1735 1648 2959 1702 ihn die Hinrichtung eines Oheims auf. Der Sattlermeister
626 1656 1741 1723 h. Man schreibt uns aus Wien: Es war eine Sensations¬
1749 1689 2958 1739 Eschenbacher ist dieser Oheim, von dem die Geschichte erzählt, daß
555 1711 1742 1766 premiere. Was für die Wiener etwas Gewöhnliches und Selbst¬
1754 1721 2951 1781 er in seinem Hofe zwei Kanonen vergraben hatte (im Stück sind es
559 1756 1744 1809 verständliches sein müßte: daß einer ihrer feinsten und angesehen¬
1753 1773 2947 1817 nur zwei verbotene Landkarten). Medardus nimmt sich eine er¬
567 1791 1740 1843 sten Dichter im Burgtheater eine Uraufführung erlebt, wird ihnen
1743 1810 2955 1864 lösende Tat für das Vaterland vor: er will Napoleon ermorden.
559 1824 1741 1889 zur Sensation., Seit Jahren ging kein neues Stück von Arthur
1751 1850 2942 1891 Dies ist auch der Plan der Prinzessin, die den Valois den Thron
554 1863 1742 1922 [Schnitz leajum ersten Male über Wiener Bretter. So sehr
1750 1887 2953 1956 Frankreichs retten will. Im Solde der Valois wäre die Tat jedoch
564 1901 1748 1960 ist das Burgthater, ist Wien ins Hintertreffen gerückt. Nun aber
2803 1930 2960 1983 Eine
1751 1931 2812 1973 unrein, und Medardus läßt seine kühne Absicht fahren.
560 1945 1742 2001 erwartet manzja eine sogenannte neue Aera, erwartet sie aller¬
1747 1962 2953 2009 neue Judith, begibt sich die Prinzessin zu Napoleon, um ihn in
560 1978 1748 2031 dings nicht ohse Mißtrauen nach den hilflosen Anfängen des Frei¬
1739 1999 2948 2067 einer Liebesnacht zu töten. Medardus hört, daß sie des Kaisers
557 2020 1742 2077 herrn von Berger. Da war die Aufführung von Schnitzlers dra¬
1747 2044 2944 2110 Geliebte geworden sei, und sticht sie auf ihrem Wege nieder. Ins
554 2058 1739 2112 matischer Historie „Der junge Medardus“ eine Tat. Sie
1743 2081 2945 2126 Gefängnis geschleppt, soll er Gnade finden, denn er hat den
567 2103 1740 2153 war auch eine Notwendigkeit, die nicht versäumt werden durfte.
1750 2121 2947 2184 Mordplan der Prinzessin durch seine eigene Bluttat verhindert.
555 2146 1746 2188 Repräsentative Bühnen haben eben ihre Verpflichtungen. „Der
1749 2159 2952 2224 Medardus aber nimmt diese Gnade nicht an, beschuldigt sich selbst
557 2180 1745 2232 junge Medardus“ ist ein österreichisches Stück, ist so durch seine
1752 2202 2958 2262 der Mordabsicht auf den Kaiser, und so wird er schließlich ge¬
563 2210 1742 2278 ganze Atmosphäre an Wien gebunden, daß man seine Wirkungen
1752 2234 1915 2297 richtet.
560 2257 1553 2305 früher nicht anderswo ausprobieren durfte, als hier.
1817 2267 2962 2339 An diesem Reichtum der Vorgänge, die zu hart aufeinander
640 2296 1750 2355 Schnitzler ist leider auf dem Wege weitergeschritten, den er
1755 2321 2958 2384 prallen, um eine feelische Vertiefung und eine beziehungsvollere
560 2328 1748 2386 im „Ruf des Lebens“ betrat. Um dramatisch und kraftvoll zu wir¬
1743 2368 2943 2419 Ausbreitung zu gestatten, krankt das Stück. Die Figuren sind ja
549 2359 1737 2428 ken, häuft er gewalttätige Szenen. Begräbnisse, Duelle, Morde
1744 2405 2947 2448 äußerst lebendig und mit sublimen Abtönungen hingestellt, die
561 2416 1737 2467 und kriegerisches Toben drängen sich betäubend aneinander. Man
1739 2441 2942 2483 Stimmungen, die aus den altwiener Interieurs, aus den Ve¬
564 2456 1749 2503 ist im Wien des Jahres 1809, in dem Napoleon die Stadt bela¬
1750 2471 2953 2540 dutten von Basteien, Schönbrunn und Donaulände steigen, die
547 2493 1744 2549 gerte und nahm. Medardus ist der junge Sohn einer Buchhänd¬
1743 2520 2951 2580 Details, die feinnervig und geistvoll den Dialog färben, bezeugen
556 2525 1740 2584 lerswitwe, der als Freiwilliger gegen die Franzosen ziehen will,
1751 2553 2948 2600 die künstlerische Hand Arthur Schnitzlers. Doch sind nur kaleido¬
562 2573 1747 2618 ein stürmischer Held, aber nur ein Held von Hamleis Natur.
1741 2585 2959 2657 skovische Bilder entstanden, die einander jagen und nur kultur¬
554 2607 1745 2656 Seine Schwester Agathe ward vom Prinzen von Valois geliebt und
1747 2635 2950 2689 historisch und durch alle Einzeltypen interessant sind; es fehlt die¬
562 2647 1737 2694 verführt. Der Prinz fühnte sein Vergehen, indem er mit dem
1747 2676 2947 2739 ser Fülle die Geschlossenheit, die zusammenraffende, starke, nur
551 2686 1744 2738 Mädchen in den Fluten der Donau untering. Beim Begräbnis
1737 2716 2955 2773 durch die Psychologie zu ermöglichende innere Einheit. Wie immer
557 2727 1735 2769 des Paares begegnet Medardus der Prinzessin von Valois auf dem
1749 2758 2952 2809 in Schnitzlers Stücken wohnen auch hier Erotik und Tod bei¬
561 2762 1745 2814 Friedhof, und treibt sie, von Schmerz und Rache durchwühlt, vom
1737 2791 2955 2854 sammen, durchdringen einander, mischen sich und sind ein recht per¬
562 2805 1750 2853 Grabe weg, auf dem sie Blumen niederlegen wollte. Den Schimpf,
1740 2832 2951 2874 verser, hochgetriebener Rausch. Nicht Liebe spielt die große Rolle,
558 2829 1746 2889 den er ihn angetan, soll er im Duell mit ihrem Vetter, dem Mar¬
1745 2867 2954 2924 sondern eben die Erotik, und das Publikum vermißt instinktiv eine
554 2880 1735 2925 quis von Valois büßen. Medardus wird im Zweikampf verwundet.
1750 2901 2947 2972 ideale Tendenz. Es gewinnt für Medardus, den finnlich flackern¬
554 2910 1745 2971 Und während er mit der Wunde niederliegt, erhält er von der
1747 2934 2950 3005 den und leidenschaftlichen, nicht die Sympathie, die ihm zufliegen
554 2963 1745 3011 Prinzessin die für das Grab bestimmten Blumen. Da wacht in
1748 2973 2939 3058 würde, wenn er ein etwas weniger neurasthenischer und edlerer
560 2991 1738 3042 ihm der verteufelt Gedanke auf, die Prinzessin, von der er jetzt
1742 3024 2681 3081 Jüngling wäre, und die ihm der Dichter wünscht.
549 3023 1746 3090 weiß, daß seine männliche Tapferkeit und brausende Jugend ihr
548 3060 1751 3120 Herz so jäh betört haben, obwohl sic dem Marquis verlobt ist, zu!
1818 3058 2943 3119 Mit dem Aufgebot seines ganzen Ensembles inszenierte das
1963 3102 2013 3133 71
546 3114 1742 3165 entehren und dann der öffentlichen Schande preiszugeben. So
1747 3097 2934 3161 Burgtheater Schnitzlers Drama und ließ die zahlreichen Bilder auf
555 3149 1736 3200 glaubt er seine Schwester am besten zu rächen. Denn dieser Jüng¬
1741 3153 2938 3195 der Drehbühne wechseln. Der immer noch glänzende Arvarat
543 3190 1742 3251 ling wird sich nicht klar darüber, daß des Prinzen Tod längst jede
1740 3191 2951 3251 funktionierte vortrefflich, die Mischung von Historie und Phantasie
545 3225 1742 3274 Rache ausschließt, und die Valois ebenso trauern, wie seine Mut¬
1738 3232 2938 3289 spiegelte sich wundersam in den Regiekünsten. Herr Gerasch
534 3261 1736 3314 ter und er. Seine Leidenschaftlichkeit, die von keinem festen Wil¬
1743 3273 2943 3331 ersetzte persönliche Farbe durch temperamentvolle Jugendlichkeit,
552 3303 1743 3351 len gelenkt wird, jagt ihn in sein Unglück. In der Umarmung der
1741 3310 2941 3358 Fräulein Wohlgemuth war eine ganz delikate, noble Prin¬
517 3329 2946 3410 Prinzessin erlischt sein Zorn und schlägt in Verliebtheit um. Sie1zessin, und so blieb der Beisall immer in nicht aus. da man sich
1726 3432 2935 3492 ja auch freute, Schnitzler wieder einmal vor diese Rampe rufen zu
1715 3476 1916 3548 können.
