3392 4320
1050 129 1143 207 M.
316 146 1483 240 22. Derjungdandus
1646 139 2090 250 box 27/3
1335 572 2176 677 „OBSERVER
1435 667 2133 734 I. österr. behördl. konzessioniertes
1405 693 2155 775 Unternehmen für Zeitungs-Ausschnitte
1470 764 2076 842 WIEN, I., WOLLZEILE 11
1537 819 2008 883 TELEPHON R-23-0-43
1338 955 2010 1092 Auschnlit auper Koron Wen
1742 1067 2135 1171 9.MAI ISS.
1322 1173 1478 1248 vom:
1510 1270 1690 1334 —
1623 1326 2057 1447 Theater
1370 1451 2297 1563 Der junge Medardus
1400 1536 2293 1620 Das Burgtheater mobilisierte seine große
1368 1597 2289 1678 Armee, um die Auferstehung der dramatischen
1367 1635 2284 1744 Historie von Arthur Schnitzler pietätvoll
1367 1687 1717 1756 zu seinern, aber
1885 1702 2286 1773 blieb fast unbe¬
1371 1749 2275 1818 lohnt! Wiesos Ist doch dieses Meisterwerk des
1370 1786 2281 1873 Dichters, das die Kriegsnöte und Herzens¬
1367 1846 2275 1917 wirren während der zweiten Wiener Franzosen¬
1355 1900 2271 1975 invasion so großartig schildert, noch unverwelkt
1355 1940 1988 2014 und heute zeitgemäßer denn je.
1389 1996 2266 2068 Herterichs Inszenierung klappte, Künstler
1357 2038 2271 2121 wie Georg Reimers mit dem sozusagen
1351 2082 2264 2175 noblen Schmerz des Herzogs von Valois, die
1353 2146 2255 2208 Medelsky als bürgerlich=heroische Mutter
1341 2181 2256 2266 Klähr, Maierhofer als grundgescheiter und
1340 2250 2247 2322 todgeweihter Eschenbach, Hennings als ga¬
1337 2293 2260 2363 lanter Marquis, Ortner=Kallina als
1336 2344 2257 2418 rührendes Opfer feudalen Hochmuts, Heine
1340 2383 2256 2466 als kluger Doktor Assalagny und Arndt als
1344 2437 2252 2504 farkastisch=wehmütiger Wiener Arzt betreuten
1332 2482 2253 2577 die edle Dichtung, die trotzdem nur spärlichen
1339 2524 1622 2592 Beifall fand.
1367 2583 2247 2666 Wohl ist Alfred Lohner ein noch nicht
1335 2627 2241 2713 fertiger Medardus und Ebba Johannsen
1330 2689 2249 2757 keine dämonische Rächerin, aber in beider
1316 2732 2243 2817 Lieben und Hassen loderte doch auch echtes
1321 2775 2239 2859 Feuer der Leidenschaft, wofür sie mehr Aner¬
1326 2833 2236 2907 kennung verdient hätten, als ihnen zuteil
1323 2885 2243 2952 wurde. Sehr angenehm plauderte Maria
1330 2924 2228 2991 Mayen als Kammermädchen; wie einst im
1324 2977 2226 3061 Mai gespensterte Straßni auf der Bastel als
1317 3029 2230 3106 überlebensalter Adabei; hoheitsvoll schritt Anna
1318 3088 2223 3145 Kallina als Herzogin einher, und ein treuer
1317 3127 2228 3207 Freund war Emmerich Reimers als Etzelt.
1313 3179 2219 3239 Auch Walter Huber, Höbling, Maria
1300 3223 2219 3301 Kramer und andere nahmen sich mit warmem
1309 3279 2224 3363 Eiser der guten Sache an. Das Publikum aber
1300 3318 1549 3383 blieb kühl.
1345 3358 2207 3448 Was war die Ursache dieser seltsamen Hal¬
1303 3424 2212 3492 tung? Vielleicht der Mangel an erforderlichen
1308 3475 2211 3540 Proben? Oder vergaß man, daß der wahre
1292 3516 2218 3599 Held des Dramas der Geist jener Zeit ist, wie
1296 3564 2221 3648 er sich als österreichisches Schicksal im Geiste
1297 3618 2217 3696 des Dichters spiegelte? Oder weil der große
1286 3680 2210 3746 Wind, der laut Versicherung des Wiener Volks¬
1294 3719 2199 3800 mundes Anno Neun gegangen ist, in der Auf¬
1295 3770 2203 3851 führung — symbolisch gemeint — nicht zu
1301 3816 2205 3897 spüren war? Wie dem auch sei, besser einge¬
1290 3862 2194 3938 spielt, wird der junge Medardus wieder seine
1292 3919 1814 3982 alte Lebenskraft erweisen.
2042 3936 2172 3993 1. b.
