3436 4320
988 138 1196 220 Meda
253 130 1429 268 22. beadardus
1587 149 2051 248 box 27/3
619 1051 3358 1217 Katastrophe gefaßt macht.., zumal die in Mesopotamien kämpfenden bewerd im Sommer 1914 in Warnemunde wurden auch virelter wie
1954 1090 3355 1303 in une e en ener Aere en ererser  e
1010 1196 1514 1339 Feuilleton.
1843 1257 3346 1369 und das Burgtheater schreiben. Es hätte einige unerfreuliche gewisse innen
1856 1309 3363 1412 Seiten. Man könnte von Vernachlässigung, könnte von mancher Es ist wor
1036 1324 1458 1426 Burgtheater.
1846 1345 3098 1457 Kränkung und mancher Lieblosigkeit sprechen, nebenbei natürlich
3074 1383 3334 1470 innert sich
644 1393 1833 1490 Neu einstudiert: „Der junge Medardus“ von Artur
1848 1402 3087 1500 auch von manchem Glanz. Der Sinn, die naturgewachsene Tradition
3086 1444 3323 1509 manns!
1112 1441 1411 1525 Schnitzler.
1844 1439 3311 1550 des Burgtheaters verweist immer auf Schnitzler. Er erfüllt diesen vollendetes
1172 1498 1318 1570 Bon
1853 1499 3102 1598 Sinn und diese Tradition wie keiner seit Giillparzer mehr. Es!
3081 1519 3354 1601 Herr Reimc
996 1531 1504 1641 Leopold Jacobson.
1847 1550 3085 1661 ist sein künstlerisches Vaterhaus, dem er freilich mehr gegeben hat,
3086 1581 3345 1656 nur im Ents
1849 1597 2368 1691 als er von ihm empfing.
720 1615 1870 1698 Die Geburtstagsglocken klingen. Artur Schnitzler feiert
3067 1632 3345 1702 jungen Me#
601 1644 1864 1750 seinen sechzigsten. Hundert Feuilletons grüßen ihn, beschreiben
1953 1651 3083 1750 Nun hat man ihm, wie es rechtens war, einen Geburts¬
3083 1677 3338 1752 Redlichkeit, d
602 1701 1845 1799 ihn, zergliedern ihn, spüren seinen geistigen und seelischen Re¬
1848 1708 3079 1809 tagstisch bereitet. Man spielt den „Jungen Medardus“ wieder,
3067 1726 3336 1801 ins Wienerisch
603 1746 1848 1838 gungen nach, sagen ihm Liebenswürdiges, Verbindliches, Hul¬
1841 1761 3090 1855 das umfangreichste, figuren= und bilderreichste aller Schnitzlerschen
3075 1778 3344 1868 Melancholien
596 1812 1849 1900 digendes. Anatol, süßes Mädel, Leutnant Gustl, Herr von
1844 1807 3080 1898 Stücke. Es ist weniger problematisch als bunt, scheint auch nicht
3072 1825 3344 1892 als auf die
598 1852 1840 1945 Scala, Medardus, Casanova, Puppenspiele, Märchen, Traum,
1852 1859 3341 1937 so sehr den Schnitzlerschen Ausdruck zu geben, wie irgendein gedanken abg
603 1901 1849 1986 Liebe, Tod und Walzer, tanzen in dieser Komödie der Worte
1844 1916 3336 2004 anderes. Aber je mehr man hineinhorchte, desto stärker erklingt Er zeigt meh
599 1942 1848 2033 einen Reigen. Man liest das alles, schaltet oft ein: Wie treffend!
1847 1953 3342 2038 die eigene Melodie. Es ergeht einem mit Schnitzlerschen Stücken als Etzelt ha
596 1999 1848 2096 Wie fein! und wenn man beim Ende angelangt ist, empfindet
1843 2001 3065 2091 jetzt fast immer so; je weiter entfernt sie scheinen, um so näher
3066 2020 3271 2082 förderlich,
597 2049 1836 2133 man irgendwie eine Leere, für die sich keine Erklärung findet.
1824 2015 3067 2148 kommen sie einem. Es scheint, als ob sie den Gedanken und
3059 2062 3327 2138 Eschertäscher
598 2092 1851 2183 Dann schlägt man den ersten besten Band eines Schnitzlerschen
1831 2100 2909 2198 seelischen Stimmungen von morgen vorausgeeilt wären.
3046 2113 3343 2185 korrekt ausg
584 2129 1846 2236 Buches auf. Nach ein paar Seiten wird man von einer Melodie
3037 2161 3337 2234 wienerischen
1934 2179 3311 2273 So ist es, seltsamerweise, auch mit dem „Jungen Medardus“, Hintergrund.
591 2191 1840 2275 eingefangen, die es einem plötzlich klar macht, warum Schnitzler
1835 2191 3345 2322 der dramatischen Historie von gestern. Ueber die theatermäßige Geste für den
587 2226 1836 2321 das in Worten nicht nachzudichten ist. Er spielt seine Melodie
1830 2260 3062 2360 Anekdote und das Zeitkolorit hinweg wird in diesem Werk etwas
595 2283 1840 2376 selbst. Melodien aber sind nicht zu beschreiben. Man kann sich
3052 2302 3338 2368 zierlich huschen
1834 2309 3052 2398 Heutiges lebendig. Vor zwölf Jahren wurde es geschrieben, und
586 2332 1828 2423 mit dem Geistigen bei Schnitzler auscinandersetzen, das den Bogen¬
3047 2351 3339 2423 Fräulein Pün
1827 2359 3330 2469 vor zwölf Jahren, ehe Krieg war, schilderte Schnitzler voraus- bulenter Drast
593 2386 1834 2483 strich instrumentiert; das andere ist unnennbar. Es ist schwingende
1831 2408 3340 2519 ahnend, mit dem zweiten Gesicht begabt, Kriegsstimmungen von zurechtgestriche
585 2430 1830 2520 Atmosphäre; es ist lebendiger Hauch von Menschen, Landschaften,
1820 2453 3059 2557 heute; erschaute den echten und den salschen militaristischen Geist;
586 2473 1832 2568 Blumen, Bildern, Türmen, Häusern, von farbigen Prospekten und
3039 2492 3332 2569 führung, dam
1823 2498 3045 2600 das Heldentum und den Mitläufer; den ins Elend geratenen,
577 2513 1822 2614 kostbaren Büchern. Man fühlt Bekanntes, Verwandtes, Emp¬
3040 2551 3343 2610 voll leuchtende
1825 2551 3335 2663 lästig gewordenen Invaliden; die Hungerstimmung; den Mörderhänden
584 2571 2992 2673 fundenes und Ungesagtes, spürt, daß alles zusammengehört, nicht Charakterwandel; die Resignation. Alles ist angetönt
576 2622 1825 2720 ein Einzelnes ist, sondern etwas Zusammenfassendes: eine Stadt,
3022 2629 3330 2710 weiter: die M
1823 2645 2717 2722 nicht als Tendenz, als Zustandsschilderung,
575 2660 1057 2735 eine Welt, eine Rasse.
2695 2675 3330 2753 als Arabeske — Zerquältheit; #
1795 2697 3330 2797 zu einem Zeitbild. Dieses Stück, mit siebzig Personen auch manches
697 2715 3050 2828 Artur Schnitzler feiert seinen sechzigsten Geburtstag. Das bevölkert, ist zugleich eine Heerschau über alle Schnitzlerschen
3039 2788 3328 2854 anderen Figur
575 2754 3047 2875 sieht so aus, als wenn er ein alter Mann geworden wäre. Aber Gestalten. Man trifft sie wieder: den Anatol und das süße
579 2799 1817 2898 man braucht nur sein erstes und sein letztes Buch zu lesen, und
3127 2833 3328 2892 Aber da
1810 2835 3039 2931 Mädel, die Jugend mit ihren Hoffnungen, ihren Freuden und
561 2856 1817 2967 weiß, daß er genau so ißt wie er im Anfang war: Blüte und
3030 2873 3329 2946 Schnitzleis M
1817 2885 3046 2974 Schmerzen, den Tod, die Liebe, den Walzer, die Menschen mit
575 2887 846 2980 reife Frucht.
3031 2928 3333 3000 feiern, und wa
1787 2900 3033 3035 den gefaßten und anerzogenen Gefühlen. Die Melodie ist etwas
3027 2960 3326 3049 mächtig an, hi
677 2961 2794 3070 Wir wollen es nicht wahr haben, daß er zu Jahren ge¬ lärmender instrumentiert, aber sie dringt klar durch.
561 2979 842 3088 Kmmen ist.
3005 3014 3275 3095 Gruß an
1910 3038 3301 3147 „Der junge Medardus“ war einmal das, was man eine gedrungen ist
1772 3066 3308 3199 Glanzaufführung des Burgtheaters nennt. Sie ist noch heute, in bleibest wird.
3127 3313 3320 3421 76
2657 3250 3004 3462 7.7
