3392 4384
320 140 1485 266 22. ber junge Medandus
1635 169 2108 264 box 27/4
1590 918 2041 1007 REvUEs ETRANGERrs.
2396 928 2531 1019 943
1099 975 2521 1097 la Fianeee de Messine n’est pourtant pas une pièce pour orgue de Barbarie!
1108 1049 2530 1142 a Jete salue avec respect!n Recommencez tout le morceau, messieurs, 8’il
1112 1095 2516 1195 vous plait! e Jete salue avec respect, salle somptueuse! . Voild comment
1108 1135 2513 1227 il faut dire, messieurs!e Dans son fourreau. ) Unpoint! Non, je me trompe:
1094 1197 2515 1285 & Le princier berceau! „II ya un point, messieurs! Ignorez-vous donc co
1095 1237 2508 1333 que signifle un point? Navez-vous donc auchne notion de votre rudiment?
1095 1285 2007 1373 Au fait, veuillez continuer la phrase suivante!
1152 1333 2505 1446 LE pocizun KEoxL. Er KArERsTEIN. — a Dans le fourreau — repose l’épée.
1151 1395 2503 1474 Car de lhospitalière maison — le seuil intangible — est gardé parle
1091 1430 1697 1512 serment, fils des Erinnyes. „
1149 1491 2505 1572 HASSENnturEn (qui s’est leve en sursaut, et court de long en large, kont
1095 1541 2496 1631 en eriant). — Halte! Vous ignorez donc aussi ce que c’est qu'un serment,
1092 1577 2506 1685 Kaferstein? & Est gardé par le serment, fils des Erinnyes.n Cest le serment
1084 1628 2495 1740 qui estle fils des Erinnyes, Kegel, comprenez-vous? Il faut que votre voix
1088 1686 2491 1777 frémisse, il faut que l’auditoire ait la chair de poule, jusqu’á la plus som¬
1082 1720 2491 1833 nolente des ouvreuses! Tout de méme, vous n’étes pas sans comprendre,
1076 1790 2489 1887 Jimagine, qu'un serment et une chope de bière de Munich sont deux
1083 1835 1869 1911 choses différentes? A votre tour, Spitta!
1145 1879 2476 1975 Spirra (récilant). — Mon ccur se souléve de colère dans mon sein.. )
1137 1932 2482 2031 HASSENREUTER. — Un moment! #Ilcourt vers Spitta, et lui plie les sambes
1068 1987 2477 2071 et les bras, afin de lui donner une pose tragique.) L'attitude sculpturale, en
1071 2037 2477 2129 premier lieu, vous fait défaut, mon cher Spitta! Le fait est que la dignité
1071 2085 2477 2167 d’un personnage tragique ne se reconnaft guère dans votre figurel... Et puis
1062 2125 2474 2213 j’aperçois notre excellent portier, que j’avais prié de venir me parler: si
1063 2187 2470 2276 vous le voulez bien, nous allons interrompre la lecon pour un instant!
1068 2224 2470 2325 (Se fournant vers le pertier.) Me voici tout à votre service, monsieur lo
1068 2273 2471 2354 vice-propriétaire! Ou, plus exactement, c’est moi qui vous ai prié de
1067 2318 2475 2423 mhonorer de votre visite parce que, à mon grand chagrin, il se trouve
1067 2378 2462 2456 que plusieurs caisses remplies de costumes ont disparu de mon grenier,
1059 2416 1884 2498 ou, en d’autres termes, m’ont été volécs.
1117 2482 2466 2568 LE PORTiEk. — Monsieur le directeur, je vais aller voir un peu lä-haut!
1114 2515 2458 2621 HASSENREUTER. — C’est cela, veuillez avoir cette bonté! Vons trouverez
1048 2580 2462 2667 lä-haut Mu. John, que cette découverte paraft avoir inquiétée plus encore
1065 2615 1298 2680 que moi
1098 2673 2457 2758 KArERSTEIN. — Chez ma défunte mère, lorsqu'un objet venait à manquer,
1053 2721 2451 2796 dans la boutique, toujours on disait que les rats l’avaient mangé. Et vrai¬
1047 2781 2451 2867 ment, ce qu’il y a de rats et de souris ici, dans cette maison! J’ai failli
1042 2820 2218 2910 écraser une de ces bétes, tout à l’heure, en montant l’escalier.
1105 2896 2444 2993 Quelque temps encore, la conversation se poursuit entre Hassen¬
1038 2960 2450 3054 reuter et ses hôtes sur ce vol, qui se rattache plus expressément au
1039 3009 2448 3122 sujet de la pièce. Et puis le portier va rejoindre Mue John à l’étage
1043 3069 2439 3171 supérieur, et Erich Spitta, l’ex-étudiant en théologie, est de nouveau
1025 3126 2436 3239 invité par le professeur à déclamer sa strophe de la Mancée de Mes¬
1036 3168 1175 3246 sne:
1087 3247 2437 3338 Spirra (recitant d’une voir koute simple et sans auenn accent). —  Mon
1026 3323 2429 3413 cceur se souléve de colère dans ma poitrine, — et mon poing se serre pour
