3392 4224
1571 161 2021 266 box 26/5
248 165 1418 281 22. Denjunge Medandus
2886 1118 2987 1199 —
738 1191 3007 1257 welche die Bühnentechnik verfügt, um Auge und Ohr des junge Medardus nicht der Zeitgenosse wichtiger historischen
759 1235 3006 1315 Publikums zu fesseln, ohne Rücksicht darauf, ob es dann Ereignisse gewesen wäre, hätte ihn kein einziger seiner
160 1231 782 1339 eMedardus.“##
761 1299 3005 1349 noch imstande ist, den Worten des Dichters zu folgen, Charakterzüge dazu prädestiniert erscheinen lassen, daß ihm
1869 1328 2998 1388 nach hundert Jahren ein literarisches Denkmal gesetzt werde.
150 1310 760 1390 Bildern von Artur Schnißler.
758 1334 1887 1408 seine Absichten zu begreifen, sich für seine Gestalten zu
1876 1364 3002 1435 Und der Autor hat nichts, rein gar nichts getan.
147 1368 749 1437 urgtheater am 24. November.)
754 1389 1049 1455 interessieren.
1876 1422 3001 1480 um diesem in jeder Beziehung herzlich unbedeutenden
174 1410 780 1492 unserer modernen Dramatiker
845 1419 1885 1493 Das Hofburgtheater besitzt nun, dank Herrn
771 1478 3004 1534 Artur Schnitzler, ein Ausstattungsstück, das der so bru= Menschen ein Relief zu geben. Trotzdem Medardus Klähr,
170 1474 776 1552 von unseren „jungen“ Bühnen¬
776 1498 3016 1580 talen Dramatisierung des Romanes „Anna Karenina“ ge der Wiener Buchhändlerssohn, der wegen der von ihm ein¬
139 1511 763 1589 hnung „jung“ muß sich keines¬
772 1546 3016 1623 wiß erfolgreich Konkurrenz machen wird. Gab es dort einen gestandenen Absicht, Napoleon im Schönbrunner Schlosse
142 1570 762 1621 Alter des Betreffenden decken —
152 1615 3005 1665 wie sie angefangen haben, es Rennplatz mit allem Zugehör, einen vorüberrollenden Eisen= nach dem Leben getrachtet zu haben, füsiliert wurde, ein
1870 1628 3013 1692 gut Teil der fünf Stunden Spieldauer des Stückes auf der
153 1648 1884 1716 raussagen, wie und wo sie auf= bahnzug, unter dessen Räder sich die Heldin wirft, so kann
1870 1675 3013 1736 Bühne steht, ist es uns nicht möglich, einen tieferen Ein¬
153 1698 1880 1759 wicklung ist eine so sprunghafte, die gestrige Novität noch mit viel wirksameren und sehens¬
1871 1721 3015 1779 Tlick in sein Seelenleben zu tun, wir sind nur Zeugen seiner
158 1736 1882 1805 zuläßt und nicht eine einzige würdigeren Bildern aufwarten. Die Beschießung Wiens
1885 1764 3007 1826 taum mehr zu überbietenden Unbeständigkeit, seiner Un¬
554 1781 775 1841 unwillkür¬
764 1785 1886 1849 durch die Truppen Napoleons im Jahre 1809, von den
291 1790 417 1860 sich
137 1774 313 1864 nert
1884 1805 3013 1866 jähigkeit, einem gefaßten Entschlusse treu zu bleiben, einen
777 1822 1892 1894 durch reguläres Militär und Bürgergarden verteidigten
146 1827 777 1895 gang so mancher galanten
1871 1853 3014 1918 Plan in die Tat umzusetzen. Wir sehen auch die Folgen dieser
148 1871 1886 1932 verbotenen Früchte gab, die sie Basteien aus gesehen, die Exekutierung von Wiener Bürgern,
1882 1885 3015 1963 unglückseligen Veranlagung, ohne daß sich dadurch unsere
776 1921 1887 1979 die als Opfer des von den Franzosen proklamierten Kriegs¬
141 1918 772 1979 die dann im Alter mit frommem
1876 1950 3015 2022 Teilnahme für den einem schwanken Rohre gleichenden
774 1971 1896 2023 rechtes fielen, das Schönbrunner Schloß mit seiner von
140 1963 775 2028 ungsvoller Demut Tugend und
1871 1989 2416 2065 Medardus steigern würde.
771 2002 1893 2065 Gardedukorps besetzten Freitreppe, die zu den von Napo¬
165 2005 786 2062 e„Modernen“ hatten so ziemlich
1955 2019 3009 2090 Die Zeit und der Schauplatz der Handlung müssen
161 2041 1892 2102 e dramatischen Dichter Regel und leon bewohnten Gemächern führt, im Vordergrunde Scharen
1892 2068 3014 2136 natürlich auf das Wiener Publikum einen starken Anreiz
145 2100 1887 2150 Krieg erklärt, sie gebärdeten sich von Wienern, die die Neugierde hinausgetrieben hat, dazu
1885 2132 3014 2181 ausüben. Die alte Kaiserstadt an der Donau zu Beginn
786 2137 1886 2198 Kanonendonner, Gewehrfeuer, Trommelwirbel, Trompeten¬
138 2138 773 2206 die keinen Stein auf dem anderen
1875 2175 3011 2228 des XIX. Jahrhunderts, mit ihren Trachten und Uniformen,
780 2176 1888 2238 geschmetter und Glockengeläute — naives Gemüt, das du auf
140 2179 782 2252 den Klassikern machten ihre scharfe
1884 2209 3010 2274 ihren zumeist längst dem Schicksale der Demolierung ver¬
775 2233 1886 2281 der Bühne auch etwas sehen willst, was willst du noch
163 2215 784 2279 r nicht Halt. Sie lächelten mit¬
1888 2234 3024 2309 fallenen Baulichkeiten — das ist etwas, was von vorn¬
784 2257 1899 2326 mehr? Von einem so bunten, sigurenreichen Hintergrunde
166 2274 783 2327 Schillers, sie zuckten die Achseln
1887 2286 3019 2357 herein für eine Anzahl ausverkaufter Häuser garantiert,
777 2316 1888 2371 mag sich vielleicht trotz alledem die Gestalt eines wirklichen
144 2311 796 2377 ie Szene mit wildbewegten Massen
1877 2347 3013 2400 denn Lokalpatriotismus besitzen auch jene Wiener Kreise,
777 2350 1895 2419 Helden, der unser ganzes Interesse in Anspruch nimmt
154 2358 789 2420 die auf leerer Bühne vom Helden
1878 2382 3025 2447 die sich offiziell nicht dazu bekennen wollen, in ausreichendem
774 2398 1892 2465 und der — bewußt oder unbewußt — den Mittelpunkt der
152 2393 798 2464 konnten sich gar nicht bitter genug
1883 2435 3019 2484 Maße. Das Vorspiel setzt in bewegten Tagen ein. In den
777 2444 1888 2500 Handlung, die Axe, um die und durch die sich alles bewegt,
135 2448 794 2512 rch eine Reihe von Veränderungen
1894 2479 3013 2536 Straßen Wiens sieht man mehr Soldaten als Zivilisten, alles
142 2485 1891 2545 kndlung zerrissen werde. Und nun plastisch abheben. Der junge Medardus ist aber nicht von
1889 2518 3011 2575 ist aufgeboten, um Napoleon entgegenzuziehen und ihn in
146 2519 1895 2595 hnitzler mit einem Drama, das ldieser Art. Dieser Jüngling, dessen Name dem Schnitzler¬
1892 2561 3029 2618 seinem Marsche aufzuhalten. Der Sohn des verstorbenen
136 2578 1896 2638 was er und seine Freunde einstens'schen Drama den Titel gegeben hat, bleibt uns während
1892 2611 3024 2670 Buchhändlers Klähr, der „junge Medardus“ (Herr
779 2613 1894 2680 der fünf Stunden, die die Aufführung in Anspruch nimmt,
139 2621 795 2680 ogma ausgegeben hatten. Da in
1892 2640 3017 2712 Gerasch), hat auch die bürgerliche Kleidung abgelegt und
136 2659 1896 2745 er Verinnerlichung der tragischen ziemlich gleichgültig. Wir können ihm keine Sympathien
1880 2691 3017 2752 die Uniform angezogen, gleich den meisten anderen Stu¬
146 2701 1899 2770 mehr die Dynamik der Seele, die schenken Fblen aber auch zu direkter Antipathie keinen
177 2735 3012 2802 bestimmt, sondern #s #piel ## Antag.#r ist ein Mensch, den man nicht denten. Er verbringt den letzten Abend an der Seite seiner
1465 2787 3032 2861 Es ist begreiflich, Mutter (Frau Bleibtreu), seiner Schwester (Frau
141 2775 1487 2856 ichkeit ab. es wird auf keinen de lieben und nicht hassen kann.
143 2838 3027 2916 #bllosen Hilfsmittel verzichtet, über daß mit so rtwas nicht viel anzufangen ist. Wenn der 1Medelsky) sowie seines Onkels, des Sattler¬
131 2971 861 3050 gswege im Jehee 1900 aus gellen
144 3019 847 3095 ministerium 7 Peltionen, für die
417 3066 859 3136 die Türkei 7,700.000,
146 3072 378 3137 Zahiun.
152 3103 850 3169 ikationskesten 11 Mitlicnen, Mehr¬
167 3148 855 3207 er aus den piretten Steuern 11 Mil¬
142 3190 858 3256 wo infolge größerer Einnahmen auch
136 3229 853 3290 zahlen und, 4,200.690, bei der Post¬
152 3271 850 3332 anläßlich der Eisenbahnverstaatlichung
475 3299 863 3362 Millionen Kronen
140 3305 493 3364 bt
134 3334 865 3421 Ahatet ## A090 K.; im Aderban¬
162 3384 864 3442 im Justizministerium 2,900.000, im
135 3408 872 3483 02000 im Unterrichteministerium
133 3446 863 3511 ensionisten 7,200.000 u. s. w. Dem
148 3491 864 3566 hnahmen gegenüber, so aus den direkten
143 3533 760 3608 aus den indirekten 70 Millionen.
136 3587 717 3651 digkeit der Finanzreform.
142 3639 876 3696 sodann dar, wie er das Defizit des
140 3688 874 3752 stellungen und dann durch die Anleihe
138 3726 868 3783 Es ist begreiflich, daß ich doch nicht
138 3757 869 3820 zweitesmal einen derartigen Schritt
149 3809 868 3857 Wir haben getrachtet, zweierlei zu er¬
147 3842 866 3904 wir, wie ich dargetan habe. die Ein¬
140 3875 871 3943 gibt aber auch keine Drosse¬
157 3921 869 3992 bescheidenes Budget, das in dem
143 3957 873 4010 Verhältnisse möglich ist. Daraus kann
144 3991 882 4058 iger als den Schluß ziehen, daß wir
137 4025 878 4089 stes Budget haben, daß schon alles in
134 4064 875 4133 rauchen notwendig eine Aufbesserung
145 4119 876 4166 Staates. Es wird erst dann Ord¬
581 4153 728 4194 Fretor
