3344 4256
1530 103 1960 204 box 26/5
188 120 1346 213 22. Denjunge Medandus
1202 349 2483 426 nännischen“ Stil ist „Der junge Medardus“ wahrhaftig nicht
1205 401 2466 457 ingelegt. Gewiß, in den Buchhandlungen gehi er reißend,
1206 437 2487 516 innen wenigen Tagen mußte die dritte Auflage veranstaltet
1214 482 2484 576 verden und in einer Buchhandlung geschah es einmal, daß, als
1209 531 2479 617 er Vorrat momentan ausgegangen war und für einen Stamm¬
1218 580 2480 657 unden ein Exemplar zur Stelle geschafft werden sollte,
1209 631 2478 713 vergeblich in die anderen Buchläden herumgeschickt wurde.
1218 678 2491 767 is war keines aufzutreiben. Sicher ist es auch, daß nach aller
1217 723 2486 802 Voraussicht ds Stück die Burgtheatersaison beherrschen und sie
1219 778 2482 852 iberdauern wird. Als ebenso wahrscheinlich aber ist anzunehmen,
1209 827 2482 910 daß um jedes andere dramatische Werk Schnitzlers, von
2118 872 2488 939 der auswärtigen
1219 876 2105 961 der „Liebelei“ angefangen, das „Geriß“
1208 920 2492 992 Theaterdirektoren ein größeres gewesen sein dürfte, als
1313 985 2489 1037 wohl diesmal der Fall sein wird. Nicht aus¬
1230 1015 2503 1096 chließlich und allein wegen des ungewöhnlich exorbitanten
1214 1064 2493 1140 zenischen Apparats und Massenaufgebotes, dem selbst unter
1217 1128 2507 1184 den großen Bühnen wohl nur wenige genügen können, sondern
1221 1165 2503 1229 ebensosehr wegen des historischen Schauplatzes: Wien. Denn
1222 1214 2505 1289 wer nur einigermaßen Gelegenheit gehabt hat, mit dem dramatischen
1218 1263 2496 1341 „Markte“ in Berührung zu kommen und dessen Getriebe und
1221 1307 2506 1382 Bedingungen kennen zu lernen, dem braucht nicht erzählt zu
1225 1362 2510 1429 werden, welchen förmlichen Schrecken es den Theatergeschäfts¬
1227 1408 2512 1499 leuten für den auswärtigen Betrieb einjagt, wenn sie bei einem
1222 1465 2507 1531 ihnen übergebenen Stück zu lesen bekommen: „Die Handlung spielt
1227 1528 2504 1577 in Wien“. Das muß schon eine ganz besondere Sensation sein,
1232 1548 2513 1615 die „in Wien spielen“ darf. Vielleicht hat sich in den letzten
1235 1600 2507 1682 Jahren darin etwas gemildert, vielleicht ist die panische Wirkung
1222 1651 2519 1713 der Ortsbezeichnung „Wien“ eine gelindere geworden und manches,
1224 1712 2516 1779 durch eine besondere Fügung des Theatergeschickes begünstigte
1231 1754 2511 1833 „Wiener Stück“ hat die Runde über die deutschen und auch fremd¬
1862 1790 2512 1855 dann aber gewiß nicht, weil,
1242 1816 1768 1878 ländischen Bühnen gemacht
1233 1837 2535 1916 sondern trotzdem die Aktion auf Wiener Boden und zwischen
1233 1907 1759 1986 Wiener Mauern vorging.
1345 1941 2528 2049 Auf keinem Gebiete des Völkerverkehrs vielleicht sind die
1229 2016 2517 2085 Spuren der einstigen Abgeschlossenheit und Weltentfremdung,
1241 2068 2529 2146 worin Oesterreich und speziell Wien gehalten worden war, in so
1241 2111 2527 2182 beschämendem Maße zurückgeblieben, wie bei dem dramatischen
1245 2162 2528 2227 Heimatsausweise. Poris, ja Paris — welcher zivilisierte Mensch
1242 2207 2522 2283 ist da nicht zu Hause und fühlt sich da förmlich bodenständig und
1239 2260 2529 2341 hört und sieht das, was ihm die Szene als pariserisch vor¬
1249 2297 2538 2383 führt, mit völligem Heimatsinteresse an, erhöht noch durch
1252 2382 2536 2426 den prickelnden Reiz der Neugier, weil's ja doch ein bißchen die
1252 2417 2536 2490 Fremde ist, und zwar die lockende Fremde. Es ist dann, als
1249 2454 2526 2520 wenn man in der eigenen Vaterstadt auf Entdeckungsreisen aus¬
1247 2506 2536 2593 geht und in interessante Gassen und Gäßchen gerät, wo man
1246 2550 2530 2638 zeitlebens nicht gewesen und dennoch zu Hause ist. Und mit
1251 2595 2532 2674 London ist es so ziemlich das nämliche und mit Berlin auch, für
1247 2640 2543 2735 die deutschen Publikümer wenigstens, unbeschadet allem Partikularismus
1255 2702 2534 2776 und allem Stämmeunterschied — denn sonst hätte Berlin unmöglich in den
1259 2754 2541 2822 letzteu zwei Jahrzehnten des vorigen Jahrhunderts die Theater¬
1268 2787 2540 2867 führung an sich reißen und der Stapelplatz des deutschen Schau¬
1261 2836 2536 2912 spiels nieden, für den Erfolg eines Stückes in erster und letzter
1260 2889 2539 2968 Linie den entscheidenden Ausschlag geben können. Ein Wiener
1265 2948 2558 3021 Erfolg galt seither — wie sich ein Wiener Autor ausgedrückt hat
1286 2997 2552 3062 — bloß als der „Präsentierteller“, auf dem die dramatische
1262 3033 2534 3111 Speise weitergereicht wird, womit noch nicht ausgemacht ist,
1261 3078 2562 3152 daß auch alles zugreift. Der Berliner Erfolg qualifizierte sich zum
1260 3121 2543 3205 zwingenden „Muß“ für die anderen Theater, während der Wiener
1260 3175 2538 3240 Erfol,, sich nur als ein artiges „Ist's gefällig?“ präsentierte. Und
1256 3234 2540 3300 nun gar Wien als der Schauplatz eines dramatischen Begebnisses,
1250 3273 2549 3354 noch dazu eines historischen. Da erschien die Misere unseres
1282 3310 2550 3398 Fremdenverkehrs in ihrer entmutigendsten Dürftigkeit. Wer soll
1276 3365 2558 3443 sich für Geschichten und Historien interessieren, die in Wien vor¬
1276 3415 2557 3498 gehen, außer wenn er selbst Wiener ist? Und auch da nicht
1278 3466 2547 3534 durchweg. Wie viele Wiener denken sich im Theater lieber nach
1284 3538 2559 3593 Paris hin und, wie man weiß, ist es ja in neuerer Zeit gerade
1278 3563 2558 3643 wiederholt vorgekommen, daß hiesige Autoren sich hinter französische
1290 3612 2544 3696 Pfeudonyme steckten, um einer Komödie mehr Lockreiz zu
1280 3663 2552 3757 geben, womit der Theateragent sicherlich einverstanden war.
1295 3709 2555 3783 Darum haben oder hatten die „vaterländischen Autoren“ — denn
1287 3752 2555 3828 eine erfreuliche Wendung ist unverkennbar im Anzug — eine
1277 3823 2557 3873 förmliche Angst vor „Wiener Stoffen“, weil „draußen“ nichte
1288 3851 2553 3937 damit zu machen sei und der „Umsatz“ ein sehr beschränkter
1292 3901 2545 3973 bleiden müsse. Der sponnendste, handlungsbewegieste „Wiener
1293 3949 2557 4035 Stoff“, der, nach allem Dafürhalten, als seiner Wirkung
1282 3997 2560 4074 unbedingt sicher hätte gelten müssen, schien alle Erfolgsgarantien
1289 4045 2559 4139 und alle Chancen des Betriebes und der Verbreitung einzubüßen.“
2310 4095 2539 4140 wurde. Als
