3392 4256
257 167 1345 278 22. Der junge Medandus
126 1247 486 1336 ###, Pau. W
528 1361 1589 1415 kaum darüber im Unklaren, daß er auch diesen Abschieds¬
128 1374 504 1431 Medardus, innerlich
538 1414 1584 1479 Heroismus nur als überflüssige Pose, als die komö¬
134 1422 510 1489 ereinigung folgte in
522 1485 1601 1528 diantenhafte Selbsttäuschung eines unreifen Gemütes auf¬
133 1471 512 1540 junge Mann kann
526 1517 1597 1578 faßt. Eine schmerzliche Ironie liegt über dem Ganzen;
130 1524 510 1586 bespaares tritt das
531 1580 1593 1634 ein „Wiener Hamlet“, das ist beinahe schon zu viel
154 1569 505 1642 Valois und der
533 1618 1590 1679 des Wienerischen und der Hamlet=Natur. Um so packender
124 1621 504 1695 Der Buhle der Prin¬
524 1657 1586 1725 und bewunderungswürdiger, daß diese dichterische Grund¬
150 1674 510 1738 ihrer royalistischen
520 1721 1587 1772 stimmung nirgends die rein menschliche Anteilnahme
138 1726 506 1788 e nun als „Frau“
534 1771 1585 1823 an den Vorgängen verwehrt oder abschwächt, wie es
124 1772 512 1844 Schwester rächen zu
526 1816 1587 1877 auch erstaunlich bleibt und die außerordentliche Künstler¬
136 1823 511 1888 nfähig, dem Liebes¬
535 1869 1604 1928 schaft Schnitzlers bezeugt, daß der ungewöhnliche Auf¬
143 1869 510 1937 innen. Aus seinem
538 1915 1598 1973 bau des Stückes mit den vielen, Zeit und Ort beleuchten¬
128 1921 510 1986 e standrechtliche Er¬
531 1969 1601 2022 den Nebengestalten dennoch die auf nur fünf, sechs
132 1975 510 2042 glaubt er zu wissen,
537 2014 1604 2075 Personen beschränkte Haupthandlung plastisch=einheitlich
142 2025 517 2087 ß von seiner Hand
543 2072 1598 2128 hervortreten läßt. Jede einzelne von den fünfzehn Szenen
142 2073 511 2137 zu der gleichen Tat
535 2118 1592 2176 ist gleichsam ein Theaterstück für sich, ein blendendes
136 2124 514 2190 in müder Ekel seine
534 2176 1599 2233 oder packendes Bild, aber alle greifen ineinander, fort¬
143 2172 527 2236 ig sein. Im Klügeln
528 2213 1590 2284 während wird eine echt dramatische Spannung erregt
147 2226 521 2287 t die Schwungkraft
541 2279 1595 2327 und befriedigt und die mächtige Steigerung der drei
142 2276 518 2342 vermag ihn noch zu
530 2319 1605 2384 Schlußszenen triumphiert über die hier drohende Er¬
134 2327 514 2388 für den Kaiser be¬
546 2371 1028 2436 müdung des Zuschauers.
131 2376 517 2443 n, da er sie für die
618 2414 1594 2481 Wenig eindringlich wirkt nur das achte Bild (Auf
137 2424 529 2495 em Augenblicke, als
530 2485 1591 2532 der Bastei). Da versagt auch die Regie. Alles übrige
134 2477 530 2543 zu töten. So rettet
532 2528 1598 2584 gehört, als Bühnenbild und schauspielerisch, zu dem
136 2526 526 2580 eben! Statt nun die
532 2578 1597 2635 Sehenswürdigsten, was das Burgtheater schon seit
146 2575 526 2642 die ihm zum Dank
539 2618 1592 2681 langem geboten hat. Herr Gerasch in der Titelrolle,
187 2631 528 2690 spät genug, aber
537 2666 1596 2728 Frau Bleibtreu als Mutter und Herr Balajthy
151 2670 523 2741 seiner Mutter und
536 2722 1598 2785 als Oheim stehen auf dem Platze, für den sie bestimmt
146 2726 516 2797 der Weltgeschicke an¬
536 2767 1611 2826 waren. Fräulein Wohlgemuth als Prinzessin Helene
157 2776 518 2845 verschmäht er die
542 2819 1599 2878 sund Herr Arndt als Arzt rückten mit ihren klassischen
149 2825 525 2890 eigenen Mordplan
548 2875 1597 2936 Leistungen in die vorderste Reihe des heutigen Burg¬
136 2875 474 2937 ldentod auf sich -
144 2925 750 2998 der Poet läßt uns theaters.
2023 1044 2385 1151 „OBSERVER“
1985 1109 2441 1213 L. österr. behördl.
2019 1183 2392 1261 Konzessionirtes
2101 1245 2304 1308 Bureau
1969 1287 2402 1377 für Zeitungsnachrickten
2100 1351 2288 1418 Wien, 1.
1995 1394 2379 1477 Konkordie#
2242 1525 2874 1659 SOHEMIA, PRAO
2090 1651 2378 1749 75 11. 1910
2133 1807 2757 1920 Der junge Medürduc.“
1997 1893 2863 1978 Großer Erfolg Schnitzlers in Wien.
2011 1956 2952 2070 Wien, 24. Nov, 7Abal). Die Premiere des
1933 2010 2928 2085 „Jungen Medardus“ ging heute unter allen Zeichen;
1933 2045 2922 2118 einer Sensation vor sich. Die Wiener Gesellschaft,
1928 2088 2910 2171 war heute fast geschlossen im Burgtheater beisammen.
1935 2124 2926 2227 Baron Berger hatte in den Dienst des personen¬
1933 2172 2934 2254 und verwandlungsreichen Stückes fast aller seine!
1921 2218 2937 2310 Schauspieler gestellt, die sich mit allen Kräften für
1927 2252 2894 2334 den Erfolg einsetzten. Er blieb schließlich alch
1924 2294 2152 2348 nicht aus.
1993 2322 2945 2417 Schon nach dem Vorspiel konnte Regisseur:
1904 2350 2944 2466 [Thimig für den Dichter danken, nach dem zweitenf
1912 2430 2894 2512 und dritten Akt erschien Schnitzler vor der Rampe
1914 2471 2895 2541 und wurde äußerst freundlich, wenn auch nicht enthu¬
1911 2502 2887 2596 siastisch begrüßt. Daß der Beifall nicht fienetisch war,
1905 2552 2880 2631 liegt vielleicht darin, daß das Stück keinen Helden hat.
1896 2585 2892 2679 Denn der junge Medardus ist kein Held, er ist nur
1897 2637 2880 2724 fähig, sich an Wortklängen zu berauschen. Die
1897 2681 2881 2752 Stärke der Dichtung liegt in der Zeichnung der
1897 2704 2874 2797 Massen, dieser Wiener Bürger ohne Mark und
1890 2757 2873 2847 Galle, dieser Schwadroneure und Moulhelden. Ihr
1894 2790 2811 2869 typischer Vertreter ist eben der junge Medard#s.
1972 2850 2870 2927 Aber gerade dort, wo Schnitzler das Wienertum
1895 2879 2863 2974 satirisch geißelt, erklaug der Beifall am lautesten.
1893 2928 2857 3014 Aus jedem Worte der Hauptrolle ist ersichtlich, daß
1885 2971 2868 3045 sie für Kainz geschrieben war. Sein Remplacant
1877 3005 1934 3062 ist
1947 3019 2869 3105 Herr Gerasch. Er bringt für die Rolle sein
1877 3044 2859 3125 jugendliches Temperament mit, kanu aber den psycho¬
1872 3097 2863 3192 logischen Gehalt nicht voll ausschöpfen. Den Haupt¬
1876 3145 2848 3223 erfolg trug Fräulein Wohlgemuth als Helene
1874 3177 2862 3259 von Valois davon. Sie wirkte sowohl durch ihre
1862 3231 2856 3308 ganz hervorragenden äußeren Mittel wie durch die
1865 3275 2858 3342 Diskretion ihres Spieles. Neben ihr stand Treßler
1870 3302 2702 3373 in der Rolle von Medardus' Freund Etzelt.
1941 3354 2859 3426 Die Ausstattung besonders die Wiener Szeuerien
1861 3394 2839 3459 wie die Freitreppe von Schönbrunn gefielen außer¬
1866 3425 2846 3525 ordentlich. Das Zusammenspiel des Ensembles war
1860 3470 2072 3548 glänzend.
1929 3544 2706 3620 Monnd houtschea Pl.
