3392 4480
1509 299 1934 392 box 26/6
906 315 995 383 Me
171 316 1333 437 22 bedardus
756 1527 2187 1582 welches Wunder — aber ein gutes ist's zum Glück... Vorbei, vor¬
752 1561 2210 1628 bei ... Ich erwache aus meinen seligen Träumen und ein Blick hinaus
752 1611 2208 1678 in das herbstliche Getriebe versetzt mich in die Gegenwart zurück. Ich
755 1663 2211 1729 sehe die gelben Blätter langsam fallen und weit ist die kroatische Adria
760 1713 2211 1777 meinem Sehnen entrückt. Aber es gibt ein Wiedersehen! In den
1837 1771 2163 1834 Sida Sölch.
759 1775 1342 1839 Sternen steht's geschrieben.
949 1835 1102 1945 J74
1129 1870 1824 1971 Kleine Theaterplandereien.
1629 1941 2165 2021 Wien, 25. November 1910.
865 2008 2206 2082 Die Premiere im Burgtheater bildete trotz der Fülle der Nenauf¬
750 2060 2214 2126 führungen in den letzten Tagen die Sensation der Woche. Als Novität
760 2112 2216 2176 war Schnitzlers „Der junge Medardus“ angesetzt und lange vor Beginn
761 2170 2203 2222 der Börstellungi# das Haus bis zum letzten Platze besetzt. Schnitzler
757 2210 2214 2280 hat hiemit ein gewaltiges Werk geschaffen, das trotz mancher Mängel
759 2263 2215 2330 die Aufführung im Brgtheater verdiente, und so kam es, daß das
757 2310 2203 2364 Publikum geschlagene fünf Stunden der vielverschlungenen Handlung,
767 2364 2200 2432 die im Jahre 1809 spielt, mit Intereise folgte. Von allen den Neben¬
761 2421 2214 2476 figuren und charakteristischen Episoden losgelöst, sei der Inhalt dieser
773 2459 2215 2524 „dramatischen Historie“ wie folgt wiedergegeben: Die Buchhändlers¬
767 2509 2211 2573 witwe Klähr ist eine Schweiter des betannten Wieners Eschenbacher und
771 2559 2214 2619 Mutter von Medardus und Agathe. Die letztere liebt einen Prinzen
765 2605 2218 2682 von Valois, dessen Vater Prätendent auf die Krone Frankreichs ist und
769 2669 2211 2725 seine Einwilligung zur Ehe nicht erteilt, so daß die beiden in den Tod
777 2698 2211 2773 gehen. Medardus will als Nächer auftreten, er beleidigt an dem offenen
761 2756 2217 2823 Grabe die Schwester des Prinzen. Helene, und wird daher über deren
772 2804 2209 2868 Aufforderung vom Marquis Vertrand zum Duell gefordert und ver¬
772 2857 2216 2917 wundet. Die eigenartige Helene sendet ihm jedoch Blumen in die
770 2908 2220 2976 Krankenstube und Medardus eilt zu ihr, um in ihren Armen seinen
768 2967 2217 3025 Nachedurst zu stillen. Aber das Schicksal ist stärker als er; die zu Falle
769 3004 2218 3066 gebrachte Prinzessin verwendet ihn weiter für ihre Pläne. En soll
763 3055 2225 3110 Napoleon ermorden, und da er glaubt, daß sie dessen Mätresse sei, tritt
765 3115 2218 3162 er den Weg nach Schönbrunn an, wo er jedoch den bereitgehaltenen
770 3161 2213 3219 Dolch in das Herz Helenens stößt. Jetzt erst erfährt er, daß diese selbst
776 3200 2231 3276 mit der Absicht kam, den Tyrannen aus der Welt zu schaffen, wodurch
787 3246 2227 3334 er als dessen Befreier dasteht. Er weist diese falsche Vermutung zurück
