3392 4480
1507 310 1979 417 box 26/5
192 324 1368 429 22. Der junge Medandus
361 1307 1500 1391 Gewalt des Weibes noch gar zu groß, in den Armen
1512 1323 3303 1423 Sie leitet die ganze Gruppe von in Trauel gehune#nen bilter ertennen, daß das
354 1377 1500 1440 der Schönen verliert die Jugend das Weite, das
1502 1397 2644 1453 ten Franzosen, die den Korsen hassen und verach¬
2648 1412 3290 1470 ist, als ihre Hirngespinnste
351 1414 1493 1487 Ganze vor Augen, um nur im Bereiche der Sinne,
1499 1424 2649 1509 ten, in ihm das einzige Hinderniß ihrer Wünsche
2645 1453 3317 1519 den Bergrücken hinunterroll
356 1476 1510 1538 im so süßen Wohlbefinden zu verbleiben. So wird
1507 1479 2642 1552 finden — in dem jungen Medardus Klähr, der so
2640 1508 3314 1574 Zwerge zu scheren, die kram
353 1530 1506 1589 der sich Meister dünkte, „der darauf ausging, den
1498 1531 2644 1600 schön hassen kann, meint sie ein gelungenes Wert¬
2641 1534 3317 1643 auf ihren Rücken zu schwing
351 1577 1497 1633 Helden zu spielen, zum Hanswurst". Die Jugend
1495 1575 2637 1649 zeig zu finden, aber bald muß sie darauf kommen,
2646 1597 3295 1674 zermalmt: so kann niemand
346 1623 1489 1692 ist wie so oft zuvor, wieder mit dem edelsten Wil¬
1494 1620 2643 1686 daß die Liebe doch ein gar zu gefährliches Spiel¬
2652 1658 3279 1716 mächtigen Laufe meistern.
351 1673 1490 1765 len, an dem niederen Instinkte der Sinne geschei¬
1495 1692 2641 1744 zeug sei; auch sie will ihre Gunst nur aus der ge¬
2741 1690 3318 1784 Es ist aber nicht zu leug
355 1732 500 1811 tert.
1505 1730 2647 1797 heimen Absicht jewähren, den Jüngling sich ganz
2648 1735 3305 1816 tum, welches in Medardus
454 1754 1500 1846 Allein die Tragödie ist noch nicht zu Ende! Er
1506 1782 2648 1850 ergeben zu machen und ihn, wenn er genug aufge¬
2645 1787 3323 1860 prägt ist, nicht recht in das
352 1828 1491 1888 rafft sich auf; die Atmosphäre im bedrückten Wien,
1506 1830 2648 1904 zogen, auf Napoleen loszulassen. Aber Amor ist ein
2648 1850 3323 1928 einpaßt. Dieser junge Man
346 1865 1492 1942 die gescheiterten Hoffnungen der Seinen, die den
1507 1878 2635 1948 loser Schalk, bald verliert sie in der so süßen Ge¬
2636 1888 3325 1968 Schwermut, seiner grübleri
348 1907 1501 1983 verliebten Träumer nicht wieder erkennen, das
1506 1919 2637 1994 genwart den Faden der großen Staatsintriguen
2643 1936 3321 2010 dem kleinen Anfluge von Er
353 1965 1503 2039 charakterlose Phäakenthum seiner Mitbürger und¬
1499 1963 2638 2044 und ebenso wie Medardus in ihren Armen wie in
2645 1995 3316 2066 seres Zeitalters, ist ein Prodi#
357 2014 1499 2085 endlich der Wunsch, sich in ein neues mächtigeres¬
1507 2021 2635 2091 denen einer Delila zum Schwächlinge wird, wird
2644 2036 3323 2106 kultur in ihrer anmutigen W
351 2056 1508 2135 Motiv zu stürzen, um der peinigenden Selbstver
1506 2072 2641 2138 die Verführerin zur Verführten; mit der epikurei¬
2643 2088 3317 2163 Anatol, der Lieutenant Gustl
348 2106 1499 2176 achtung zu entgehen, all das erweckt von neuem
1502 2122 2633 2189 schen Philosophie der Jugend findet sie die schönen
2640 2144 3293 2206 Helden Schnitzlers heißen:
349 2161 1498 2225 den Helden in ihm — aber er wird abermals „ge¬
1509 2179 2643 2238 Frühlingsnächte viel zu verlockend, um sich nicht
2633 2183 3304 2256 der im langsamen Molltone
359 2207 1501 2277 narrt“ Als er fast den Dolch schon zückt, um den
1502 2226 2637 2289 ganz ihrem Zauber zu ergeben, ungeachtet um
2644 2239 3326 2312 leicht über die Welt flattert; e
349 2253 1510 2336 Feind des Vaterlandes zu treffen — da erkennt
1511 2270 2642 2340 Staatsraison, Hochmut und Rache. Wohl rafft sie
2632 2275 3329 2359 die Kraft, der Sturm, der ung
359 2303 1509 2376 er, daß er nur ein gedungener Mörder des stolzen
1517 2303 2633 2382 sich dann noch einmal zur vollen Höhe ihrer gro¬
2638 2345 3327 2402 glaubhaft machen würde. Doch
353 2346 1506 2428 Weibes wäre, ein eifersüchtiger Narr, der nicht den
1509 2370 2640 2429 ßen Ziele auf, aber dieses gewaltsame Abschütteln
2646 2388 3324 2449 poetischen Eigenart Schnitzle#
350 2389 1507 2470 Kaiser Napoleon sucht, sondern den Geliebten der
1508 2423 2635 2475 des warmen Lebens ist nur ein letzter verzweifel¬
2645 2415 3335 2509 hange zu sein; er ist nicht um
351 2452 1493 2526 Prinzessin. An dem Gedanken seiner Ohnmacht,
1503 2467 2218 2546 ter Versuch, der scheitern muß.
2643 2481 3329 2540 des Menschen bleibt immer¬
347 2486 1508 2575 wie er mit der mutigsten Seele im Herzen nichts
1594 2498 2637 2576 Das neue Stück Schnitzlers ist also die Tragö¬
2631 2530 3328 2603 das er in seinen kaleidoskopc
356 2554 1494 2639 als stammeln kann, wie er zum Helden geboren
1497 2538 2632 2628 die der Jugend. Er predigt darin seinen ewigen,
2650 2589 3324 2640 gen immer wieder sinnend bet
358 2612 1493 2672 sich nur als Werkzeug, als Spieler einer ihm zu¬
1510 2619 2637 2682 wiederkehrenden Refrain: Das Leben ist schön,
2655 2632 3326 2697 sische Riesenmensch ist sicher ni
348 2650 1501 2729 geteilten Rolle im Leben begnügen muß, geht er
1494 2672 2636 2735 man muß es nur zu leben wissen. Eines seiner
2637 2674 3334 2749 kleinsten Regungen der Seele
358 2704 1500 2775 nun zugrunde. Der Zwiespalt, der zwischen seiner
1502 2712 2644 2784 Werke ist „Lebendige Stunden“ betitelt, darin er¬
2645 2725 3331 2797 dazu gehören solche fast räthsel
347 2757 1507 2819 edlen Seele und seinem schwachen, schwankenden
1504 2753 2635 2831 zählt er in drei Einaktern, daß man jede Stunde,
2638 2776 3334 2850 Gefühlswesen, bei denen alle
356 2804 1498 2873 Willen herrscht, ist das Bild der wahren Jugend,
1492 2794 2641 2880 die das süße Leben einem bietet, um ihrer selbst
2652 2827 3327 2892 ist. Deshalb fühlte ich bei die
356 2855 1502 2934 die wic ein Blatt im Winde hin und hergeworfen“
1505 2863 2643 2919 willen, genießen müsse; die Stunde, in der man
2647 2873 3344 2953 Weien der historischen Tragö
343 2894 520 2983 wird.
1503 2907 2634 2977 von Zukunftsgedanken erfüllt, oder von vergange¬
2639 2921 3310 2993 Umrisse, die übermenschliche
453 2929 1511 3022 Ebenso ist der leitende Frauencharakter im
1496 2965 2646 3037 nen Bildern träumend, die Gegenwart vergißt,
2645 2972 3342 3046 ein viel zu feiner Detailmaler
351 2988 1467 3067 Stücke das würdige Gegenspiel! Die edle Prinzes¬
1502 3009 2641 3072 rächt sich bitter; man kann sie trotz aller Reue nie
2635 3033 3339 3092 sten Erscheinung des Lebens
357 3045 1496 3108 sin von Valois, in ihrem ganzen Wesen vom Wil¬
1499 3059 2634 3129 mehr wieder herschaffen, wieder erleben. Ins mäch¬
2643 3079 3340 3147 und mit Behagen all' das an
348 3088 1509 3154 len zur Macht erfüllt, die mit einer nur Frauen:
1504 3101 2643 3171 tige Lebensgeschick übertragen, ist es derselbe Ge¬
2639 3123 3332 3187 kaum bemerken — als daß ihn
354 3139 1508 3206 eigenen Energie immer nur einen Gedanken, ein
1503 3147 2645 3228 danke, der im Medardus wiederkehrt — die jungen
2640 3148 3344 3233 gelingen könnte, das große Dr
355 3188 1515 3259 Ziel verfolgt — auch sie ist noch zu jung, um vom
1494 3194 2647 3286 Menschen, die das Leben als Werkzeug, als
2637 3222 3330 3288 eine weite Perspektive voraus
353 3252 3338 3360 Leben nicht aus dem Geleise gebracht zu werden. Sprungbrett ihres Hellentums betrachten, ler#! gehort in kein großes Theater
