3296 4224
1512 101 1942 201 box 26/5
168 88 1345 208 22. Derjunge Nedandus
2579 1229 2723 1318 —
682 1305 3073 1371 dessen Vater, Herzog von Valois, mit Familie und Hofstaat in Wie töricht diese Pläne sind, zeigt sich bald. Napoleon durch¬
684 1348 3060 1411 Wien im Exil lebt. Dem Prinzen, dessen blinder Vater Anrechte schaut sie, verachtet seine heimlichen Feinde und lächelt ihrer.
62 1317 666 1455 Teton arc
679 1399 1865 1457 auf den französischen Thron zu haben glaubt, ist bas bürgerliche
1857 1399 3051 1468 Indessen ist der Bruder der Frau Klär, der prächtige
672 1433 1862 1500 Haus verboten worden, ehe er nicht als ehrlicher Freier käme.
1858 1448 3058 1489 Meister Eschenbacher erschossen worden, weil er ver¬
80 1460 362 1545 theater.
683 1488 1866 1543 Da er die Einwilligung des verblendeten Vaters nicht zu er¬
1861 1486 3054 1537 botene Landkarten in seinem Hause versteckt gehabt. Im An¬
73 1457 650 1608 Medardns.70.
676 1523 1866 1588 wirken vermag, schützt er sie lügnerisch vor, hält um Agathens
1855 1534 3060 1592 blicke seines Todes steigt in Medardus, der von seiner
677 1573 1860 1626 Hand an und sucht mit dem Mädchen nach genossener Liebes¬
1854 1569 3051 1624 Prinzessin verraten und verleugnet wird, zum ersten Male der
80 1584 684 1675 von Artur Schnitzler.
693 1609 1872 1668 freude den Tod in der Donau. In der Nähe der kleinen
1861 1620 3051 1668 Gedanke auf, an dem Korsen all das Unheil zu rächen, das
82 1647 361 1711 en Male
686 1664 1860 1719 Spelunke, in der Medardus mit seinen Freunden das Abschieds¬
1855 1666 3052 1720 über seine Familie gekommen ist. Da er aber von Helenen, die
60 1668 566 1759 4. November 1910.
679 1696 1869 1766 gelage feiert, werden die Leichen angeschwemmt und furchtbar
1849 1702 3057 1757 auf diesem Wege zu den sonst unmöglichen Zielen zu gelangen
64 1725 683 1799 die Jahre her weite Wege gehen,
677 1757 1863 1808 erschauernd erkennt der Bruder im Fackelscheine die tote
1855 1753 3044 1812 hofft, zu seiner selbst vorgenommenen Tat beseuert wird, er¬
79 1770 680 1848 , bei keiner bewährten Methode
687 1793 1862 1849 Schwester. Nun ist sein Entschluß gefaßt, nicht mit den
1852 1797 3068 1862 scheint ihm diese Tat gering und verächtlich. Unschlüssig streift
72 1835 683 1898 ach immer neuen Formen hin¬
679 1828 1865 1916 Kameraden zu ziehen, in der Heimat zu bleiben, ein Ahnen
1855 1846 3048 1897 er vor dem Schönbrunner Schlosse umher. Und als die Prin¬
70 1876 685 1931 uns vielgestaltig wie kaum ein
689 1882 1678 1943 sagt ihm, daß sich hier sein Schicksal erfüllen müsse.
1854 1883 3051 1938 zessin, die der törichte Volksmund rasch zur Geliebten Napoleons
62 1910 692 1973 chst Erzähler von Wienerischen
765 1917 1863 1987 So weit fördert das Vorspiel die Handlung. In ge¬
1853 1932 3054 1991 gemacht, vorübergeht, stößt er ihr den Dolch ins Herz, der dem
66 1972 674 2024 sich alsbald allgemeineren Zielen
689 1945 1864 2022 meinsamem Grabe werden die toten Liebesleute
1864 1961 3064 2034 Kaiser bestimmt war. Während er dann im Gefängnisse seines
74 2010 682 2069 des Mittelstandes, des Bürger¬
678 1998 1861 2082 begraben. Auf dem Friedhofe treffen ihre Familien
1861 2020 3050 2067 Todesurteiles harrt, bringt ihm General Rapp die Freiheits¬
62 2039 688 2100 er mit Anfragen und Prüfungen
680 2046 1862 2117 zum ersten Male zusammen und weit und unüber¬
1854 2061 3044 2119 botschaft. Er habe dem Kaiser das Leben gerettet, denn die
62 2097 685 2157 khrfach auch historisch ausholend.
690 2090 1861 2164 brückbar klafft die Kluft, die dieses Bürgertum vom
1857 2102 3058 2171 Prinzessin haben erwiesenermaßen ein Attentat auf Napoleon
73 2142 692 2204 frie von ihm da, ein neues, ein
688 2135 1860 2205 Adel trennt. Medardus ist, da sich der Friedhof leert, noch
1856 2152 3053 2232 geplant. Medardus aber wirft dieses Geschenk, das ihm
73 2176 684 2239 ich nicht sonderlich treues Bild.
677 2193 1860 2248 beim Grabe zurückgeblieben. Die Prinzessin Helene, Francols'
1861 2194 3047 2250 kläglich und erbärmlich zu sein scheint, von sich und gesteht,
68 2222 687 2296 klärt das historische Ereignis
685 2235 1864 2298 Schwester, hochmütig und von den Plänen ihres Vaters völlig
1851 2236 3056 2287 daß auch sein Mordplan gegen den Kaiser gerichtet gewesen
86 2276 680 2349 historischen die dramatische
672 2267 1861 2334 erfüllt, kommt zu dem einsamen Grabe und legt Blumen
1864 2284 3050 2332 sei. Er verweigert auch das Versprechen, den Versuch in Hin¬
676 2313 1851 2379 darauf, Medardus aber, von wildem Haß bewegt, verbietet ihr
1852 2325 3049 2387 kunft nicht zu unternehmen. Diese Zusage allein noch könnte ihm
81 2341 689 2417 die aufflammende Begeisterung
675 2367 1857 2426 leidenschaftlich, dieses Grab zu schmücken, in dem auch seine
1853 2366 3046 2451 Reitung bringen. Unter dem Jammer der Mutter und des
72 2401 687 2456 hres 1809 ist das jämmerliche
687 2398 2426 2461 Schwester ruht. Der Marquis von Valois tritt dazwischen, Freundes wird er erschossen.
61 2452 680 2511 milie und der zwecklose Narren¬
693 2455 1861 2518 und Helene verspricht ihm ihre lang begehrte Hand, wenn er
1930 2451 3047 2519 Was neben diesen Hauptmotiven an Nebenhandlungen
67 2489 693 2551 ellt, der auserlesen schien, ein
678 2485 1857 2548 Medardus töte. Schon fühlen wir, daß durch diesen Haß Liebe
1850 2502 3040 2561 einherläuft, ist voll und reich und farbenprächtig beigefügt,
73 2536 685 2599 t das ursprüngliche Maß der
684 2537 1856 2600 schimmert. Im Duell mit dem Marquis wird Medardus schwer
1863 2550 3057 2610 so daß der Bau allenthalben mächtig zur Höhe steigt. Ohne
61 2582 687 2649 öhnlichen Dimensionen erhoben,
679 2586 1857 2638 verletzt, Helene sendet ihre Dienerin zu ihm, um nach seinem
1853 2589 3057 2655 Zweifel ein großer, kühner, genialer Wurf! Dazu eine in
60 2619 683 2686 Bühnenform hat aus dem Buch¬
682 2633 1857 2687 Befinden fragen zu lassen. Heimlich schleicht sich der Tod¬
1858 2635 3059 2685 ihren feinsten Werten sorgfältig gemessene und gewogene
69 2672 681 2727 eichungen vorgenommen. Ver¬
673 2675 1859 2733 wunde vom Krankenbette weg, um der Prinzessin, deren Liebe
1860 2672 3057 2728 Sprache, die sich wiederholt zu hoher, hinreißender Kraft er¬
69 2703 684 2778 führung auch jetzt noch eine Zeit
677 2718 1863 2778 er zu ahnen beginnt, seinen Dank zu Füßen zu legen. Anfänglich
1854 2722 3054 2785 hebt oder zart und lyrisch vertieft. Stark und nachhältig ist die
59 2751 678 2826 ansprucht, so vermag man zu er¬
669 2761 1866 2834 leitet ihn der Gedanke, hier Gelegenheit zur Rache für die
1857 2758 3058 2824 Wirkung dieser Dichtung. Richtet man lediglich dieses als
69 2792 684 2868 Bild gestellt ist und wie weit
680 2804 1859 2870 hingeopferte Schwester zu finden, alsbald aber bricht über¬
1856 2803 3049 2867 Prüfstein auf, so kann man das Werk ohne Einwand hin¬
105 2837 680 2899 Zunächst ein Vorspiel, das
674 2856 1853 2911 mächtig leidenschaftliche Liebe durch. Rasch ist dieses Liebes¬
1852 2855 3049 2917 nehmen. Wie weit man indessen auch davon entfernt sein mag,
59 2873 678 2952 stieg zum Drama bringt, daß
686 2896 1861 2951 motiv zu schwindelnder Höhe geschraubt, und nun greifen in
1854 2890 3054 2960 den künstlerischen Wert einer Dichtung nach ihrem Gehalte
69 2936 677 2992 lb es nicht als dessen erster Akt
678 2938 1864 2992 jagender Eile die Ereignisse in einander. Die Franzosen stehen
1858 2948 3048 3006 an Moral zu bemessen, die Frage wird man niemals völlig
55 2973 685 3049 Sohn der Wiener Buchhändlers¬
675 2981 1854 3036 vor den Toren, die Stadt ist in Not und Erregung. Medardus
1851 2980 3052 3050 von der Hand weisen können, welche Bereicherung unser Ge¬
60 3027 683 3071 us, rüstet sich zum Aufbruch in
678 3031 1861 3089 ist kein Held mehr, die Liebe zu der Französin zehrt heiß an
1856 3033 3046 3088 fühlsleben empfangen habe, was zum Ende als positives Er¬
93 3071 686 3127 von Wiener Alademikern will
678 3059 1867 3127 seiner Seele. Da geht er der guten Sache verloren. Die Prin¬
1847 3079 3051 3134 gebnis aufgewiesen worden sei. Was aber wird hier aus diesem
65 3112 684 3181 tgegenziehen. Seine Schwester
680 3107 1866 3177 zessin reicht dem Marquis die Hand, um ihrem Vater einen
1849 3119 3046 3170 völligen Zusammenbruche gerette? Was ist hier in sich gefestet,
102 3162 3064 3242 Prinzen Francois von Valois, Schwiegersohn zu geben, einen Erben für seine großen Pläne. was hat innerlichen Bestand und Dauer? Daß Schnitzler ein
