3436 4352
367 123 1298 181 zugehen, die Schnitzler hier im Wien des Jahres 1809
364 148 1299 216 geschehen läßt, ihre Zusammenfädelung und Ent¬
371 196 1300 253 wirrung aufzuzeigen, von der fast allzu üppigen Fülle
353 235 1306 296 der Detailschilderung auch nur eine ungefähre Vor¬
360 261 1302 337 stellung zu geben, schließlich die kulturelle Basis zu
354 303 1307 380 beleuchten, aus der das Ganze, wie zugestanden
354 348 1306 415 werden muß, organisch erwächst, das würde Ausfüh¬
354 379 1289 455 rungen erfordern, deren Breite der des Stückes ent¬
367 419 1292 490 sprechen müßte. Und doch würde ihnen der poctisch¬
363 460 1301 531 romantische Hauch fehlen, von dem in Schnitzlers
360 508 1283 565 Dichtung die Gestalten und Begebnisse umwittert
364 535 1289 615 sind, und damit das, was ihren eigentlichen Reichtum
355 577 553 635 ausmacht.
390 613 1284 700 Also bescheiden wir uns mit einer möglichst knappen
349 656 1009 715 Sligzierung der Dichtungs=Elemente!
396 696 1284 771 Hätte Schnitzler die Wesensart seines Werkes scharf
344 738 1277 809 präzisieren wollen, so hätte er es eine ironisch=roman¬
334 777 1288 845 tische Historie nennen müssen. Mit starker Betonung
344 821 1291 888 des Ironischen, denn das Ironische gibt dem Roman¬
336 863 1283 920 tischen die eigentliche Würze, und beides vereinigt sich
338 906 1045 966 zu einer scharfen Kritik am Historischen.
377 931 1277 1011 Der junge Medardus Klähr, der Sohn eines
340 983 1278 1046 Wiener Buchhändlers, dem in kriegerischer Zeit ein
333 1031 1277 1083 unheldisches Ende beschieden ward, hat das Zeug
334 1058 1280 1124 zum Helden. Als solcher wird er gewiß in dem
334 1097 1269 1162 großen Befreiungskampfe gegen den Bonaparte ge¬
338 1150 1274 1193 waltige Taten vollführen. Doch welch romantisch¬
338 1179 1271 1241 ironisches Spiel treibt das Schicksal mit ihm! Da
337 1216 1263 1283 er, die Brust geschwellt von ungestümem Tatendrang,
334 1251 1276 1321 ins Feld rücken will, legt man ihm die Leiche der
339 1299 1271 1362 Schwester in den Weg. Mit einem Abkömmling des
335 1341 1272 1391 umherirrenden ehemaligen Herzogs von Valois hat sie's
331 1377 1275 1436 gehalten, und beide haben nun einen freiwilligen Tod
333 1413 1262 1480 in der Donau gefunden. Was ist dem Medardus jetzt
320 1456 1256 1515 der Bonaparte und das Schicksal Wiens und das
322 1491 1256 1545 Schicksal Europas! Er selbst und die Ehre oder
324 1534 759 1588 Schande seiner Familie
822 1542 1255 1597 darum kreist nun all'
327 1572 1260 1632 sein Denken. Und mit der unheimlichen Klarheit des
320 1616 1264 1677 Phantasten arbeitet er den jünglingshaften Plan der
318 1649 1255 1716 Rache Auge um Auge aus: Hat ein Valois meine
320 1702 1250 1751 Schwester ins Unglück gebracht, so entehre ich seine
323 1725 1150 1789 Schwester und schreie ihre Schande in
1162 1747 1254 1795 alle
319 1763 1254 1835 Welt. Der Romantiker Schnitzler läßt ihn
322 1805 411 1853 erst
418 1808 541 1861 noch
547 1812 642 1862 ein
644 1814 1259 1869 Duell mit einem Verehrer
307 1841 422 1893 des
437 1849 799 1905 Entehrungsobjektes
816 1855 1147 1913 bestehen, läßt
1158 1868 1260 1920 ihn
311 1881 1259 1950 dabei eine Wunde dicht am Herzen empfangen, und
305 1937 1250 1991 mit dieser schier tödlichen Wunde muß nun der ro¬
312 1953 1257 2024 mantische Nächer Medardus über die Mauer in den
308 2001 1256 2069 Schloßgarten bis zur Prinzeisin vordringen. Bei der
307 2044 1250 2097 Volljührung des ersten Teiles seines Nacheplanes
311 2083 1259 2153 leistet ihm das Objekt nicht gar sonderlichen Wider¬
314 2124 1252 2190 stand; aber es hat die Macht, die Vollendung des
311 2166 1252 2216 Planes zu hemmen: Medardus reflektiert, fast ein
312 2208 1250 2260 Beseligter: Es eilt nicht so sehr, — warum soll
309 2247 1254 2306 man nicht ein paar wunderbare Nächte haben!“ Wie
297 2283 1245 2334 dem auszugsbereiten Kriegshelden, so fällt dem sein Rache¬
307 2324 1239 2379 werk Betreibenden die Ironie des Schicksals grinsend
311 2355 1244 2432 in den Arm. Und immer wieder krenzt sie seinen
305 2403 1250 2470 Weg, den sie zudem immer krauser und verworrener
302 2447 1246 2491 gestaltet. Der kein Kriegsheld werden konnte und
300 2488 1247 2542 auch bei der Ausführung des privaten Racheplanes
308 2528 1251 2588 Hemmungen erleidet, denkt nun an eine Ermordung
299 2560 1253 2617 Napoleons. Doch wie lenkt ihn das Schicksal! Nicht
296 2606 1244 2655 den Kaiser trifft sein Dolch, sondern die Prinzessin
296 2651 1242 2707 von Valois, die des Kaisers Geliebte gespielt
295 2688 1240 2746 hat, — gespielt hat, denn in Wahrheit wollte
308 2724 1234 2772 sie an ihm handeln wie Indith am Holofernes. So
301 2762 1236 2827 türmt sich die Ironie zum Gipfel der Groteske, da
305 2800 1237 2863 der, der dem Kaiser das Leben rauben wollte, zum
303 2838 1242 2905 Retter seines Lebens wird. Den Dank, den ihm
297 2892 1239 2949 der Kaiser deswegen überbringen läßt, vermag
294 2919 1233 2975 Medardus, völlig zusammengebrochen unter der
295 2957 1230 3009 Wucht aller Vereitelungen seines Wollens, nicht mehr
291 3007 1232 3048 zu ertragen; er enthüllt seine wahren Absichten und wird
302 3040 1230 3099 standrechtlich erschossen, — dieses Krieges letzter und
289 3076 1240 3141 seltsamster Held“, wie ihn der französische General nennt.
294 3124 1230 3177 Abersdes Dichters wahre Absicht sollen wir aus dem
291 3158 1230 3221 Workertennen, das des seltsam Umgetriebenen
292 3203 1237 3260 treuester Freund, der philosophische Buchhändler
288 3243 1236 3305 Etzelt, über ihn spricht: Gott wollte ihn zum Helden
280 3272 1230 3345 schaffen, der Lauf der Dinge machte einen Narren
290 3315 486 3370 aus ihm.
336 3354 1220 3427 Der Lauf der Dinge, soweit sie den Medardus
278 3401 1232 3463 betreffen, durchzieht die Dichtung nicht in voller
284 3433 1221 3502 Sichtbarkeit. Oft wird er von Details überwuchert,
289 3468 1231 3543 die den Dichter auf längere Strecken offenbar stärker
278 3523 1220 3578 fesseln. Nur zweierlei sei davon wenigstens an¬
283 3552 458 3604 gedeutet.
482 3562 1224 3620 Einmal das Treiben der französischen
285 3603 1230 3647 Emigrauten, die mit einer neben Napoleons
279 3634 1234 3699 Realität sich beinahe komisch ausnehmenden Phantastik
272 3684 1225 3740 die Wiederauftichtung des französischen Königtums
281 3714 1230 3777 verfolgen, und dann die Charakteristik des Wiener
276 3757 1232 3821 Volkstums, bei der Schnitzler so wenig schön¬
280 3801 1220 3860 färberisch verfahren ist, daß man es den Wienern
278 3830 778 3891 nachfühlen kann, wenn
796 3840 971 3892 sie sich
982 3843 1230 3899 nicht allzu
274 3873 974 3920 gern in diesem Spiegel beschauen.
998 3884 1227 3939 Aber wir
280 3918 1222 3978 brauchen von der Höhe der Volkserhebung unserer
274 3965 1218 4019 Tage doch nicht verächtlich auf diese braven
276 3996 1217 4059 Spießbürger hinabzuschauen. Denn es ist ja das
283 4037 1231 4107 blendende Meteor Bonaparte, das sie fasziniert, und
1334 133 2262 205 Zielpunkt der Medardus=Historie wie der Brennpunkt
1322 179 2253 237 aller Pläne der französischen Royalisten wie schließlio
1324 218 2258 272 der Ausgangs= und Endpunkt aller Unterhaltungen,
1326 251 2250 324 aller Befürchtungen und auch Hoffnungen der Wiener
1313 291 1562 344 Kleinbürger.
1359 331 2255 399 Ueber die Aufführung nach der fast fünfstündigen
1314 366 2253 437 Dauer nur ein paar Anmerkungen. Barnowsky hat
1319 410 2259 481 das breit ausladende Werk noch aus der Erbschaft
1310 449 2246 524 Brahms übernommen, und offenbar gern üb rnommen.
1310 486 2245 555 Wie im Vorjahr im „Peer Gynt“, so hätte er auch
1313 527 2246 592 in Schnitzlers bilderreicher Historie sich szenisch voll
1312 582 2241 635 ausleben können. Aber er hat es nicht ganz in dem er¬
1306 619 2251 660 warteten Maße getan. Die szenisch ergiebigste
1311 659 2257 710 Szeue auf der Burgbastei während der Belage¬
1306 681 2245 755 rung hat er sich ganz geschenkt; wie es scheint, in
1300 721 2250 782 der auch sonst hervortretenden Absicht, das Volk
1304 759 2242 826 nicht so stark im Vordergrunde agieren zu lassen,
1298 800 2246 870 wie es dem Dichter beliebt hat. Leider geht dadurch
1302 843 2242 902 dem Werke viel von dem Besten, dem eigentlich
1304 885 2240 949 Schnitzlerschen verloren, wenn auch auf der anderen
1298 925 2225 990 Seite die Medardus=Handlung in ihrer Verknüpsung mit
1294 959 2230 1013 der Valois=Angelegenheit somit an Klarheit und
1303 1002 2228 1070 Straffheit gewinnt. Nur schade wiederum, daß die
1303 1045 2230 1103 Schultern des Herrn Theodor Loos zu schwach er¬
1305 1082 2234 1145 scheinen, sie zu tragen. Dieser Künstler hat zu wenig von
1295 1123 2225 1178 dem Stoff, aus dem Helden geformt werden; er gibt die
1292 1164 2226 1223 Entgleisungen eines Dekadenten, nicht die eines durch
1291 1200 2218 1263 widrige Schichale verpfuschten heroischen Romantikers.
1289 1244 2231 1305 Alle anderen Rollen, an sich nicht sonderlich be¬
1281 1266 2217 1340 deutungsvoll, hatten durch Streichungen noch
1300 1322 2235 1382 mancherlei gelitten. Am sinnfälligsten hob sich noch
1289 1355 2228 1423 die Prinzessin heraus, zumal Lina Lossen ihr die
1286 1404 2213 1467 Konturen eines vornehmen Bildes gab. Des
1281 1440 2211 1502 ferneren waren in dem köpfereichen Ensemble
1288 1470 1810 1532 die Damen Grüning,
1913 1487 2203 1544 Emmering,
1283 1519 2220 1569 Santen, Dumcke =Carlsen, die Herren
1270 1558 2218 1628 Abel, Salfner, Herzfeld Landa mit Erfolg
1283 1600 2215 1661 bemüht, ihre mehr oder minder lohnenden Aufgaben
1287 1640 2208 1703 zweckentsprechend zu lösen, und Kayßler spielte den
1285 1673 2211 1742 französischen General als getreues Abbild des Impe¬
1276 1713 1412 1758 rators.
1306 1753 2204 1822 Immerhin, so große Mühe allerseits aufgewendet
1276 1799 2206 1857 wurde, — wer diese Schnitzlersche Dichtung in ihrem
1280 1836 2216 1903 ganzen Reichtum genießen, zum Bewußtsein ihrer
1283 1880 2201 1946 vielen Einzelschönheiten gelangen will, wird gut tun,
1264 1913 1836 1972 das Buch zur Hand zu nehmen.
2056 1942 2174 2021 Kp.
2644 181 3377 290 Veriner Morgenpost, Rerite
2272 212 2414 268 om:
2523 216 2726 280 JK1191
2425 378 3179 476 ATheater, Kunstund
2342 440 3147 559 DDissenschaft
2330 557 2846 682 Arthur Schniklers
2680 667 3176 762 Aiegsschauspiel.
2364 724 3133 821 „Der junge Medardus“ im Lessing¬
2644 797 2857 860 theater.
2361 831 3195 928 Wenn Arthur Schnitzler schon vor fünf
2318 882 3188 966 Jahren diesen Ausflug in die Geschichte seiner
2308 937 3189 1005 Wiener Heimat unternahm, so geschah es, zum
2309 978 3191 1048 Teil vielleicht unbewußt, aus bestimmten öster¬
2315 1029 3199 1095 reichischen Stimmungen, deren Sinn wir jetzt erst
2309 1067 3173 1139 recht verstehen. Den „jungen Medardus“
2318 1107 3184 1170 könnte man als den Typus des Oesterreichertums
2302 1154 3186 1225 nehmen, wie es sich vor dem Kriege empfand:
2304 1202 3196 1273 eine Gestalt voll tapferer Anlagen, von Sehnsucht
2301 1241 3184 1313 erfüllt, sich großen Zielen und Gedanken hinzu¬
2301 1291 3174 1353 geben, doch unrettbar verstrickt in persönliche
2298 1327 3189 1406 Gefühlskonflikte zu schwach, um zur gewollten Tat
2293 1369 2523 1424 zu schreiten.
2341 1403 3178 1490 Eine „dramatische Historie“, nicht ein „histo¬
2292 1465 3177 1539 risches Drama“, hat der Dichter vorsichtig das
2297 1495 3177 1579 Werk genannt. Denn was sich abrollt, ist eine
2289 1539 3172 1617 Reihe von Bildern aus dem Jahre
2295 1587 3172 1657 1809, die mehr einen epischen Ablauf
2283 1629 2371 1689 als
2382 1640 3176 1700 eine dramatische Verknüpfung zeigen.
2289 1671 2362 1726 Er
2366 1675 3165 1730 ging dabei auch ganz wie ein Ro¬
2289 1707 3169 1785 mandichter vor, mit breit ausgemaltem Zeit¬
2282 1749 3170 1819 hintergrund aus dem zweiten Krieg Napoleons
2290 1806 3176 1865 gegen die Habsburger Monarchie, und mit einer
2291 1852 3167 1921 richtigen Romanhandlung, die sich davon abhebt.
2277 1893 3168 1963 Der Buchhändlerssohn Medardus Klär zieht nicht
2284 1928 3162 2012 in den Krieg gegen die Franzosen, weil ihn der
2279 1973 3162 2053 Selbstmord seiner Schwester aus dem Gleichge¬
2275 2020 3160 2094 wicht schleudert. Sie ging mit dem Sohn eines
2283 2063 3158 2127 französischen Royalisten in den Tod, der im
2280 2113 3162 2183 Wiener Exil lebte. Und weiter: Medardus führt
2269 2151 3158 2217 seinen Vorsatz, Napoleon zu ermorden, nicht aus,
2267 2186 3160 2267 weil er sich in eine Liebesaffäre mit der Schwester
2263 2239 3158 2309 dieses Aristokraten verwickelt und, da sie die Ge¬
2261 2277 3156 2354 liebte Napoleons geworden, nicht den Kaiser der
2266 2326 3157 2399 Franzosen, sondern die Ungetreue erdolcht.
2261 2376 3157 2446 Die bedeutsame Schlußszene aber bringt den
2263 2407 3153 2489 Umschwung. Medardus bekennt seine Absicht.
2271 2456 3149 2525 Er soll dennoch die Freiheit erlangen, wenn er
2262 2495 3146 2571 sein Wort gibt, Napoleon nicht mehr nach dem
2261 2529 3140 2620 Leben zu trachten. Er verweigert es. Und geht
2259 2587 3147 2663 ruhig in den Tod. Der junge Wiener Bürgers¬
2260 2627 3144 2708 sohn ist aus weichem Schwanken zu helden¬
2263 2676 3145 2742 mütiger Festigkeit erwacht. Wir nehmen auch
2257 2712 3038 2784 das heute als ein österreichisches Symbol.
2298 2753 3132 2827 Das alles erscheint bei Schnitzler freilich sehr
2241 2791 3133 2880 lose gefügt und nicht in einer innerlichen Not¬
2247 2846 3127 2909 wendigkeit aufgezeigt, sondern mehr von außen
2252 2895 3141 2963 in Bewegung gesetzt. Der Hauptreiz liegt in den
2242 2914 3125 2990 fast volksstückmäßig gehaltenen Szenen, die
2253 2977 3133 3041 Wiener Wesen und Leben zur Zeit der Schlacht
2241 3019 3130 3094 bei Aspern schildern, und von denen gestern leider
2240 3064 3128 3124 bei den unvermeidlichen Streichungen des über¬
2243 3097 3131 3185 lang geratenen Schauspiels beträchtliche Teile
2244 3160 3126 3232 geopfert werden mußten. Was übrig blieb,
2235 3201 3126 3271 wirkte unmittelhar. Hier spürt man die Schnitz¬
2233 3244 3122 3321 lersche Kunst, Alltäglich=Bürgerliches mit leiser
2242 3277 3121 3344 Poesie zu füllen und menschliche Charaktere in¬
2227 3327 3116 3402 einander zu weben. In der ausgezeichneten Regie
2225 3366 3115 3447 Barnowskis, die mit dem Riesenapparat der
2234 3408 3108 3487 sechzig redenden Personen (von der Statisterie zu
2226 3455 3108 3535 schweigen) spielend fertig wurde, und im Rahmen
2234 3498 3103 3568 von Karl Walsers liebenswürdigen Dekorationen
2228 3538 3112 3617 kam das sehr lebensvoll heraus. Die Herren Abel,
2235 3575 3104 3647 Salfner, Herzfeld, Adalbert, Gottowt, die Damen
2221 3613 3104 3704 Grüning und v. Hansen traten besonders hervor.
2216 3662 3099 3744 Bürgertypen de verschiedensten Sorte, Senti¬
2223 3712 3109 3789 mentales, Resolutes, Altväterisches wie Vor¬
2215 3751 3092 3829 klänge von Waldmüllers Biedermeiern, Mensch¬
2210 3803 3099 3873 liches. Der Romanfigur der Prinzessin, von
2214 3844 3094 3913 Schnitzler zu sehr auf „dämonisches Weib“ hin
2202 3885 3101 3957 zugeschnitten, gab Lina Lossen ihre Schönheit
2216 3932 3091 3988 und ihr gebändigtes Gefühl. Medardus selbst
2209 3969 3090 4040 war Herr Loos. Er hat das Zeug zu dem
2219 4010 3093 4091 schlanken Burschen, der von Stimmungen und
2204 4060 3086 4116 Erregungen, denen er nicht gewachsen, hin= und
2213 4091 3123 4174 hergezerrt wird. Was ihm Reilich fehlt, ist: 4.
2198 4158 3086 4204 MM Neuukh Ma
2844 4187 2921 4224 24
2591 4192 2821 4228 LesEVHuT
