3392 4352
970 193 1037 258 M
237 192 1401 287 22. Der junge dardus
1090 1024 1371 1134 Telephen
1311 1203 1419 1252 —
461 1183 1238 1286 — „ODSLIVER
365 1269 1482 1339 I. österr. bebärdl. konz. Unternehmen für Zeitungs-Ausschultte
509 1323 1348 1415 Wien, I., Concordiaplatz 4.
710 1397 1137 1473 Vertretungen
378 1433 1473 1524 In Berlin, Budapest, Chicago, Christiania, Gent, Kopen¬
378 1507 1474 1559 #agen, London, Madrid, Mailand, Minneapolis, New-Vork,
418 1543 1436 1594 Paris, Rom, San Francisco, Stockholm, St. Petersburg.
962 1577 1213 1635 rt## 7 a.
1404 1568 1478 1639 14
725 1579 1586 1669 Grens geitung, Wsien
384 1647 762 1721 Assschnitt aus:
920 1657 1408 1746 (Kleine Ausgabe)
391 1726 924 1817 von:  2 NOV 191)
514 1873 1412 2011 Theater und Kunst.
526 1985 1455 2049 Burgtheater. Artur Schn#tz#l#dramati¬
459 2033 1464 2109 sierte Erzählung vom Schicksale der französischen
460 2077 1455 2150 Herzogsfamilie der Valois, die unter dem Titel „Der
461 2128 1457 2187 junge Medardus“ Repertoirestück an dieser
467 2158 1468 2226 Bühne geworden, kam gestern neubesetzt und umbesetzt
456 2215 1478 2286 zur Aufführung. Man beginnt mit der Rollenaufteilung
470 2262 1459 2325 aus dem Nachlasse Hartmanns. Wie nur billig! Stücke
465 2290 1462 2366 leben mitunter länger als Darsteller. Auch „Der junge
465 2328 1472 2407 Medardus“ scheint noch nicht dem Tode geweiht wenn
472 2379 1459 2452 ihm auch Unsterblichkeit kaum beschieden sein mag. Es
923 2423 1472 2489 lange dauern und man
465 2442 865 2499 wird nicht gar
476 2469 1466 2535 wird ihn vergessen haben; ebenso wie sein
472 2509 1470 2584 Vorbild, den Narren Staps, der Anno neun Napoleon
473 2554 1464 2625 aus der von ihm beherrschten Welt schaffen wollte, und
463 2614 1474 2674 da er sich nicht entschließen konnte, um Gnade zu bitten,
476 2640 1475 2702 erschossen wurde. Die Hartmannrolle, den alten, blinden
482 2685 1478 2746 Valois, den Anwärter des französischen Thrones, spielte
480 2732 1479 2799 Herr Gimnig, ein vortrefflicher, routinierter Schau¬
485 2772 1472 2841 spieler, der aber nur der Würde, aber nicht auch der
477 2798 1484 2877 Noblesse glaubwürdigen Ausdruck gab, wie sie seinerzeit
485 2857 1479 2921 Hartmann beseelt und verkörpert hat. Den General
484 2901 1487 2961 Rapp gab Herr Höbling, der nun meistbeschäftigte Dar¬
485 2947 1483 3024 steller unserer Hofbühne, sein unmittelbarer Vorgänger war
487 2979 1481 3048 Herr Brandt, während Herr Reimers die Rolle
484 3029 1483 3111 „geschaffen“ hat, sympathisch, urban und mit einer wohl¬
482 3078 1489 3144 tuenden Herzlichkeit. Für Herrn Brandt bildete der
485 3117 1484 3189 junge Künstler einen recht annehmbaren Ersatz. Ob auch
487 3165 1494 3231 für Reimers? Vielleicht ist Herr Höbling noch ein wenig
487 3206 1487 3286 zu jung für diese Rolle. Macht aber nichts. Sein großes
478 3245 1497 3316 Talent wird zu Jahren kommen. Neu waren gestern auch
492 3292 1503 3365 Herr Gehrs als Leutnant der französischen Garde,
491 3334 1495 3406 Herr Hamsa als Bernburg, Herr Jenbach als
489 3381 1489 3443 Caillard und Herr Brandt als Trembly. Nun, das
486 3436 1495 3508 Neue ist nicht immer #it, das Gute ist nicht immer neu.
1566 186 1983 267 box 26/7
2573 1262 2980 1350 Telephon 12.301.
2035 1420 2790 1518 „ODSENVEN
1877 1492 2983 1581 I. österr. beh. konz. Unternehmen für Zeitungs¬
2102 1538 2779 1609 Ausschnitte und Bibliographie.
2057 1594 2836 1678 Wien, I., Concordiaplats 4.
2293 1668 2614 1731 Vertretungen
1901 1711 2993 1782 in Berlin, Brüssel, Budapest, Chicago, Cleveland, Christlania,
1895 1751 2997 1820 Genf, Kopenhagen, London, Madrid, Mailand, Minneapolls,
1906 1785 2998 1879 New-Vork, Paris, Rom, San Francisco, Stockholm, St. Petera¬
2309 1839 2602 1894 burg, Toronto.
2275 1870 2649 1938 G###ienangabe ohne Gewühr.)
1897 1935 2293 2014 Ausschnitt aus:
2125 1982 2358 2067 2-NDV.191
1914 1984 2918 2123 vom: Ostarr Voiks-Zeitung. Wien
1921 2114 2112 2162 R
2059 2150 2945 2254 Theater und Kunst.
2054 2240 2989 2299 Burgtheater. Artur Schnitzlers dramati¬
1982 2302 2977 2343 sierte Erzählung vom Schicksale der französischen
1982 2333 2989 2384 Herzogsfamilie der Valois, die unter dem Titel „Der
1978 2372 2987 2442 junge Medardus“ Repertoirestück an dieser
1984 2422 2990 2475 Bühne geworden, kam gestern neubesetzt und umbesetzt
1985 2448 2989 2529 zur Aufführung. Man beginnt mit der Rollenaufteilung
1984 2499 2985 2561 aus dem Nachlasse Hartmanns. Wie nur billig! Stücke
1988 2549 2981 2599 leben mitunter länger als Darsteller. Auch „Der junge
1988 2597 2990 2650 Medardus“ scheint noch nicht dem Tode geweiht, wenn
1979 2632 2976 2678 ihm auch Unsterblichkeit kaum beschieden sein mag. Es
2412 2673 2993 2740 lange dauern und man
1988 2681 2365 2741 zwird nicht gar
1986 2724 2977 2785 wird ihn vergessen haben, ebenso wie sein
1986 2764 2974 2834 Vorbild, den Narren Staps, der Anno neun Napoleon
1983 2810 2974 2858 aus der von ihm beherrschten Welt schaffen wollte, und
1992 2851 2980 2910 da er sich nicht entschließen konnte, um Gnade zu bitten,
1993 2895 2978 2940 erschossen wurde. Die Hartmannrolle, den alten, blinden
1996 2939 2980 2991 Valois, den Anwärter des französischen Thrones, spielte
1990 2987 2969 3037 Herr Gimnig, ein vortrefflicher, routinierter Schau¬
1993 3027 2975 3074 spieler, der aber nur der Würde, aber nicht auch der
1992 3070 2966 3135 Noblesse glaubwürdigen Ausdruck gab, wie sie seinerzeit
1992 3123 2990 3181 Hartmann beseelt und verkörpert hat. Den General
1996 3153 2988 3213 Rapp gab Herr Höbling, der nun meistbeschäftigte Dar¬
1999 3209 2993 3262 steller unserer Hofbühne, sein unmittelbarer Vorgänger war
1997 3243 2998 3297 Herr Brandt, während Herr Reimers die Rolle
2000 3273 3035 3340 „geschaffen“ hat, sympathisch, urban und mit einer wohl¬!
1998 3329 2995 3385 tuenden Herzlichkeit. Für Herrn Brandt bildete der
1999 3372 2988 3429 junge Künstler einen recht annehmbaren Ersatz. Ob auch
2010 3429 2989 3477 für Reimers? Vielleicht ist Herr Höbling noch ein wenig
2002 3478 2998 3525 zu jung für diese Rolle. Macht aber nichts. Sein großes
2003 3505 2986 3571 Talent wird zu Jahren kommen. Neu waren gestern auch
2002 3554 2994 3605 Herr Gehrs als Leutnant der französischen Garde,
2003 3588 2993 3655 Herr Hamsa als Bernburg, Herr Jenbach als
1999 3633 2990 3688 Colllard und Herr Braßzdt als Trembly. Nun, das
2013 3668 3011 3747 Neue ist nicht immer gut, das Gute ist nicht immer neu
2896 3729 3016 3765 har
