3436 4320
1047 36 1183 140 1
166 86 1225 186 Prnasche Ahene den derie enien schrnend
173 156 1216 245 Medardus hin und her, ein Hamlet der Gedanken
172 213 1226 290 losigkeit, aber eigentlich mehr ein Cyrano in
170 264 1233 351 seinem Abenteurertum, und der wortfrohe Gascogner
178 313 1233 386 steht dem Wiener Wesen in manchem Zuge
163 355 1237 434 näher als der tiefsinnige Held Shakespeares.
171 403 1229 487 Die Leichenrede, die Etzelt dem erschossenen Freunde
167 454 1225 527 hält, ist eine Kritik des Stückes und seiner Hauptfigur.
173 522 1224 587 „Gott wollte ihn zum Helden schaffen, der Lauf der
166 550 1213 637 Dinge machte einen Narren aus ihm." Eine solche
164 610 1230 683 Gestalt zu entwickeln, ist Aufgabe des Romans, und
172 662 1222 742 es ist ein eigenartiger Zufall, daß der Verlag
176 699 1227 791 S. Fischer in Berlin, der uns die schöne Buchausgabe
173 762 1231 839 des „Medardus“ schenkt, gleichzeitig neben sie die
163 804 1218 875 neue umsangreiche Prosadichtung Gerhard Hauptmanns
165 861 1212 936 legt „Der Narr in Christo“. Wie ein Schwärmer zu¬
162 903 1221 987 gleich rührend und lächerlich sein kann, das vermag
168 938 1226 1027 nur eine Erzählung aufzubauen, die alles Mitleid aus
168 1007 1219 1092 Dichterherzen, alles Verständnis für Irrtümer einer
162 1050 1225 1132 kreinen Seele ausströmen lassen darf; das Theater
157 1103 1227 1193 gibt nicht Raum für solche Entwicklungen. Einfach
164 1149 1215 1223 und schlicht war der Sinn des armen Staps, in
156 1214 1214 1288 keiner geraden Linie bewegte sich sein einziger
173 1265 1228 1347 Gedanke. Medardus'= Tat ist eine überklügelte,
180 1296 1208 1392 ermotivierte Nichttat. Indem das Burgtheater
163 1363 1210 1448 die große Szene zwischen Medardus und Helene,
180 1407 261 1495 n
242 1412 1218 1511 der sie ihn zum Morde zu bereden sucht,
2559 1476 2634 1568 1
160 1502 3264 1617 nzlich strich. #un# mint die rusfinterte P#rone=tien, keine Hauptfigur erreicht den Gipfel, dem führung der auch dichterisch wohlgelungenen Charge des
172 1579 2222 1688 nfacher gestaltet, doch seine morderischen Absichten sie zustrebt. Der Schloßhof von Schönbrunn ist ein
2210 1609 3260 1685 Arztes. Ergreifend verkörperte Herr Hartmann den
164 1610 1200 1703 öllig unverständlich gemacht, we sie ein langes im
1178 1649 2210 1720 #bbild des Werkes: da wird die Trommel gerührt,
2212 1669 3262 1745 greisen Valois, sein eleganter Sohn, Herr Frank,
156 1667 2210 1775 Schaustücke des Schöndrunner Schloßgartens unbeachtet die Pfeiser spielen die Wachen treten ins Gewehr,
2212 1725 3266 1771 ging mit der rührenden Agathe (Frau Medelsky)
170 1722 1179 1805 Frhallendes Gespräch nicht deutlich aufklärt. Geschicht¬
1171 1752 2214 1816 das Volk drängt sich um die Treppe, die Flügeltüren
2205 1770 3260 1836 stimmungsvoll in den Tod. Nennen wir nur noch
155 1768 1187 1852 Eche Wahrheit eines Werles kann nur in seiner
1175 1798 2215 1875 öffnen sich da fällt der Vorhang, Napoleon wird
2206 1818 3261 1887 Frau Mell (Anna), Herrn Heller (Berger), Herrn
166 1825 1175 1906 schichtlichen Möglichkeit liegen. Der Dichter hat
1174 1847 2209 1936 nicht sichtbar. Auch dem Werke Schnitzlers fehlt sein
2204 1866 3258 1925 Reimers (Rapp), so sind wir fast ungerecht gegen
174 1868 1175 1954 bllige Freiheit, mit den Tatsachen umzuspringen, wie
1173 1898 1408 1976 Napoleon.
2207 1891 3281 1979 die vielen wackeren Darsteller, die sieh in denkleinen
199 1925 1197 2025 sie braucht und wie er sie glaubhaft zu machen
1213 1920 2207 2018 Der Dichter hat die höchsten Forderungen gestellt,
2205 1963 3251 2017 Rollen so wacker betätigten. Es war ein großer Er¬
173 1974 1178 2056 ersteht, und niemand rechte um ein paar abgeänderte
1173 1996 2212 2061 das Burgtheater hat sie erfüllt. Hier konnte das
2201 2012 3263 2090 folg, der nicht durchwegs gleichmäßig anhielt, sich aber
163 2043 1172 2102 kakta. Ich glaube an diese Wiener, die Schnitzler
1178 2052 2214 2123 Patrizierhaus in seinem Reichtum schwelgen, den kein
2205 2064 3267 2143 namentlich nach den volkstümlich gehaltenen Szenen
164 2068 1180 2155 er hingestellt hat, ich nehme auch in einem Märchen¬
1178 2099 2210 2172 Emporkömmling erreichen kann. Es stellte einige herrliche
2207 2112 3258 2179 von Eschenbachers Gefangennahme und Hinrichtung
153 2107 1173 2210 iche, wie es Napoleon geschaffen, einen Märchen¬
1168 2157 2200 2223 Bilder, es gab mit seinem wohlgeübien Personal die Be¬
2195 2144 3264 2232 zum Enthusiasmus steigerte. Ein gut Teil dran hat
169 2178 1185 2257 kinzen mit einem Märchenhofe, der freilich nur sehr
1167 2202 2206 2273 wegung der großen Auftritte trefflich, bis auf die etwas
2202 2220 3256 2273 natürlich das reiche szenische Bild und der Stoff mit
168 2230 2215 2324 hattenhaft geraten ist, hin. Ich gebe ihm das Recht, versagenden und dürftigen Basteivorgänge wieder. Es
2197 2256 3251 2328 seinen lokalen und geschichtlichen Anspielungen. Vielen
168 2284 2200 2378 Renschen zu deuten und modern zu gestalten, und fehlte nur Eines — der Held. Durch Herrn Gerasch
2197 2304 3259 2381 Zuschauern ging's ähnlich wie dem Hans Dampf, den
159 2322 2202 2409 uke an ein schönes Wort Goncourts: „Man belebt war die schwache Gestalt noch ins Schwächere herab¬
2197 2370 3251 2416 Grillparzer in seiner witzigen Persiflage auf den Er¬
167 2380 2201 2474 e Vergangenheit nur, wenn man ihr Herz und gedrückt, sein warmer Ton wird nie charalteristisch
2198 2408 3260 2477 folg seines „Ottokar“ im Burgtheater schreiben läßt:
159 2419 1182 2504 ehirn der Gegenwart gibt, und alles, was
1165 2456 2205 2518 und kräftig, er bedeutete diesmal geradezu eine Gefahr
2199 2460 3261 2525 „Viltoria! Ein vaterländisches Stück auf der
160 2472 1184 2555 an aus ihr selbst holen kann, sind die
1167 2502 2214 2580 für das Stück. Glücklicherweise fand es weit stärkere
2204 2508 3243 2566 Bühne! Stelle Dir vor! Marchegg wird er¬
165 2528 3262 2582 mgebungen dieser Menschheit.“ Mit der Prinzessin Heifer. In erster Reihe ist Frl. Wohlgemuth zuwähnt, der letzte Akt spielt sogar in Götzendorf,
185 2574 3251 2687 t Schnitzler bis ins Reich der Strindberg=Frauen nennen, die wohl des Dichters Traum ver= unserem gemeinschaftlichen Geburtsorte. Viele wollen
167 2632 3245 2685 zogen, deren Liebe Haß, deren Kuß Biß ist. körperte. Diese vornehme Gestalt mit der stolzen behaupten, das Stück hinge nicht gar wohl zusammen.
162 2681 3262 2777 Zie schwankt zwischen Theater und Wahrheit, zwischen Haltung des Hauptes, diese Stirne, hinter was frage ich danach! Genug, der fünste Akt spielt
166 2729 2217 2834 fardon und Ibsen. Vollste Bewunderung gebührt deren Blässe harte Gedanken schimmern, diese leise
2189 2754 3259 2831 in Götzendorf!“ Aber das Werk hat auch tiefere,
162 2779 1168 2861 eser Gestalt in ihrer Kühnheit, frivoe Motive durch
1162 2803 3252 2888 zuckenden Flügel der Nase, diese verächtlich auf= dichterische Qualitäten, und das Publikum verstand sie
164 2819 1182 2910 chsten künstlerischen Ernst zu adeln, in der meister¬
1160 2854 2207 2931 bäumende Oberlippe, der hochfahrende Klang der
2199 2864 3249 2933 zu würdigen. Es war ein Ehrenabend für das Theater
168 2879 1166 2971 ften Technik, wie die klare Kälte ihres Wesens von
1160 2906 2211 2978 Stimme, das immer etwas vorsichtig artikulierte Wort,
2200 2913 3254 2985 wie für den Dichter, der stolz sein darf, daß seinem
150 2920 2216 3019 er aufwallenden Blutwoge weggehitzt wird, wobei der vielsagende Blick der dunkten Augen, die Gestalt
2197 2960 3247 3035 großen Wollen die verdiente Anerkennung nicht versagt
156 2975 1169 3061 Filich in Schnitzlers Aus ührung der Frost intensiver
1155 3003 2206 3068 war sicher und unvergeßbar geschaffen, die sich in
2200 3005 3259 3086 worden. Bedenken genug muß das Werk erregen; um
160 3029 1167 3104 kennt als die Glut. Aber die Zeit brauchte und hatte
1160 3059 2203 3130 ganz einiger Weise mit der Persönlichkeit der
2194 3049 3256 3119 so nachdrücklicher soll das Wort wiederholt werden, mit
167 3079 1172 3160 sachere Naturen als Medardus und Helene, und
1163 3098 2206 3181 Darstellerin deckt. Wo dies weniger der Fall ist, wie
2203 3120 3254 3167 dem Paul Schlenther Gerhard Hauptmanns „Florian
163 3131 1172 3206 m gewöhnlichen Argumente, die Menschen der Ver¬
1154 3157 2201 3231 in der Liebesszeue, da wurde auch der Ton etwas hohl,
2203 3166 3246 3235 Geyer“ begleitete: „Der Gang durch die sechs Räume
162 3182 1159 3257 ugenheit seien Menschen wie wir, hat schon Hebbel
1157 3206 2196 3292 und die Sinnlichkeit klang unecht. In der sehr müh¬
2194 3212 3248 3283 des Stückes belohnt mit der Bekanntschaft von einem
168 3233 1169 3306 n Wort entgegengestellt: „Sie werden in allen
1168 3254 2196 3321 samen, abr wenig dankbaren Rolle Etzelts zeigte
2192 3262 3246 3330 halb Hundert lebendiger Menschen. Darin liegt eine
156 3263 1169 3350 en Außerungen durch die jedesmalige Kulturstuse
1161 3304 2204 3374 Treßler seimn ganze Kunst eindringlicher, warmer
2188 3319 3254 3384 großartige Schöpferkraft, es soll unter unseren nueren
165 3331 1170 3433 kes Volkes bedingt, und die Römer haben nicht die
1161 3354 2212 3426 Rede, echte Volksfiguren stellten Herr Balajthy
2194 3366 3240 3439 Dichtern einmal ein zweiter kommen, der etwas Ahn¬
166 3382 792 3452 tfernteste Anlage zum Werther.“
1156 3408 2195 3485 (Eschenbacher) und Frau Bleibtren (Mutter
2186 3401 2559 3495 liches vermöchte.“
178 3433 1169 3518 So erfreut uns „Medardus“ in zahlreichen seinen
1153 3452 2200 3529 Kähr), Herr Korff (Wachshuber) und Herr
2629 3438 3204 3546 Alexander von Weilen.
176 3477 1173 3560 nzelheiten der Handlung und der prächtigen Ge¬
1157 3504 2215 3585 Straßni (alter Herr), einen wohlverdienten Applaus
174 3530 2212 3639 lten, er wirkt oft hinreißend im Detail, aber keine holte sich Herr Arndt mit der meisterhaften Aus¬
