3344 4352
879 129 960 200 M
1479 127 1950 224 box 26/7
167 133 1346 221 22. Der junge edardus
1892 680 2692 765 WTEREREEENN SDINI N UR RENATRALARST TEWTTAEEE TE T
1538 684 1729 769 HRRRLOTTAUTERT N
55 693 1537 774 ms
1870 764 2914 848 comme un dénonement définitif du drame, et
835 789 1872 850 lage du Tyrol autrichien. Un reitre impérial,
68 778 856 853 tout jeune homme de beaucoup de
1878 829 2918 893 le publie se frouve sans doute fort surpris
855 836 1881 889 avec sa horde de soldats, vient d’y arriver, por¬
72 848 857 895 a été jdué déjà, non sans succes, an
1877 872 2911 929 d’étre encore dans la salle an second acle. Ce
842 877 1882 924 #teur d’un décret de l’empereur bannissant tous
85 891 846 948 Les destinées de la fille para¬
1872 916 2913 969 second acte est à notre gré beaucoup frop
854 920 1877 981 les paysans luthériens qui ne vondront pas
63 923 855 991 Ferdinand de Castille, Maria-Dulce,
1871 945 2926 1024 long; l’intèrét y languit. Toute T’action tourne
853 969 1872 1023 abjurer leur soi. Une scene d’exposition courie
58 976 861 1029 ant guérit par la suggestion et qui
1871 1006 2915 1057 autour du personnage du vienx Rott. La con¬
850 1010 1883 1064 et précise pose netiement le sujet et nous
68 1022 857 1084 kuser de sorcellerie gräce aux in¬
1873 1046 2917 1107 version publique desson fils l’a rendu inquict.
855 1052 1871 1113 éclaire des l’abord sur le conflit psyehologi¬
69 1059 844 1124 rival écönduit, n'ont pas eu le don
1873 1087 2921 1159 Va-t-on le forcer à quilier le sol natal comme
846 1097 1879 1164 que qui fait le fond de la pièce“; la lutte,
78 1103 857 1163 le publie: le treizième siècle est
1873 1146 2913 1199 son fils Christophe, qui au moins pourra fon¬
851 1142 1874 1196 dans T’äme du paysan, entre l’amour pour le
51 1139 851 1213 ous! La Houppe d poudrer, de MMl.
1870 1175 2910 1247 der un nouveau foyer à l’étranger, vivre heu¬
852 1188 1874 1248 sol natal et la foi dans la vraie religion, dans
56 1195 852 1248 Ehfeld et Siegfried Geyer veut étre,
1868 1233 2930 1286 reux avcc sa compagne, la Rottin, et son en¬
851 1233 1163 1293 le vräi Dieu.
69 1246 851 1299 fe, une comédie très moderne. Mais
1873 1267 2914 1330 fant Spatz? Lui, qui n’a plus longtemps à vi¬
893 1255 1877 1334 Christophe Rott et son père, le vieux Rott.
63 1283 859 1346 bas jugée beaucoup plus amusante.
1876 1319 2920 1376 vre, mourra au premier détour de la route et
855 1326 1884 1389 sont secrélement devenus protestants. Fils et
65 1324 858 1387 sont des débutamts, ils feront cer¬
1879 1363 2919 1420 on le couchera dans la terre à côté d’inconnus.
846 1365 1879 1429 petit-üls, père et frère de luthériens, martyrs
60 1362 857 1426 Emienx une autre fois. Nous en di¬
1869 1402 2909 1464 II ne peut se résigner à ce sort; il continue¬
850 1411 1876 1470 de leur foi, ils ont tenn leur conversion se¬
68 1408 853 1469 de M. Wolfgang Madjera. Sa piéce,
1871 1448 2922 1512 ra à s’affirmer pienx catholique, à mentir à
854 1447 1877 1511 crête pour ne pas étre obligés de quitter le
66 1457 855 1514 omne ou le Voleur malgré lui, est
1871 1494 2922 1562 sa conscienee; il renverra ses deux fils; il re¬
857 1508 1876 1554 sol natal auquel ils sont allaches par toutes
66 1503 834 1553 nquatre actes — c’est bien long —
1878 1532 2921 1596 fusera mème le giie sous son toit à son mal¬
853 1544 1875 1604 les fibres de leur étre. Ils veulent achever leur
61 1545 854 1605 sme judiciaire. Elle a cependant
1871 1583 2918 1641 heurenx enfant Pierre, un des convertis luthé¬
852 1577 1889 1647 vie dans cs village qutils n’ont jamais quitté,
66 1594 852 1641 iccès d’estime que le passé littérai¬
1868 1613 2930 1696 riens chassé déjà du pays et que l’amour du
849 1630 1879 1699 et transmeltre intact à leurs descendants le
64 1625 857 1706 norable, de son auteur ne pouvait
1879 1667 2916 1732 sol natal ramène an village. II n’a pas un geste
856 1668 1883 1733 patrimoine, unc pauvre ferme, que les Rott
60 1669 386 1744 e lui assurer.
1878 1712 2922 1772 de pitié, pas un eri d’amour paternel lorsque
852 1713 1889 1774 possedent de père en fils. IIs se cachent pour
65 1700 858 1777 haturges de l’école naturaliste alle¬
1873 1760 2927 1821 les soldats chassent brutalement le pauvre hö¬
854 1767 1887 1828 prier, pour lire la Bible défendue qu'ils ont
87 1773 855 1832 une prédilection marquée pour
1880 1801 2927 1861 re. Le vieux Rott se réserve toutefois, lors¬
860 1808 1882 1875 enfouie dans l’une des poutrelles du plancher.
60 1810 860 1874 Leur maitre à tous, M. Gerhart
1877 1841 2914 1912 qu'il sentira la mort l’étreindre, de confesser
65 1849 858 1917 , leur a donné le premier l’exem¬
902 1861 1879 1921 Jusque-la, rien que de normal dans la con¬
1889 1884 2929 1951 sa religion et sa vraie foi. Cette casuistique
70 1899 862 1963 on Florian Geier: exemple pen
852 1897 1881 1964 duite de ces deux hommes. Protestants convain¬
1889 1929 2919 1989 du vicillard, ces restrictions mentales sont fort
58 1948 850 2001 Ant s’il en fut. Car le drame, comme
849 1935 1889 2013 cus, ils n’ont pourtant pas l’ardeur religieuse
1891 1986 2920 2036 déplaisantes. M. Schonherr y a trop lourde¬
70 1992 855 2046 échoua, et les essais répétés des di¬
856 2003 1886 2053 qui anime ies martyrs; en lisant la Bible ils
1878 2019 2918 2077 ment insisté; il a trop enlaidi moralement le
78 2029 867 2086 Lessing-Theater et du Deutsches¬
856 2027 1893 2101 croient avoir assez fait pour leur salut futur.
1874 2057 2932 2128 personnage du vienx Rott, dont l’amour du sol
70 2069 862 2136 Berlin, pour secouer Tindifférence du
858 2079 1888 2136 Rien dans leur attitude ne fait prévoir l’élan
1880 2105 2927 2173 natal n’excuse pas unc pusillanimité sénile,
68 2111 560 2192 rent aucun résultat.
869 2128 1888 2178 d’enthousiasme qui forcera l'un d’eux, Chris¬
1881 2147 2921 2215 qui le rend odieux au public. Son sort tragi¬
860 2169 1882 2229 tophe Rott, en fin d’acte, à faire l’aveu de sa
69 2150 876 2228 t donc quelque audace à faire unc
1886 2188 2930 2256 que ne nous Cmeut pas; nous éprouvons à
864 2214 1887 2273 foi. M. Schcnherr parait s’étre rendu compte
68 2214 871 2278 ntative dans le genre historique
1887 2236 2930 2301 peine pour lui de la pitié; cet égoisme du
871 2258 1883 2315 de ce défaut dans la contexture psychologique
72 2262 864 2319 iccès de Hauptmann, et il faut savoir
1886 2279 2926 2346 vieux Rott nous blesse. M. Schenherr, dom les
867 2302 1879 2351 de son drame. Aussi, pour impöser au spec¬
74 2303 866 2359 chenherr de l’avoir osée. M. Schoen¬
1897 2339 2926 2386 sympathies pour son personnage paraissent
868 2346 1891 2400 tateur ce denouement imprévu, il à eu recours
96 2348 860 2407 vrai, possede à un plus haut de¬
1882 2365 2923 2425 augmenter à mesure qu'elles diminuent chez
859 2385 1888 2450 au moyen facile du coup de théätre, ou di¬
73 2391 866 2447 Hauptmann ce qu'on pourrait appe¬
1878 2398 2932 2489 Ie public, s’est avisé tout de méme, en lin T’acte,
878 2417 1883 2482 solis mienx, des coups de théätre: successi¬
70 2435 866 2497 ice du public: le don de découvrir
1892 2448 2929 2517 d’apaiser le courroux moral des spectateurs par
866 2468 1892 2535 vement l’arrivée du reitre, le carnage auquel
76 2484 869 2537 ces et ses goüts. Le public moderne,
1894 2500 2927 2560 un beau geste du vicillard. S’il ent fallu sans
867 2518 1893 2564 il se livre parmi les pavsans protestants, et
73 2525 876 2582 u énervé, aime les émotions fortes,
1887 2536 2921 2610 doute donner une explication psychologique de
873 2559 1895 2616 enfin la mort de la Sandpergerin, une voisine
71 2560 867 2628 err ne lui épargne pas les secous¬
1885 2585 2929 2641 ce beau geste, la täche de M. Schenherr n’eüt
874 2602 1885 2663 des Rott, que la valetaille du reitre tue pour
78 2615 877 2674 es. Le naturalisme a une tendance 5.
1883 2629 2931 2698 peut-étre pas été facile. Il s’est servi d’un
863 2632 1892 2717 Jui faire livrer la, Bible, qu'elle serre dans ses
80 2656 869 2709 chez lui par un excès de brutalité;
1888 2674 2922 2735 moyen plus simple. Le reitre, qui a bien T’air
872 2692 1025 2760 bras.
72 2695 865 2759 e-t-il quelquefois des coups de
1895 2721 2938 2779 dans la pièce d’un simple deus er machina, a
81 2742 343 2806 sensation.
898 2715 1875 2790 Nous savons bien que ce spectacle agit puis¬
1894 2767 2934 2831 encore une fois tiré l’auteur d’embarras. Le
876 2781 1888 2841 samment sur T’esprit de Christophe Rott; nous
68 2784 878 2844 uvrier dramatique d’ailleurs, il sait
1890 2811 2930 2872 meurtre de la Sandpergerin avait provo¬
870 2829 1889 2885 doutons pourtant que le timoré que nous a de¬
77 2834 873 2891 es effets, exciter la curiosité de son
2383 2845 2932 2921 de Christophe Rott;
1885 2852 2384 2922 qué la confession
879 2863 1891 2926 crit M. Schcnherr dans les premières scènes
72 2874 875 2939 a tenir en haleine, tirer tout l’in¬
1887 2907 2934 2966 la décision du reitre de faire jeter, après
879 2920 1891 2981 soit capable d’un acte de foi qui peut à co
79 2915 875 2982 Etique d’une situation. Les qualités
1892 2944 2943 3010 leur mort, les corps des hérétiques au
883 2961 1894 3014 moment meme lui coüter la vie. Toutes les notes
99 2967 877 3031 et de composition qui distinguent
1900 2972 2933 3045 charnier, provoque celle du vieux Rott:
874 3005 1900 3061 pour la scène par lesquelles M. Schenherr a
91 3005 876 3065 M. Schenherr ont contribuc sans
1893 3035 2940 3095 4 Un Rott au charnier, s’écrie-t-il, le vienx
873 3039 1892 3095 voulu préciser et régulariser le jeu de l’acteur
71 3056 870 3102 surer ie succès de sa piéce en Au¬
1884 3076 2945 3149 Rott à côté d’un chien crevé! Chevalier, j'en
878 3087 1900 3147 n’y font rien. Le meilleur artiste ne peut ex¬
85 3105 867 3155 e public est moins sensible que dans
1901 3124 2934 3183 suis un aussi, moi, un chrétien évangéli¬
875 3134 1901 3192 primer que les sentiments que l’auteur a mis
84 3136 881 3201 protestante aux malheurs des pay¬
1903 3163 2940 3226 que! " La scène ne manque pas de pathétique.
882 3175 1897 3235 dans son Guvre. La conversion publique de
82 3187 878 3253 és au luthérianisme et chassés de
1890 3211 2941 3275 C’est un coup de théätre habilcment amcné.
875 3212 1908 3286 Rott reste donc insuffisamment expliquée. En
74 3219 881 3289 au moment de la contre-Réforme.
1894 3245 2942 3305 Lhabileté encore une fois ici remplace chez
872 3260 1898 3331 outre cette fin d’acte a un second défaut: par
84 3256 880 3325 époque que dramatise M. Schonherr.
87 3298 2952 3381 T’action de Foi ck Pairic est un vil-] sa brutalité meme, elle agit sur le spectateur M. Schenherr le talent. Le troisième acte est
