3344 4352
883 155 959 220 M
160 154 1327 255 2 Dejundardus
1068 564 1451 638 Telephon 12.801.
361 601 553 670 — —
517 703 1253 804 „OBSENVEN
352 783 1442 854 1. österr. beh. konz. Unternehmen für Zeitungs
567 836 1237 891 Ausschnitte und Bibliographie.
533 895 1295 972 Wien, I., Conoordlaplatz 4.
751 959 1090 1029 Vertretungen
357 998 1446 1068 in Berlin, Brüssel, Budapest. Chicago, Cleveland, Christianla,
362 1056 1448 1101 Ganf, Kopenhagen, Lndon. Madrid, Mailand, Minneapolis,
362 1086 1463 1155 New-Vork, Paris, Rom, San Francisco, Stockholm, St. Petere¬
762 1132 1062 1189 burg, Toronto.
714 1174 1119 1222 Quellenangabe obpe Gewähr.
368 1200 1395 1299 Ausschnitt ahi der Abendblatt
624 1267 845 1342 9. 1911
366 1360 558 1453 vom:
946 1368 1210 1429 UIT.
658 1459 1099 1560 Theater.
468 1551 1324 1604 Gie. w. Deutsches Landestheater. De¬
395 1586 1320 1655 bentige und morgige Abend bringen Wiederauffüh¬
406 1634 1328 1684 rungen von Schnitzlers Drama „Der jung
397 1680 1282 1745 Medardn##Einewaitere Schnitzlernovität
853 1706 1336 1759 s weite Land.“ Die
405 1720 757 1766 in Vorbereitung!
406 1745 1330 1797 neue Dichtung soll am selben Abend im Burgtheater
399 1787 1327 1831 und bei uns zur Uraufführung gelaugen. In Prag
406 1829 1328 1884 uud Berlin zugleich wird im Laufe des Septembers
401 1854 1324 1913 Hermaun Bahrs Komödie „Das Tänzchen“
395 1899 1332 1953 gegeben werden. Auch Otto Ernst kommt mit seinem
402 1931 1331 1992 neuen Stück „Die Liebe hört nimmer auf“
395 1969 1345 2035 zu uns ins Repertoire. In der Oper werden, wie #
396 2011 1336 2065 wir neulich schon mitteillen, Bittners „Musi¬
406 2059 1338 2101 kant“ und Blechs „Versiegelt“ vorbereitet.
398 2096 1334 2143 Im Musikanten haben Dr. Winkelmann, die
397 2128 1337 2188 Damen Körner und Boenecken die Haupt¬
397 2156 1328 2208 partien und in Blechs musikalischem Lustspielchen
407 2201 1342 2251 werden die Herren Waschmann, Pokorny,
412 2241 1346 2281 Frau Voenecken, Frl. Pfleger beschäftigt
407 2286 1326 2328 sein. Neueinstudiert wird Meyerbeers „Afrika¬
412 2314 1314 2386 nerin" Gnit Dr. Stark als „Vasco“, Frl.
407 2368 1333 2412 Forti als „Selika“ Herrn Pokorny als „Ne¬
411 2385 1212 2456 lusko“ und Frau Tannert als „Ines“.
416 2436 1348 2495 der nächsten Aufführung der „Königin von
421 2464 1336 2517 Saba“ werden Frl. Körner zum ersten Male
417 2507 1343 2576 die „Sulamit“ und Frl. Pfleger, gleichfalls neu,
419 2549 1017 2598 die Partie der „Astarroth“ singen.
1034 2563 1436 2654 egnu 12. 501.
482 2689 1233 2788 „SSSEKVEN
339 2776 1418 2862 I. österr. beh. konz. Unternehmen für Zeitungs¬
537 2828 1209 2892 Ausschnitte und Bibliographie.
495 2864 1259 2966 Wien, I., Conoordiaplats 4.
736 2948 1047 3015 Vertretungen
325 3001 1422 3052 in Berlin, Brüssel, Budapest, Chicago, Cleveland, Christiania.
332 3037 1419 3088 Genf, Kopenhagen, London, Madrid, Mailand, Minneapolis,
319 3068 1423 3139 New-Vork, Paris, Rom, San Francisco, Stockholm, St. Peters¬
723 3115 1032 3171 burg, Toronto.
674 3163 1078 3216 (Guslienangabe ohne Gewähr.)
322 3201 1144 3290 Ausschnitt aus: 01JEWIA.
1142 3198 1396 3291 PRAG
514 3260 763 3366 1 9.1911
327 3326 503 3385 vom:
569 3421 1467 3505 „Der junge Medardns.“ (Neues deutsches
478 3473 1472 3547 Theater.) Artur Schuitte#sgroßangelegte drama¬
470 3517 1484 3613 tische Historie, deren Gewinnung für unsere Bühne
492 3560 1472 3631 die bleibende Errungenschaft der letzten Maifestspiele
491 3603 1472 3672 bedeutet, wurde gestern zum erstenmale innerholb des
500 3644 1476 3722 Normalspielplaus ausgeführt. Diesmal hatte das
496 3689 1469 3786 heimische Ensemble ohne die Miniirkung der renom¬
497 3731 1478 3823 mierten Gäste die Kraftprobe zu bestehen, und der
489 3771 1490 3874 sich bei jeder passenden Gelegenheit einstellende
497 3814 1476 3895 Applaus bestätigte, daß es der großen Aufgabe ge¬
499 3857 1486 3934 wachsen war. Ansteile von Tilla Durieux spielte
498 3900 1490 3985 Fräulein v. Helling die liebes= und rachedurstige
505 3943 1478 4025 Prinzessin von Valois mit ihrem starken Kunstve.“
500 3987 1489 4046 stand, der sie eigene Wege weist und sie von dem
508 4025 1500 4130 Vorbild ihrer Vorgängerin unabhängig machte, Auch
1480 149 1828 231 box 27
2543 634 2942 730 Telephon 12.801.
1998 780 2739 875 „OSSLNT EI.
1836 870 2918 927 1. österr. beh. konz. Unternehmen für Zeitungs¬
2056 919 2726 988 Ausschnitte und Bibliographie.
2017 974 2780 1057 Wien, I., Conoordiaplatz 4.
2235 1041 2569 1102 Vertretungen
1833 1081 2950 1141 in Berlin, Brüssel, Budapest, Chicago, Cleveland, Christiania,
1852 1132 2944 1188 Genf, Kopenhagen, London, Madrid, Mailand, Minneapolis,
1835 1174 2938 1225 New-Vork, Paris, Rom, San Francisco, Stockholm, St. Poters¬
2257 1213 2414 1273 Deute
2201 1214 3031 1315 hh Abendblatt, Prag
1840 1309 2241 1388 Ausschnitt aus:
2134 1400 2558 1474 7. SEP 1911
1855 1445 2018 1497 vom:
2008 1465 2070 1526 MRRR
2088 1533 2761 1610 Neues deutsches Theater.
2178 1591 2651 1657 „Der junge Medardus.“
1944 1612 2860 1709 I Dramatische Historie in fünf Akten von Arthur
2275 1694 2584 1750 Schnitzler.
2015 1726 2905 1808 Die Schauspielsensation der jüngsten Maifest¬
1937 1804 2897 1851 spiele gelangte gestern, in allen Rollen mit einhei¬
1943 1832 2889 1892 mischen Kräften besetzt, zur Wiederholung. Im Rah¬
1935 1887 2896 1940 men dieser guteinstudierten Normalvorstellung kam
1933 1940 2895 2010 auch die mehr epische Anlage des Ganzen deutlich
1929 1969 2901 2034 zum Ausdruck, die fast nur durch das fein ausge¬
1939 2038 2907 2095 führte Milieu die oft bedenklichen Längen zwischen
1929 2074 2900 2151 den einzelnen dramatischen Hochpunkten ausfüllte.
1939 2122 2907 2186 Die Regie verstand es durch starke Streichungen die
1935 2166 2905 2240 Dauer des Stückes auf vier und eine halbe Stunde
1925 2227 2890 2276 zusammenzudrängen — eine Zeit, die entschieden die
1938 2269 2903 2341 Grenze der Aufnahmsfähigkeit unseres Publikums
1951 2317 2901 2384 für ein Schauspiel bedeutet. Die Rolle der Prin¬
1946 2368 2904 2427 zessin von Valois gab Frl. v. Helling, eine
1943 2417 2899 2476 ebenso schöne als stolze Erscheinung, und erfüllte sie
1935 2462 2891 2528 mnit dem vom Dichter vorgeschriebenen Gemisch von
1941 2504 2895 2560 falter, abstoßender Berechnung und heiß empor¬
1943 2556 2895 2612 flammender Sinnenglut. Herr Tiller spielte
1928 2602 2900 2661 wieder den lediglich in schönen Worten schwelgenden
1927 2659 2888 2710 zutschlußlosen Titelhelden, müde und mit auffliegen¬
1934 2705 2884 2767 der Fieberhitze, aus der zum Schluß das letzte den
1924 2751 2904 2808 Tod des schwachen Helden herbeiführende Kraftwort
1930 2799 2891 2860 hervorbrach. Etwas gar zu lebhaft jammernd war
1929 2844 2891 2898 Frl. John als Buchhändlerswitwe Klähr. Die
1927 2889 2898 2963 übrige Besetzung war dieselbe geblieben. Die vielen
1921 2939 2900 3014 Szenenwechsel vollzogen sich dank der gut funktio
1923 2992 2892 3050 nierenden Drehbühne glatt, das Zusammenspiel des¬
1925 3044 2886 3110 großen Personenaufgebotes ließ kaum etwas zu
1921 3082 2905 3150 wünschen übrig und hielt das sehr gut besetzte Haus
1922 3133 2907 3186 mit suggestiver Kraft im Banne dieser großen dras
1918 3171 2890 3257 matischen Historie, bis das letzte Wort verklungen war.
2707 3232 2859 3284 P. R.
1985 3346 2922 3445 Eine neue Sprechtondichtung vollendeten soeben
1914 3412 2887 3475 die beiden Autoren des im vorigen Winter um
1926 3440 2919 3520 außerordentlichem Erfolg aufgeführten Werkes „Das #
1918 3506 2879 3562 große Narrenspiel“, der Dresdner Lyriker F. E¬
1922 3528 2896 3609 Köhler-Haußen und der gleichfalls in Dresden
1926 3583 2890 3663 lebende Komponist Paul Colberg. Das neue
1916 3646 2874 3707 Werk führt den Titel „Der gläserne Berg“
1917 3681 2880 3752 Es umfaßt gesprochenen Text, großes Orchester und
1910 3737 2888 3789 unsichtbaren Frauenchor. Die Uraufführung mit dem
1921 3783 2885 3842 Dichter als Sprecher und dem Komponisten als Diri¬
1911 3833 2878 3912 genten ist noch in der ersten Hälfte des Winters zu
1920 3877 2122 3948 erwarten.
