3392 4256
271 217 1414 304 22. DenjungeMadandus
1122 846 1533 939 (abl. Elatt.), Aien
449 917 779 1019 K
650 1007 1251 1133 Bühnenwelt.
486 1107 1562 1179 (Burgtheater.) Man gebe mir das Manöverfeld dreier
350 1170 1568 1218 Feuilletonspalten, um die Parade über die 15 Bilder von Schnitz¬
349 1196 1564 1255 lers trotischer Historie abzunehmen. Man mute mir nicht  zuin
338 1247 1558 1298 den kärglich zugemessenen fünfzig Zeilen analytische Untersuchun¬
335 1280 1561 1327 gen anzustellen, inwiefern es Schnitzler gelungen ist, das Drama
347 1331 1573 1372 des „jungen Medardus“ das Einzelschicksal dieses herzlich unbe¬
337 1359 1577 1407 deutenden Landwehrburschen in die Historia verwebt zu haben,
347 1397 1567 1448 inwiefern es ihm mißglückte, da er es unter den weitgespannten
335 1442 1560 1490 Vogen des Jahres 1800 hineinplazierte. So groß ist kein kritischer
340 1485 1571 1529 Meister — halten zu Gnaden, Herr Leser, — daß er sich in die¬
341 1516 1561 1567 ser Beschränktheit zeigen könnte. Auch mein chemisches Laborato¬
343 1556 1563 1603 rium leidet an Raummangel, eine lokale Misere, die mich zwingt,
349 1592 1561 1644 mit aphoristischer Kürze die Endformel aufzuzeichnen, den Reiz
343 1646 1574 1692 der Arbeit jedoch für mich zu behalten. Also: ich sehe nur, daß der
341 1672 1569 1720 Dichter das Schicksal seines Helden teilte, daß die „Tat“, zu der er
347 1707 1571 1759 sich anschickte, größer war als er, daß der künstlerische Rausch: eine
340 1746 1568 1806 gewaltige geschichtliche Tragödie und, als Mikrokosmos in
346 1790 1574 1841 ihr, das Drama des jungen, ästhetisch angekränkelten Wieners
350 1829 1573 1880 zu schreiben, ihn am Ende schwächlich fand, Auch Schnitzler hat
344 1861 1568 1910 eben dieses Abenteuer zu sehr verwirrt. So hat er neben dem
339 1913 1575 1956 Diorama der Franzosenzeit die Hamletnovelle geboten und Me¬
335 1944 1574 1990 dardus ist der Held eines packend erzählten — Histörchens. Quarz,
335 1988 1572 2038 viel Quarz und taubes, wenn auch buntes Gestein und zwischen¬
340 2027 1576 2068 durch, — doch wie spärlich gesäet! — die Goldadern eines echten
349 2059 1581 2112 Dichters. Es ist, als besänne sich Schnitzler, erstickt von dem
341 2091 1584 2142 Gießbach der Farben und Klänge, die ihn umrauschen, auf seine
349 2132 1576 2183 literarischen Pflichten und schon gar in der dramatischen
348 2177 1579 2229 Psychologie läßt er jede Oekonomie vermissen. Ganze, große
342 2211 1564 2271 Bilder lang versinkt er in Theaterei wenn auch da natürlich die
343 2274 1571 2305 edle Herkunft in vielen kleinen, respektabeln Zügen unverkennbar
348 2280 1574 2356 ist. (Die Friedhofszene, der lautlose Püppchentod des Mäderls
354 2322 1575 2383 auf der Bastei, die Lust an der „Hetz“ beim Anblick Napoleons,
340 2379 1568 2425 welche die Wiener Kanaille empfindet und hundert andere
357 2417 1583 2459 Spitzlichter des feinen Novellisten). Aber dies ändert nichts
339 2443 1572 2507 daran, daß es in toto nur eine Vermischung, keine chemische
361 2539 1595 2583 Verbindung von Mandelbogen und Literatur geworden. Daran
365 2570 1601 2624 können die gewundenen Exegesen der Schnitzlerreligiösen nichts
375 2606 1581 2666 ändern. Und nicht einmal die herrliche Arbeit, die das Burg¬
371 2647 1587 2709 theater daran gewendet hat. Alle waren sie bewundernswert,
365 2686 1587 2751 die Großen und das Volk des Burgtheaters. Die Bleibtreu
367 2732 1590 2781 und Balajthy mit ihrer atembeklemmenden Echtheit, die
377 2787 1596 2818 taktvolle, wirklich adelige Wohlgemuth, der köstliche Hart¬
367 2817 1605 2864 mann und die Creme der Episodistengesellschaft: Arndt,
371 2837 1607 2901 Straßni, Korff, Frank, Zeska, Gimnig. Alle bis
375 2898 1590 2939 auf einen: Herrn Gerasch, dessen Aeußerlichkeit nie als un¬
365 2910 1601 2974 zulänglicher empfunden wurde, als diesmal. Bis zur Schlacht bei
379 2953 1601 3014 Aspern ging das Publikum gespannt, erregt und neugierig mit,
382 3005 1600 3056 dann erlahmte die Teilnahme, nur die Gallerie bejubelte noch
374 3032 1601 3092 jede Salve, jeden szenischen Effekt und es war ein Glück, daß
373 3071 1608 3138 der Dichter den Abend in zwölfter Stunde mit einer Arabeske
373 3109 1601 3165 von echt literarischer Prägung schloß. So blieb man wenigstens
377 3160 1605 3206 von der bösen Enttäuschung bewahrt, nur mit circenses be¬
382 3199 1615 3254 wirtet worden zu sein. Die werden freilich viel p. t. Adel und
385 3228 1507 3302 verehrliches Publitum ins Haus am Franzensring ziehen.
504 3264 1608 3322 (Hofoper.) In der gestrigen „Zauberflöte“=Vorstellung, die
386 3304 1616 3377 von Direktor Weingartner glänzend dirigiert wurde, gab es
376 3342 1608 3402 ein paar interessante Neubesetzungen: Herr Miller als Ta¬
390 3386 1613 3438 mino, Frl. v. Rappe als Pamina und Herr Rittmann als
390 3421 1605 3492 Papageno. Herr Miller wußte wie immer durch seinen bel cante
392 3460 1608 3513 einzunehmen, ohne in seinem Spiel Hervorragendes zu leisten.
380 3511 1610 3558 Frl. v. Rappe wußte dank ihrer vollendeten Technik Beifall zu
379 3546 1624 3590 erringen, wenn auch ihre Stimme in der Höhe schrill klingt. Herr
393 3594 1610 3627 Rittmann bot einen lustigen Papageno, ohne allerdings die
385 3633 1624 3669 Gefährliche Erinnerung an Ritter vergessen zu machen. Das
383 3651 1630 3718 ausverkaufte Haus empfing zu Beginn des zweiten Ak#s Wein¬
390 3689 1451 3766 gartner mit tosendem demonstrativem Beifal
1606 200 1969 289 box 26
2029 589 2912 713 Wien, I, ScheenKuumn H.
2233 680 2548 755 Vertretungen
1833 734 2937 817 in Berlin, Basel, Budapest, Chicago, Clevolaud, Chetstimtn,
1843 772 2941 854 Oenf, Kopenhagen, London, Madrid, Malland, Minnenpolte.
1831 813 2939 902 Now-Vork, Paris, Rom, San Francisco, Stockholm, Bl. Petess¬
2239 861 2545 912 burg, Toronto.
2149 892 2337 955 (Ouelienang
2394 901 2615 965 ohne Gouüerh.
1820 943 2206 1023 Ausschnltt aus:
2362 946 2893 1139 K. 10.1 Pien
1822 1071 2017 1147 vom:
2018 1054 2344 1170 28 11 1910
2015 1170 2930 1305 Cheater und Kunst.
1953 1303 3066 1375 Burgtheater. Die lang erwartete und vorherverkün¬
1853 1349 3070 1428 dete Novität aus Artur Schnitzlers Feder, „Der junge
1858 1390 3072 1470 Medardus“, gab bei ihrer Erstaufführung der Kritik
1844 1447 3086 1508 manches Bedenken. Für den. Dichter muß die Plastik
1856 1490 3076 1572 der Handlung, das wunderbar getroffene Wiener Kolorit
1841 1548 3068 1628 der Napoleonzeit, die markante Personenzeichnung spre¬
1837 1606 3081 1670 chen. Doch da sind schwer zu übersehende Mängel: Durch
1834 1631 3067 1707 nahezu siebzehn Bilder zieht sich die „dramatische Histo¬
1837 1690 3055 1773 rie“, wie Schnitzler sein neues Stück zu benennen be¬
1842 1735 3074 1818 liebt, hin. Wahrlich, eine Leistung für ein modernes
1838 1801 3083 1878 und gar für das Wiener Publikum, das das angenehme
1841 1838 3066 1921 Ende gerne mit dem Ersparnis eines Sperrsechserls ver¬
1845 1882 3061 1970 bindet. Aber die Leute hielten tapfer aus. Von halb
1838 1931 3061 1997 sieben bis beinahe zwölf wurde gehört, gejubelt und
1842 1983 3057 2060 gestampft. Nach jedem Einschnitte, wenn nur der Vor¬
1833 2036 3055 2116 hang Miene machte, sich zu senken, wurden die Dar¬
1836 2084 3068 2172 steller und der Dichter gerufen, und Schnitzler dankte
1833 2128 3055 2190 selbst bis zur Erschöpfung. Die Handlung dieser „dra¬
1824 2190 3064 2266 matischen Historie“ ist schwer zu skizzieren. Die Einheit¬
1824 2232 3052 2310 lichkeit der Handlung ist in vielzuvieles Nebenher auf¬
1833 2291 3046 2360 gelöst. Eigentlich sollte das Schauspiel „Medardus und
1834 2330 3054 2409 Helene Valois“ heißen. Denn das Schicksal zweier Men¬
1825 2377 3051 2439 schen wird erzählt, das an starken Fäden nebeneinander
1829 2434 3040 2507 herläuft. Das Vorspiel erzählt das tragische Ende der
1822 2487 3047 2559 Liebe zwischen Agathe und François, dem Sohne des
1833 2530 3055 2605 Theonprätendenten, Herzogs von Valois. Wir sind in
1826 2562 3051 2653 das Jahr 1809 nach Wien versetzt, in die Zeit vor und
1825 2628 3059 2715 nach der Schlacht bei Aspern. Medardus, der Sohn
1824 2665 3042 2760 der Buchhändlerswitwe Franziska Klähr, will des näch¬
1814 2732 3040 2802 sten Morgens als Soldat zum österreichischen Heere ab¬
1819 2779 3037 2855 gehen. In die Lust des Abschiedsfestes bringt man die
1819 2820 3046 2899 Ertrunkenen, seine Schwester und den Franzosen. Me¬
1813 2872 3032 2949 dardus ahnt sofort den Zusammenhang. Jetzt will er
1814 2930 3045 3013 bleiben, um Rache zu üben. Auf diese dramatische Ein¬
1817 2962 3034 3040 leitung folgen die langen Akte des Trauerspiels. Die
1808 3018 3079 3122 beiden Selbstmörder werden begraben. Zwischen den bei¬
2164 3073 2280 3143 menhe
1839 3154 3071 3235 den Familien der Toten kommt es zu einer unerquick¬
1837 3230 3048 3272 lichen Szene. Medardus wird von dem Marquis von
1847 3271 3052 3323 Batots, dem künftigen Ehegatten Helenens, zum Duell
1846 3326 3051 3394 gefordert. Im zweiten Kampfe erhält Medardus eine
1835 3358 3040 3433 leichte Verwundung; Helene beginnt sich für ihn zu
1842 3407 3052 3461 interessieren. Sie läßt ihm Blumen schicken, es kommt
1834 3459 3049 3535 zu einem nächtlichen Stelldichein, das nur Medardus'
1834 3511 3041 3577 Rache dienen soll. Sein Plan gelingt: er ruft die Schande
1837 3552 3073 3654 Helenens, die er ganz besessen, öffentlich aus. Bis hieher
1826 3600 3044 3679 folgte das Publikum in erwartungsvollster Aufmerlsam¬
1830 3653 3036 3737 keit der Handlung. Doch nun verwirrt sich der Knäuel;
1830 3696 3038 3783 Abspannung wird bemerkbar. Wien wird beschossen und
1829 3758 3049 3834 ergibt sich Napoleon. Helene ist dem Marquis von Valois
1827 3798 3046 3893 angetraut. Doch die Abreise der beiden nach Frank¬
1831 3838 3049 3926 reich wird durch eine Einladung an den kaiserlichen Hof“
1825 3899 3036 3971 verhindert. Atlanten, deren Besitz der Kaiser unter An¬
1824 3940 3040 4022 drohung der Todesstrafe verboten, werden aus dem
1825 3994 3036 4072 Hause Klähr geschafft und bei dem Sattlermeister Eschen¬
1818 4038 3027 4117 bacher versteckt. Ein Schleicher verrät das Geheimnis,
1823 4092 3037 4172 Eschenbacher wird gefangen abgeführt; vergeblich will
1819 4134 3041 4217 Medardus die Schuld auf sich nehmen. Eschenbacher bleibt!
1816 4182 2282 4259 untgernbrf und wird
