3344 4256
994 140 1040 202 W
1590 119 2062 227 box 26/6
273 134 1441 230 22 edandus
2082 365 2169 449 ##
1811 367 2026 445 Psen
1277 500 1913 596 „UDSERTER
1042 599 2176 656 1. Oeterv. bebördl. konz. Unternehmen für Zeitunge-Aussshaltte
1235 648 2011 715 Wien, I., Conoordiaplats 4.
1470 701 1782 763 Vertretungen
1055 744 2168 809 in Berlin, Basel, Budapest, Chicago, Ceveland, Cintsttante,
1053 797 2165 838 Genk, Kopenhagen, London, Madrid, Mailand, Minnespolta,
1054 831 2018 891 New-Vork, Paris, Rom, San Francsco, Stockholen, ##.
1465 874 1778 926 burg, Toronto.
1383 908 1845 974 (Osellenangabe ohne Deudtri.
1057 968 1439 1048 Ausschnftt aus:
1433 1010 2167 1187 Der Saion, Wien
1225 1072 1530 1152 20 12.10.0
1048 1105 1217 1157 vom:
1714 1201 1808 1279 3
1457 1233 1712 1328 Theater.
1339 1339 1829 1424 —
1436 1417 1732 1487 Burgtheater.
1215 1485 2072 1563 „Der junge Medardus“ von Schnitzler.
1103 1542 2063 1599 Von dieser in 15 Bildern zusammengestellten so¬
1105 1596 2066 1661 genannten dramatischen Historie heute noch sprechen
1117 1659 2055 1708 zu wollen, ist eigentlich unnötig, denn diese un¬
1117 1699 2056 1768 sympathische Komödie ist durch Suggestion so be¬
1114 1746 2053 1797 rühmt geworden, daß man zu den Ungebildeten
1110 1795 2055 1853 zählen würde, sie nicht gesehen zu haben. Wir
1104 1857 2055 1909 können es nicht unterlassen, unsere Meinung auch
1110 1897 2062 1958 darüber zu äußern, und zwar deshalb, weil es
1105 1950 2069 2006 jeden guten Patrioten wahrhaft schmerzen muß,
1110 2003 2061 2059 im k. k. Hofburgtheater eine für uns Oesterreicher
1114 2055 2057 2109 der schmerzlichsten Episoden wiedererweckt zu sehen,
1104 2102 2046 2170 die, wenn auch ein Jahrhundert darüber hin¬
1115 2160 2047 2218 gerauscht, doch heute noch immer zu wenig ver¬
1115 2200 2063 2255 gessen und vernarbt ist, um nicht bei der leisesten
1100 2254 2048 2312 Berührung aufs neue wieder zu schmerzen und zu
1121 2296 2057 2365 blüten. Wer immer diese Schnitzlersche Komödie
1108 2350 2050 2418 ängenommen und für das Burgtheater reif ge¬
1110 2407 2062 2469 halten hat, hat sich damit, gelinde gesagt, kein
1114 2449 2055 2513 Verdienst erworben. Der unhistorische Teil mit all
1074 2500 2058 2566 seinen Fälschungen von Tatsachen vermag über das
1067 2552 2068 2621 Hauptsujet nicht hinwegzutäuschen: „Napoleon in
1062 2603 2053 2663 Schönbrunn“ der Korse als Diktator, der Welt¬
1069 2654 2054 2708 eroberer in all seiner Größe und Macht im Herzen des
1066 2696 2062 2771 Reiches, in Wien. Wie dankbar wäre man, wenn
1063 2767 2066 2817 diese Zeit der tiefsten Demütigung aus der Geschichte
1053 2802 2066 2859 Oesterreichs für immer ausgelöscht werden könnte
1121 2852 2066 2913 doch niemand kann es, niemand wird es wagen,
1071 2902 2057 2959 kommenden Geschlechtern diese traurige Tatsache zu
1064 2969 2061 3014 entstellen oder zu beschönigen. Und weil dem so ist,
1059 3013 2065 3074 so war es höchst überflüssig, aus einer der traurigsten
1058 3058 2064 3121 Begebenheiten ein Theaterstück zu zimmern, in
1064 3105 2066 3171 welchem der Autor das biedere Wiener Volk von
1066 3145 2055 3212 auno 1809 im Schloßhof von Schönbrunn, in jener
1065 3209 2069 3273 historischen Sommerresidenz, die nun seit Jahren
1058 3269 2065 3316 unserem vielgeliebten Kaiser als Lieblingsaufenthalt
1055 3305 2075 3370 dient, mit volltönenden Stimmen rufen läßt: „Hoch
1046 3385 2053 3454 Kaiser Napoleon“. Also auch diese Huldigung,
1062 3451 2062 3509 die noch sehr anzuzweifeln wäre, ob sie wirklich von
1048 3509 2054 3570 unseren Wienern geleistet worden ist, mußte zur
1062 3552 2058 3626 Hebung der dramatischen Historie im k. k. Burg¬
1049 3601 2067 3657 #theater anno 1910 gehört werden. Niemandem wird
1057 3656 2064 3716 es einfallen, die Größe Napoleons herabsetzen zu
1055 3709 2063 3770 wollen, doch taktlos ist es auf jeden Fall, die, wenn
1051 3746 2069 3816 auch nur kurz währende Franzosenwirtschaft in Wien
1059 3800 2062 3868 zu einem Unterhaltungsobjekt zu machen. Wenige
1057 3852 2059 3920 kehren nach einer fünfstündigen Sitzung befriedigt
1058 3899 2061 3984 aus dem Burgtheater heim. Niemand kommt auf
1054 3948 2053 3999 seine Rechnung, und wer da glaubt, sich zu unter¬
1056 4004 2046 4060 halten oder zu belehren, kommt am schlechtesten weg,
1045 4054 2058 4109 denn Artur Schnitzlers Historie wimmelt ja von
1049 4104 2052 4160 Unrichtigkeiten. Er gebraucht unter anderem für seine
