<?xml version="1.0" encoding="UTF-8" standalone="yes"?>
<PcGts xmlns="http://schema.primaresearch.org/PAGE/gts/pagecontent/2013-07-15" xmlns:xsi="http://www.w3.org/2001/XMLSchema-instance" xsi:schemaLocation="http://schema.primaresearch.org/PAGE/gts/pagecontent/2013-07-15 http://schema.primaresearch.org/PAGE/gts/pagecontent/2013-07-15/pagecontent.xsd">
    <Metadata>
        <Creator>prov=University of Rostock/Institute of Mathematics/CITlab/Gundram Leifert/gundram.leifert@uni-rostock.de:name=ONB_Newseye_GT_M1+(htr_id=10810)::::v=2.4.2
prov=University of Rostock/Institute of Mathematics/CITlab/Tobias Gruening/tobias.gruening@uni-rostock.de:name=de.uros.citlab.module.baseline2polygon.B2PSeamMultiOriented:v=2.4.2
prov=University of Rostock/Institute of Mathematics/CITlab/Tobias Gruening/tobias.gruening@uni-rostock.de:name=/mnt/transkribus/LA/DEA/URO/LA_news_onb_att.pb:de.uros.citlab.segmentation.CITlab_LA_ML:v=2.4.2
Transkribus</Creator>
        <Created>2019-10-07T11:16:49.215+02:00</Created>
        <LastChange>2019-10-08T02:57:33.327+02:00</LastChange>
        <TranskribusMetadata docId="223966" pageId="9497883" pageNr="380" tsid="16499420" status="IN_PROGRESS" userId="40391" imgUrl="https://files.transkribus.eu/Get?id=POFCGNHTEMOYQGYVLEAEIYDF&amp;fileType=view" xmlUrl="https://files.transkribus.eu/Get?id=OAJHUGKQWXLJUNTQEFRVPRXK" imageId="6188109"/>
    </Metadata>
    <Page imageFilename="223966_0380.jpeg" imageWidth="3344" imageHeight="4352">
        <ReadingOrder>
            <OrderedGroup id="ro_1711440741346" caption="Regions reading order">
                <RegionRefIndexed index="0" regionRef="r1"/>
            </OrderedGroup>
        </ReadingOrder>
        <TextRegion orientation="0.0" id="r1" custom="readingOrder {index:0;}">
            <Coords points="378,64 378,4013 3215,4013 3215,64"/>
            <TextLine id="r1l1" custom="readingOrder {index:0;}">
                <Coords points="1821,88 3226,88 3226,36 1821,33"/>
                <Baseline points="1833,87 1902,88 1971,90 2040,91 2109,92 2178,93 2247,94 2316,95 2385,95 2454,96 2524,96 2593,96 2662,96 2731,95 2800,95 2869,94 2938,93 3007,92 3076,90 3145,88 3215,86"/>
                <TextEquiv>
                    <Unicode>etwas können sollte, und noch mißtrauischer gegen das eigene</Unicode>
                </TextEquiv>
            </TextLine>
            <TextLine id="r1l2" custom="readingOrder {index:1;}">
                <Coords points="382,102 1793,120 1793,53 1572,73 1512,31 1261,64 383,33"/>
                <Baseline points="396,95 465,95 534,95 603,95 672,96 742,97 811,97 880,98 949,99 1018,100 1088,100 1157,101 1226,102 1295,103 1364,103 1434,103 1503,103 1572,103 1641,103 1710,102 1780,101"/>
                <TextEquiv>
                    <Unicode>was ja alles wieder bedenklich zugenommen hatte. Trotzdem</Unicode>
                </TextEquiv>
            </TextLine>
            <TextLine id="r1l3" custom="readingOrder {index:2;}">
                <Coords points="1818,145 3221,145 3204,90 1818,87"/>
                <Baseline points="1830,133 1898,135 1967,137 2036,138 2105,139 2174,140 2243,141 2312,142 2381,142 2450,142 2519,142 2587,142 2656,142 2725,141 2794,140 2863,140 2932,139 3001,138 3070,137 3139,136 3208,135"/>
                <TextEquiv>
                    <Unicode>Urteil, daß es von äußeren Vorzügen schmeichelnd umstrickt und</Unicode>
                </TextEquiv>
            </TextLine>
            <TextLine id="r1l4" custom="readingOrder {index:3;}">
                <Coords points="385,161 1676,146 1795,181 1796,116 385,106"/>
                <Baseline points="398,146 467,146 536,146 605,146 674,146 744,146 813,146 882,147 951,147 1020,148 1090,148 1159,149 1228,149 1297,149 1366,150 1436,150 1505,150 1574,150 1643,150 1712,149 1782,149"/>
                <TextEquiv>
                    <Unicode>hätte er sich gewiß eine Zeit lang erhalten, dank einer vom</Unicode>
                </TextEquiv>
            </TextLine>
            <TextLine id="r1l5" custom="readingOrder {index:4;}">
                <Coords points="1822,191 3096,207 3215,198 3216,146 1823,141"/>
                <Baseline points="1834,178 1902,180 1970,181 2039,182 2107,183 2176,184 2244,186 2312,187 2381,188 2449,188 2518,189 2586,190 2654,190 2723,190 2791,190 2860,190 2928,189 2996,188 3065,186 3133,184 3202,182"/>
                <TextEquiv>
                    <Unicode>so über den inneren Wert getäuscht werde. Zu der Furcht, sich im</Unicode>
                </TextEquiv>
            </TextLine>
            <TextLine id="r1l6" custom="readingOrder {index:5;}">
                <Coords points="372,210 1800,218 1800,179 1681,151 372,171"/>
                <Baseline points="385,195 455,194 525,193 595,193 665,193 735,193 805,193 875,194 945,194 1015,195 1086,196 1156,197 1226,197 1296,198 1366,198 1436,198 1506,198 1576,198 1646,197 1716,196 1787,195"/>
                <TextEquiv>
                    <Unicode>Dichter vorzüglich gesehenen, von Herrn Pallenberg vorzüglich ge¬</Unicode>
                </TextEquiv>
            </TextLine>
            <TextLine id="r1l7" custom="readingOrder {index:6;}">
                <Coords points="1819,239 3220,238 3128,185 1820,191"/>
                <Baseline points="1833,230 1901,229 1970,229 2039,229 2108,229 2176,230 2245,231 2314,232 2383,233 2451,234 2520,235 2589,236 2658,236 2726,237 2795,237 2864,238 2933,238 3001,237 3070,236 3139,234 3208,233"/>
                <TextEquiv>
                    <Unicode>Urteil durch das Aeußere wirklich beeinflußen zu lassen, mag aber</Unicode>
                </TextEquiv>
            </TextLine>
            <TextLine id="r1l8" custom="readingOrder {index:7;}">
                <Coords points="376,264 1799,260 1800,218 377,206"/>
                <Baseline points="388,245 457,243 527,242 597,242 667,242 737,242 807,242 877,243 947,244 1017,245 1087,245 1156,246 1226,247 1296,248 1366,249 1436,249 1506,250 1576,250 1646,249 1716,248 1786,247"/>
                <TextEquiv>
                    <Unicode>spielten Gestalt, hätte nicht das geradezu pöbelhafte, gewissenlose,</Unicode>
                </TextEquiv>
            </TextLine>
            <TextLine id="r1l9" custom="readingOrder {index:8;}">
                <Coords points="1820,287 3001,300 3215,291 3216,241 1820,239"/>
                <Baseline points="1833,276 1901,277 1970,277 2038,278 2107,278 2175,279 2244,279 2312,280 2381,280 2449,280 2518,281 2586,281 2655,281 2723,281 2792,281 2860,281 2929,281 2997,281 3066,281 3134,280 3203,280"/>
                <TextEquiv>
                    <Unicode>nun bei der Kritik noch die Besorgnis treien, man könnte, falls sie das</Unicode>
                </TextEquiv>
            </TextLine>
            <TextLine id="r1l10" custom="readingOrder {index:9;}">
                <Coords points="379,291 1792,313 1792,256 1700,250 379,253"/>
                <Baseline points="391,294 460,292 529,291 599,290 668,290 738,290 807,290 876,291 946,292 1015,293 1085,294 1154,295 1223,295 1293,296 1362,297 1432,297 1501,297 1570,297 1640,296 1709,295 1779,294"/>
                <TextEquiv>
                    <Unicode>gehässige und brutale Benehmen eines Teiles des Publikums</Unicode>
                </TextEquiv>
            </TextLine>
            <TextLine id="r1l11" custom="readingOrder {index:10;}">
                <Coords points="1810,329 3220,341 3220,299 3111,281 1810,292"/>
                <Baseline points="1823,324 1892,325 1961,325 2030,326 2099,326 2169,326 2238,327 2307,327 2376,327 2445,327 2515,328 2584,328 2653,328 2722,328 2791,328 2861,328 2930,329 2999,329 3068,329 3137,329 3207,329"/>
                <TextEquiv>
                    <Unicode>Talent eines schönen Mädchens lobe, annehmen, daß dem Kritiker</Unicode>
                </TextEquiv>
            </TextLine>
            <TextLine id="r1l12" custom="readingOrder {index:11;}">
                <Coords points="370,331 1798,343 1753,298 370,284"/>
                <Baseline points="383,342 453,341 523,340 593,339 663,339 733,339 803,339 873,340 943,340 1013,341 1084,341 1154,342 1224,342 1294,343 1364,343 1434,343 1504,342 1574,342 1644,341 1714,339 1785,337"/>
                <TextEquiv>
                    <Unicode>gegen diesen hochbegabten Darsteller der Direktion den will¬</Unicode>
                </TextEquiv>
            </TextLine>
            <TextLine id="r1l13" custom="readingOrder {index:12;}">
                <Coords points="1821,380 3169,393 3205,331 1822,333"/>
                <Baseline points="1834,369 1905,371 1977,372 2048,373 2120,374 2191,375 2263,375 2334,376 2406,376 2477,376 2549,377 2620,377 2692,377 2763,377 2835,377 2906,377 2978,378 3049,378 3121,378 3193,379"/>
                <TextEquiv>
                    <Unicode>derarliges widerfahren sei, auch wenn das nicht der Fall ist; so</Unicode>
                </TextEquiv>
            </TextLine>
            <TextLine id="r1l14" custom="readingOrder {index:13;}">
                <Coords points="381,393 1796,403 1764,351 1674,341 381,341"/>
                <Baseline points="393,387 462,388 532,388 601,388 671,389 740,389 810,390 879,390 949,390 1018,391 1088,391 1157,391 1227,391 1296,391 1366,391 1435,390 1505,390 1574,389 1644,388 1713,386 1783,385"/>
                <TextEquiv>
                    <Unicode>kommenen Anlaß gegeben, statt eines umstrittenen Stückes lieber</Unicode>
                </TextEquiv>
            </TextLine>
            <TextLine id="r1l15" custom="readingOrder {index:14;}">
                <Coords points="1818,427 3216,440 3184,390 2931,374 1819,379"/>
                <Baseline points="1830,419 1898,420 1967,420 2036,421 2104,421 2173,421 2242,422 2310,422 2379,422 2448,422 2517,423 2585,423 2654,423 2723,424 2791,424 2860,425 2929,426 2997,426 3066,427 3135,428 3204,430"/>
                <TextEquiv>
                    <Unicode>daß hier einmal gewinnende Erscheinung der vollen Anerkennung</Unicode>
                </TextEquiv>
            </TextLine>
            <TextLine id="r1l16" custom="readingOrder {index:15;}">
                <Coords points="370,431 1798,464 1798,401 1733,391 370,391"/>
                <Baseline points="383,435 453,435 523,435 593,436 663,436 733,436 803,437 873,437 943,438 1013,438 1084,439 1154,439 1224,439 1294,439 1364,439 1434,439 1504,439 1574,438 1644,437 1714,436 1785,435"/>
                <TextEquiv>
                    <Unicode>eines mit feststehendem Kassenerfolge zu geben, Pallenberg aber</Unicode>
                </TextEquiv>
            </TextLine>
            <TextLine id="r1l17" custom="readingOrder {index:16;}">
                <Coords points="1818,474 3221,479 3109,429 1818,429"/>
                <Baseline points="1830,467 1898,468 1967,468 2036,469 2105,469 2174,470 2243,470 2312,470 2381,470 2450,470 2519,470 2587,470 2656,471 2725,471 2794,471 2863,472 2932,473 3001,474 3070,475 3139,477 3208,479"/>
                <TextEquiv>
                    <Unicode>hindernd im Wege steht, der ja der Künstler zu seiner Entwicklung</Unicode>
                </TextEquiv>
            </TextLine>
            <TextLine id="r1l18" custom="readingOrder {index:17;}">
                <Coords points="373,495 1796,489 1749,439 373,435"/>
                <Baseline points="386,486 455,485 525,485 595,485 665,485 735,485 805,485 875,486 945,486 1015,486 1085,486 1154,487 1224,487 1294,487 1364,487 1434,486 1504,486 1574,485 1644,484 1714,482 1784,481"/>
                <TextEquiv>
                    <Unicode>in die Welt des ja heute so beliebten, allen vernünftigen, geschmack¬</Unicode>
                </TextEquiv>
            </TextLine>
            <TextLine id="r1l19" custom="readingOrder {index:18;}">
                <Coords points="1811,530 3217,527 3202,475 1812,468"/>
                <Baseline points="1824,514 1893,514 1962,514 2031,515 2100,515 2169,516 2238,517 2307,517 2376,518 2445,519 2514,519 2583,520 2652,521 2721,521 2790,522 2859,522 2928,523 2997,523 3066,524 3135,524 3205,524"/>
                <TextEquiv>
                    <Unicode>so dringend bedarf. Als zweifelloser Gewinn für das Theater er¬</Unicode>
                </TextEquiv>
            </TextLine>
            <TextLine id="r1l20" custom="readingOrder {index:19;}">
                <Coords points="367,535 1795,550 1763,487 367,503"/>
                <Baseline points="381,532 451,532 521,531 591,531 661,531 731,531 801,532 871,532 941,533 1011,533 1082,534 1152,534 1222,535 1292,535 1362,535 1432,535 1502,534 1572,533 1642,532 1712,531 1783,529"/>
                <TextEquiv>
                    <Unicode>vollen Leuten allerdings ganz unerträglichen Operettenstiefels</Unicode>
                </TextEquiv>
            </TextLine>
            <TextLine id="r1l21" custom="readingOrder {index:20;}">
                <Coords points="1813,571 3213,588 3214,528 1813,529"/>
                <Baseline points="1826,563 1894,563 1963,562 2032,562 2100,562 2169,563 2238,563 2306,563 2375,563 2444,564 2513,564 2581,565 2650,565 2719,566 2787,566 2856,567 2925,567 2993,567 3062,568 3131,568 3200,568"/>
                <TextEquiv>
                    <Unicode>wiesen sich auch die Engagements der Herren Balajthy, Straßni und</Unicode>
                </TextEquiv>
            </TextLine>
            <TextLine id="r1l22" custom="readingOrder {index:21;}">
                <Coords points="374,584 1758,596 1797,536 374,561"/>
                <Baseline points="387,580 456,580 526,581 596,581 666,581 736,581 806,581 875,581 945,581 1015,581 1085,581 1155,581 1225,581 1295,581 1364,580 1434,580 1504,579 1574,579 1644,578 1714,577 1784,576"/>
                <TextEquiv>
                    <Unicode>zurückgeekelt. Freilich, die Direktion konnte unter sothanen Um¬</Unicode>
                </TextEquiv>
            </TextLine>
            <TextLine id="r1l23" custom="readingOrder {index:22;}">
                <Coords points="1810,619 3221,636 3221,591 3101,568 1810,579"/>
                <Baseline points="1822,611 1891,611 1960,611 2029,612 2099,612 2168,612 2237,612 2307,612 2376,612 2445,613 2515,613 2584,613 2653,614 2722,614 2792,615 2861,615 2930,616 3000,616 3069,617 3138,618 3208,619"/>
                <TextEquiv>
                    <Unicode>Arndt, und im „Jungen Medardus“ und in Keims „Spinnerin</Unicode>
                </TextEquiv>
            </TextLine>
            <TextLine id="r1l24" custom="readingOrder {index:23;}">
                <Coords points="377,648 1797,636 1665,579 377,580"/>
                <Baseline points="390,625 459,626 529,626 599,627 668,627 738,627 808,628 877,628 947,628 1017,629 1087,629 1156,629 1226,629 1296,629 1365,629 1435,629 1505,629 1574,629 1644,629 1714,629 1784,628"/>
                <TextEquiv>
                    <Unicode>ständen kaum anders, war doch zu den zwei großen Erfolgen der</Unicode>
                </TextEquiv>
            </TextLine>
            <TextLine id="r1l25" custom="readingOrder {index:24;}">
                <Coords points="1807,673 3214,688 3215,640 1807,631"/>
                <Baseline points="1820,656 1889,657 1958,658 2027,659 2096,659 2165,659 2234,659 2303,660 2372,660 2441,660 2511,660 2580,660 2649,661 2718,661 2787,662 2856,662 2925,663 2994,664 3063,665 3132,667 3202,669"/>
                <TextEquiv>
                    <Unicode>am Kreuz“ konnte Herr Korff zeigen, wie vorzüglich ihm Gestalten</Unicode>
                </TextEquiv>
            </TextLine>
            <TextLine id="r1l26" custom="readingOrder {index:25;}">
                <Coords points="383,693 1784,680 1784,633 1677,628 383,631"/>
                <Baseline points="396,676 464,675 533,675 602,674 671,675 739,675 808,676 877,676 946,677 1014,678 1083,678 1152,679 1221,680 1289,680 1358,680 1427,680 1496,680 1564,679 1633,678 1702,677 1771,674"/>
                <TextEquiv>
                    <Unicode>Saison inzwischen noch ein dritter getreten, Franz Molnars</Unicode>
                </TextEquiv>
            </TextLine>
            <TextLine id="r1l27" custom="readingOrder {index:26;}">
                <Coords points="1817,736 2002,705 2783,732 2902,708 2903,673 1818,669"/>
                <Baseline points="1830,703 1883,703 1936,703 1989,704 2042,704 2095,705 2148,705 2201,706 2254,707 2307,708 2360,708 2413,709 2466,710 2519,710 2572,710 2625,711 2678,711 2731,710 2784,710 2837,709 2890,708"/>
                <TextEquiv>
                    <Unicode>von der Art Wachshubers und Hochhausers liegen.</Unicode>
                </TextEquiv>
            </TextLine>
            <TextLine id="r1l28" custom="readingOrder {index:27;}">
                <Coords points="368,765 511,752 545,727 581,742 643,739 725,701 724,676 620,690 567,676 528,691 510,679 483,691 432,679 414,698 363,691"/>
                <Baseline points="379,735 404,731 430,727 456,725 482,724 507,722 533,722 559,721 585,721 610,720 636,718 662,715 688,712 714,706"/>
                <TextEquiv>
                    <Unicode>„Gardeoffizier“</Unicode>
                </TextEquiv>
            </TextLine>
            <TextLine id="r1l29" custom="readingOrder {index:28;}">
                <Coords points="1942,759 3024,783 3195,774 3216,739 3149,701 1942,717"/>
                <Baseline points="1954,751 2016,752 2078,753 2141,754 2203,755 2266,755 2328,756 2390,756 2453,757 2515,757 2578,758 2640,758 2702,758 2765,759 2827,759 2890,760 2952,760 3014,760 3077,761 3139,762 3202,762"/>
                <TextEquiv>
                    <Unicode>Die Versuche, Herrn Gerasch tragende Rollen aufzulegen,</Unicode>
                </TextEquiv>
            </TextLine>
            <TextLine id="r1l30" custom="readingOrder {index:29;}">
                <Coords points="529,781 1793,787 1793,728 1569,700 529,732"/>
                <Baseline points="542,773 603,772 665,772 727,772 789,772 851,772 913,772 975,772 1037,772 1099,773 1161,773 1222,773 1284,773 1346,773 1408,773 1470,773 1532,773 1594,773 1656,773 1718,772 1780,772"/>
                <TextEquiv>
                    <Unicode>Ein besonderes Verdienst erwarb sich das Volkstheater</Unicode>
                </TextEquiv>
            </TextLine>
            <TextLine id="r1l31" custom="readingOrder {index:30;}">
                <Coords points="1813,816 3214,811 3214,772 2948,754 1814,743"/>
                <Baseline points="1827,802 1895,801 1964,800 2033,800 2101,800 2170,800 2239,800 2307,801 2376,801 2445,802 2514,803 2582,804 2651,805 2720,806 2788,807 2857,808 2926,809 2994,810 3063,810 3132,811 3201,811"/>
                <TextEquiv>
                    <Unicode>sollten nun doch wohl ihr Ende finden, wie auch bei einigen</Unicode>
                </TextEquiv>
            </TextLine>
            <TextLine id="r1l32" custom="readingOrder {index:31;}">
                <Coords points="378,843 1784,823 1784,784 1502,769 378,781"/>
                <Baseline points="390,819 459,820 528,821 597,821 666,822 735,822 804,822 873,823 942,823 1011,823 1081,822 1150,822 1219,822 1288,822 1357,822 1426,821 1495,821 1564,821 1633,821 1702,821 1772,821"/>
                <TextEquiv>
                    <Unicode>durch die Arbeit und Pflege, die es den volkstümlichen Klassiker¬</Unicode>
                </TextEquiv>
            </TextLine>
            <TextLine id="r1l33" custom="readingOrder {index:32;}">
                <Coords points="1814,859 3212,877 3213,813 1815,815"/>
                <Baseline points="1828,847 1896,847 1965,848 2033,848 2102,849 2171,850 2239,850 2308,851 2376,851 2445,852 2514,852 2582,853 2651,853 2719,854 2788,854 2857,854 2925,855 2994,856 3062,856 3131,857 3200,857"/>
                <TextEquiv>
                    <Unicode>anderen Mitgliedern, denen ja gewiß jedermann aufrichtig die Ver¬</Unicode>
                </TextEquiv>
            </TextLine>
            <TextLine id="r1l34" custom="readingOrder {index:33;}">
                <Coords points="381,871 1794,868 1794,831 1570,818 381,826"/>
                <Baseline points="394,869 463,869 532,870 601,870 671,871 740,871 809,871 879,871 948,872 1017,872 1087,872 1156,872 1225,871 1294,871 1364,871 1433,871 1502,871 1572,870 1641,870 1710,869 1780,869"/>
                <TextEquiv>
                    <Unicode>vorstellungen zuwandte. Besonders da ja im Burgtheater die</Unicode>
                </TextEquiv>
            </TextLine>
            <TextLine id="r1l35" custom="readingOrder {index:34;}">
                <Coords points="1816,910 3182,916 3205,859 1817,858"/>
                <Baseline points="1830,893 1898,894 1966,895 2034,896 2102,897 2170,898 2238,898 2307,899 2375,900 2443,901 2511,901 2579,901 2647,902 2715,902 2784,903 2852,903 2920,903 2988,903 3056,904 3124,904 3193,904"/>
                <TextEquiv>
                    <Unicode>sorgung durch das Hofärar gönnt, nicht eine noch viel schwerere</Unicode>
                </TextEquiv>
            </TextLine>
            <TextLine id="r1l36" custom="readingOrder {index:35;}">
                <Coords points="374,925 1791,944 1791,882 1734,872 374,865"/>
                <Baseline points="387,916 456,916 526,917 595,917 665,917 735,918 804,918 874,918 943,918 1013,918 1083,918 1152,918 1222,918 1291,918 1361,918 1431,918 1500,917 1570,917 1639,916 1709,915 1779,915"/>
                <TextEquiv>
                    <Unicode>Sonntagsnachmittagsvorstellungen verschwunden bleiben und die</Unicode>
                </TextEquiv>
            </TextLine>
            <TextLine id="r1l37" custom="readingOrder {index:36;}">
                <Coords points="1816,956 3204,962 3105,906 1817,909"/>
                <Baseline points="1829,947 1897,946 1965,945 2033,945 2101,944 2170,944 2238,945 2306,945 2374,945 2442,946 2511,947 2579,948 2647,948 2715,949 2783,950 2852,951 2920,952 2988,952 3056,953 3124,954 3193,954"/>
                <TextEquiv>
                    <Unicode>Belastung dadurch geschaffen werden dürfte, daß man sie, weil sie</Unicode>
                </TextEquiv>
            </TextLine>
            <TextLine id="r1l38" custom="readingOrder {index:37;}">
                <Coords points="371,960 1793,978 1681,916 371,928"/>
                <Baseline points="382,966 452,966 522,966 592,966 662,966 732,966 802,966 872,966 942,966 1012,966 1082,966 1152,966 1222,966 1292,966 1362,966 1432,966 1502,966 1572,966 1642,966 1712,966 1782,967"/>
                <TextEquiv>
                    <Unicode>Klassiker doch nicht in dem Maße an den Abenden gegeben werden,</Unicode>
                </TextEquiv>
            </TextLine>
            <TextLine id="r1l39" custom="readingOrder {index:38;}">
                <Coords points="1810,994 3212,1018 3213,963 1810,954"/>
                <Baseline points="1822,992 1890,992 1959,992 2028,992 2097,992 2166,992 2235,992 2303,993 2372,993 2441,993 2510,994 2579,994 2648,994 2717,995 2785,996 2854,996 2923,997 2992,998 3061,999 3130,1000 3199,1001"/>
                <TextEquiv>
                    <Unicode>engagiert sind, nun auch in wichtigen Rollen hinausstellt. Das ist</Unicode>
                </TextEquiv>
            </TextLine>
            <TextLine id="r1l40" custom="readingOrder {index:39;}">
                <Coords points="371,1025 1791,1022 1791,977 1665,969 371,960"/>
                <Baseline points="383,1015 452,1014 522,1013 592,1013 662,1013 732,1013 801,1013 871,1013 941,1013 1011,1014 1081,1014 1150,1014 1220,1015 1290,1015 1360,1015 1430,1015 1499,1014 1569,1013 1639,1013 1709,1011 1779,1010"/>
                <TextEquiv>
                    <Unicode>wie man sie früher spielte. Unter dem, was das Volkstheater</Unicode>
                </TextEquiv>
            </TextLine>
            <TextLine id="r1l41" custom="readingOrder {index:40;}">
                <Coords points="1816,1053 3107,1068 3201,1053 3202,1009 1816,996"/>
                <Baseline points="1829,1042 1900,1041 1972,1041 2043,1040 2115,1040 2186,1040 2258,1041 2329,1041 2401,1041 2472,1042 2544,1043 2615,1044 2687,1044 2758,1045 2830,1046 2901,1047 2973,1048 3044,1048 3116,1049 3188,1050"/>
                <TextEquiv>
                    <Unicode>ja beim Theater das Gefährliche, daß ein Zugeständnis in einer</Unicode>
                </TextEquiv>
            </TextLine>
            <TextLine id="r1l42" custom="readingOrder {index:41;}">
                <Coords points="373,1062 1793,1075 1793,1021 1721,1018 373,1025"/>
                <Baseline points="385,1063 454,1062 524,1061 594,1061 664,1061 733,1061 803,1061 873,1061 943,1061 1012,1061 1082,1062 1152,1062 1222,1062 1291,1062 1361,1062 1431,1062 1501,1062 1570,1062 1640,1062 1710,1061 1780,1061"/>
                <TextEquiv>
                    <Unicode>heuer in dieser Richtung neu oder neu einstudiert bot, sind be¬</Unicode>
                </TextEquiv>
            </TextLine>
            <TextLine id="r1l43" custom="readingOrder {index:42;}">
                <Coords points="1811,1091 2238,1130 3005,1094 3181,1135 3209,1050 1811,1053"/>
                <Baseline points="1822,1086 1890,1089 1959,1091 2027,1092 2096,1093 2165,1094 2233,1094 2302,1094 2371,1094 2439,1093 2508,1093 2577,1093 2645,1092 2714,1092 2783,1092 2851,1093 2920,1094 2989,1095 3057,1097 3126,1099 3195,1102"/>
                <TextEquiv>
                    <Unicode>Richtung immer Zugeständnisse in anderen Richtungen nach sich</Unicode>
                </TextEquiv>
            </TextLine>
            <TextLine id="r1l44" custom="readingOrder {index:43;}">
                <Coords points="370,1133 1469,1114 1723,1150 1797,1135 1798,1073 370,1063"/>
                <Baseline points="382,1111 452,1110 522,1110 592,1110 662,1110 732,1110 802,1110 872,1110 942,1110 1012,1110 1083,1110 1153,1110 1223,1111 1293,1111 1363,1111 1433,1112 1503,1113 1573,1113 1643,1114 1713,1114 1784,1115"/>
                <TextEquiv>
                    <Unicode>sonders zu nennen: Schillers „Wallenstein“, Shakespeares „Othello“,</Unicode>
                </TextEquiv>
            </TextLine>
            <TextLine id="r1l45" custom="readingOrder {index:44;}">
                <Coords points="1819,1169 1859,1173 1879,1157 1961,1155 1960,1121 1930,1114 1912,1097 1900,1102 1892,1095 1877,1095 1867,1103 1850,1093 1838,1104 1818,1099"/>
                <Baseline points="1831,1143 1860,1141 1889,1139 1918,1139 1947,1141"/>
                <TextEquiv>
                    <Unicode>zieht.</Unicode>
                </TextEquiv>
            </TextLine>
            <TextLine id="r1l46" custom="readingOrder {index:45;}">
                <Coords points="2651,1158 2773,1146 2822,1172 2887,1152 2939,1183 2994,1183 3039,1159 3066,1181 3163,1185 3163,1125 3099,1097 3086,1110 3004,1096 2910,1110 2828,1097 2813,1112 2713,1093 2651,1103"/>
                <Baseline points="2663,1147 2688,1145 2714,1144 2740,1142 2765,1142 2791,1142 2817,1142 2842,1142 2868,1142 2894,1143 2919,1144 2945,1144 2971,1145 2996,1146 3022,1147 3048,1147 3073,1147 3099,1147 3125,1147 3151,1146"/>
                <TextEquiv>
                    <Unicode>Max Burckhard.</Unicode>
                </TextEquiv>
            </TextLine>
            <TextLine id="r1l47" custom="readingOrder {index:46;}">
                <Coords points="377,1175 1581,1161 1469,1114 377,1126"/>
                <Baseline points="389,1166 448,1162 507,1160 566,1159 625,1157 684,1157 743,1156 802,1156 861,1156 920,1156 979,1157 1038,1157 1097,1158 1156,1158 1215,1158 1274,1158 1333,1158 1392,1157 1451,1157 1510,1155 1569,1153"/>
                <TextEquiv>
                    <Unicode>Ibsens „Volksfeind“ und einige Stücke von — Nestroy.</Unicode>
                </TextEquiv>
            </TextLine>
            <TextLine id="r1l48" custom="readingOrder {index:47;}">
                <Coords points="512,1210 1776,1227 1794,1185 1605,1139 1540,1184 513,1170"/>
                <Baseline points="526,1203 588,1203 651,1203 714,1204 777,1204 840,1205 902,1205 965,1206 1028,1206 1091,1207 1154,1207 1216,1207 1279,1208 1342,1208 1405,1208 1468,1209 1530,1209 1593,1209 1656,1210 1719,1210 1782,1210"/>
                <TextEquiv>
                    <Unicode>Auch im Hofburgtheater gewann die Führung ein Oester¬</Unicode>
                </TextEquiv>
            </TextLine>
            <TextLine id="r1l49" custom="readingOrder {index:48;}">
                <Coords points="370,1265 1807,1279 1807,1219 1718,1214 370,1220"/>
                <Baseline points="382,1255 452,1255 523,1254 593,1254 664,1254 735,1254 805,1254 876,1254 946,1254 1017,1254 1088,1255 1158,1255 1229,1255 1299,1256 1370,1256 1441,1256 1511,1257 1582,1257 1652,1257 1723,1258 1794,1258"/>
                <TextEquiv>
                    <Unicode>räicher. In dem „Jungen Medardus“ schuf Schnitzler nicht nur den</Unicode>
                </TextEquiv>
            </TextLine>
            <TextLine id="r1l50" custom="readingOrder {index:49;}">
                <Coords points="2256,1280 2338,1311 2460,1285 2607,1314 2669,1282 2709,1315 2769,1294 2816,1302 2814,1224 2257,1213"/>
                <Baseline points="2268,1277 2294,1278 2321,1278 2348,1278 2375,1279 2402,1280 2428,1280 2455,1280 2482,1281 2509,1281 2536,1282 2562,1282 2589,1282 2616,1282 2643,1283 2670,1283 2696,1283 2723,1283 2750,1283 2777,1283 2804,1283"/>
                <TextEquiv>
                    <Unicode>Allerlei.</Unicode>
                </TextEquiv>
            </TextLine>
            <TextLine id="r1l51" custom="readingOrder {index:50;}">
                <Coords points="376,1315 1671,1330 1798,1313 1799,1276 376,1268"/>
                <Baseline points="389,1305 458,1303 528,1302 598,1301 668,1300 738,1300 808,1300 878,1300 948,1301 1018,1301 1088,1302 1157,1303 1227,1303 1297,1304 1367,1305 1437,1305 1507,1306 1577,1306 1647,1306 1717,1305 1787,1304"/>
                <TextEquiv>
                    <Unicode>Erfolg der Saison, sondern auch eine neue Kunstform, eine glück¬</Unicode>
                </TextEquiv>
            </TextLine>
            <TextLine id="r1l52" custom="readingOrder {index:51;}">
                <Coords points="371,1356 1796,1359 1749,1309 371,1319"/>
                <Baseline points="383,1354 453,1353 523,1352 593,1351 663,1350 733,1350 803,1350 873,1350 943,1351 1013,1351 1083,1352 1153,1352 1223,1353 1293,1353 1363,1354 1433,1354 1503,1354 1573,1354 1643,1353 1713,1353 1783,1351"/>
                <TextEquiv>
                    <Unicode>liche Verbindung der stofflichen Ausgestaltung nach Muster des</Unicode>
                </TextEquiv>
            </TextLine>
            <TextLine id="r1l53" custom="readingOrder {index:52;}">
                <Coords points="2265,1431 2360,1398 2507,1419 2549,1404 2616,1426 2696,1414 2723,1429 2780,1394 2780,1345 2688,1325 2601,1344 2517,1324 2405,1351 2353,1331 2265,1346"/>
                <Baseline points="2277,1398 2302,1397 2328,1395 2354,1394 2380,1393 2406,1393 2432,1393 2458,1393 2484,1393 2510,1393 2535,1393 2561,1394 2587,1394 2613,1395 2639,1395 2665,1395 2691,1396 2717,1396 2743,1396 2769,1396"/>
                <TextEquiv>
                    <Unicode>Zur Reisesaison.</Unicode>
                </TextEquiv>
            </TextLine>
            <TextLine id="r1l54" custom="readingOrder {index:53;}">
                <Coords points="378,1403 1801,1408 1801,1351 378,1353"/>
                <Baseline points="390,1404 459,1402 529,1401 599,1400 669,1399 739,1399 809,1399 879,1399 949,1399 1019,1399 1089,1399 1158,1400 1228,1400 1298,1401 1368,1401 1438,1401 1508,1401 1578,1401 1648,1401 1718,1400 1788,1399"/>
                <TextEquiv>
                    <Unicode>historischen Romans mit seiner reichen Fülle einerseits und der</Unicode>
                </TextEquiv>
            </TextLine>
            <TextLine id="r1l55" custom="readingOrder {index:54;}">
                <Coords points="379,1454 1797,1448 1797,1411 1682,1396 379,1402"/>
                <Baseline points="391,1452 460,1450 530,1448 599,1447 669,1446 739,1446 808,1446 878,1446 947,1446 1017,1447 1087,1447 1156,1448 1226,1449 1295,1450 1365,1450 1435,1451 1504,1451 1574,1451 1643,1451 1713,1451 1783,1450"/>
                <TextEquiv>
                    <Unicode>müeren Geschlossenheit des Dramas auf der andern Seite; zugleich</Unicode>
                </TextEquiv>
            </TextLine>
            <TextLine id="r1l56" custom="readingOrder {index:55;}">
                <Coords points="2284,1476 2364,1482 2384,1467 2416,1490 2469,1469 2496,1492 2531,1470 2662,1482 2707,1468 2708,1438 2629,1419 2584,1426 2552,1405 2537,1418 2435,1416 2405,1398 2360,1420 2343,1409 2285,1421"/>
                <Baseline points="2298,1459 2324,1458 2350,1458 2377,1459 2403,1459 2430,1460 2456,1460 2482,1461 2509,1462 2535,1463 2562,1463 2588,1464 2614,1464 2641,1463 2667,1463 2694,1462"/>
                <TextEquiv>
                    <Unicode>Die Kofferfrage.</Unicode>
                </TextEquiv>
            </TextLine>
            <TextLine id="r1l57" custom="readingOrder {index:56;}">
                <Coords points="372,1498 1800,1514 1800,1475 1698,1454 372,1451"/>
                <Baseline points="385,1498 455,1497 525,1496 595,1496 665,1495 735,1495 805,1494 875,1494 945,1494 1015,1495 1086,1495 1156,1495 1226,1496 1296,1496 1366,1497 1436,1497 1506,1498 1576,1498 1646,1499 1716,1499 1787,1500"/>
                <TextEquiv>
                    <Unicode>über auch ein kühnes dramatisches Wagnis, die Einschaltung einer</Unicode>
                </TextEquiv>
            </TextLine>
            <TextLine id="r1l58" custom="readingOrder {index:57;}">
                <Coords points="1920,1535 3174,1548 3216,1546 3217,1483 2774,1461 2451,1501 1998,1448 1921,1480"/>
                <Baseline points="1934,1519 1997,1520 2061,1521 2124,1521 2188,1522 2251,1522 2315,1522 2378,1522 2442,1522 2505,1522 2569,1522 2633,1522 2696,1523 2760,1523 2823,1523 2887,1524 2950,1525 3014,1526 3077,1528 3141,1529 3205,1532"/>
                <TextEquiv>
                    <Unicode>Nur wenige Tage noch — und es hebt, mit Beginn der Ferien,</Unicode>
                </TextEquiv>
            </TextLine>
            <TextLine id="r1l59" custom="readingOrder {index:58;}">
                <Coords points="382,1546 1665,1569 1794,1562 1795,1515 382,1502"/>
                <Baseline points="393,1547 462,1545 531,1544 601,1543 670,1542 740,1542 809,1542 878,1542 948,1543 1017,1543 1087,1544 1156,1545 1225,1545 1295,1546 1364,1547 1434,1547 1503,1548 1572,1548 1642,1548 1711,1548 1781,1547"/>
                <TextEquiv>
                    <Unicode>köstlichen Komödienszene zwischen zwei erschütternde Tragödien.</Unicode>
                </TextEquiv>
            </TextLine>
            <TextLine id="r1l60" custom="readingOrder {index:59;}">
                <Coords points="1814,1573 3130,1593 3208,1536 1815,1521"/>
                <Baseline points="1826,1563 1894,1565 1963,1567 2031,1569 2100,1570 2168,1571 2237,1572 2305,1572 2374,1573 2442,1573 2511,1574 2579,1574 2648,1574 2716,1574 2785,1574 2853,1575 2922,1575 2990,1575 3059,1575 3127,1576 3196,1576"/>
                <TextEquiv>
                    <Unicode>wieder die Massenflucht der srischer Luft und freier Bewegung be¬</Unicode>
                </TextEquiv>
            </TextLine>
            <TextLine id="r1l61" custom="readingOrder {index:60;}">
                <Coords points="384,1602 1794,1597 1705,1552 384,1548"/>
                <Baseline points="395,1597 464,1596 533,1594 603,1593 672,1593 741,1592 811,1592 880,1592 949,1592 1019,1592 1088,1593 1157,1593 1227,1594 1296,1594 1365,1595 1435,1595 1504,1595 1573,1595 1643,1595 1712,1595 1782,1595"/>
                <TextEquiv>
                    <Unicode>Im übrigen stand die Saison insoferne unter dem Zeichen des</Unicode>
                </TextEquiv>
            </TextLine>
            <TextLine id="r1l62" custom="readingOrder {index:61;}">
                <Coords points="1814,1624 3211,1649 3212,1569 1814,1574"/>
                <Baseline points="1825,1612 1893,1613 1962,1615 2030,1616 2099,1617 2168,1619 2236,1619 2305,1620 2374,1621 2442,1622 2511,1622 2580,1623 2648,1623 2717,1624 2786,1624 2854,1624 2923,1624 2992,1625 3060,1625 3129,1625 3198,1625"/>
                <TextEquiv>
                    <Unicode>dürstigen Städter ins Weite an. Bei den Vorbereitungen für die so</Unicode>
                </TextEquiv>
            </TextLine>
            <TextLine id="r1l63" custom="readingOrder {index:62;}">
                <Coords points="388,1655 1790,1665 1791,1610 388,1605"/>
                <Baseline points="401,1646 469,1644 538,1643 607,1642 676,1641 745,1640 814,1640 883,1641 952,1641 1021,1642 1090,1643 1158,1643 1227,1644 1296,1645 1365,1645 1434,1645 1503,1645 1572,1645 1641,1644 1710,1643 1779,1641"/>
                <TextEquiv>
                    <Unicode>Künstlers, unter dessen Stern sie ja auch gestanden hatte, bevor</Unicode>
                </TextEquiv>
            </TextLine>
            <TextLine id="r1l64" custom="readingOrder {index:63;}">
                <Coords points="1804,1665 3217,1692 3217,1628 3125,1619 1804,1621"/>
                <Baseline points="1816,1661 1885,1663 1954,1664 2024,1665 2093,1666 2163,1667 2232,1668 2301,1668 2371,1669 2440,1670 2510,1670 2579,1671 2648,1672 2718,1672 2787,1673 2857,1674 2926,1674 2995,1675 3065,1675 3134,1676 3204,1677"/>
                <TextEquiv>
                    <Unicode>lang herbeigesehnte und, ach, so kurze Zeit der Sommerfrische spielt die</Unicode>
                </TextEquiv>
            </TextLine>
            <TextLine id="r1l65" custom="readingOrder {index:64;}">
                <Coords points="383,1695 1786,1704 1741,1645 383,1650"/>
                <Baseline points="395,1693 467,1691 540,1690 612,1689 685,1688 757,1688 830,1688 903,1689 975,1689 1048,1690 1120,1691 1193,1691 1265,1692 1338,1692 1411,1693 1483,1693 1556,1692 1628,1691 1701,1690 1774,1688"/>
                <TextEquiv>
                    <Unicode>er uns in so schrecklicher Weise entrissen wurde, als dessen Saul¬</Unicode>
                </TextEquiv>
            </TextLine>
            <TextLine id="r1l66" custom="readingOrder {index:65;}">
                <Coords points="1804,1709 3192,1736 3210,1699 1804,1667"/>
                <Baseline points="1816,1710 1885,1710 1954,1711 2023,1711 2092,1712 2161,1712 2230,1713 2299,1714 2368,1715 2437,1716 2506,1716 2575,1717 2644,1718 2713,1719 2782,1719 2851,1719 2920,1720 2989,1720 3058,1720 3127,1719 3196,1719"/>
                <TextEquiv>
                    <Unicode>Kofferfrage nicht die unwichtigste Rolle. Sie ist, wie so viele Fragen,</Unicode>
                </TextEquiv>
            </TextLine>
            <TextLine id="r1l67" custom="readingOrder {index:66;}">
                <Coords points="378,1742 1789,1754 1749,1694 378,1693"/>
                <Baseline points="391,1745 460,1743 529,1740 598,1739 668,1738 737,1737 806,1737 876,1737 945,1737 1014,1738 1084,1739 1153,1740 1222,1741 1291,1741 1361,1742 1430,1743 1499,1743 1569,1743 1638,1743 1707,1742 1777,1741"/>
                <TextEquiv>
                    <Unicode>fragment und seine Uebersetzung von „Figaros Hochzeit“ die</Unicode>
                </TextEquiv>
            </TextLine>
            <TextLine id="r1l68" custom="readingOrder {index:67;}">
                <Coords points="1810,1767 3161,1786 3208,1782 3209,1732 1811,1712"/>
                <Baseline points="1824,1758 1892,1758 1961,1758 2029,1758 2098,1758 2167,1759 2235,1760 2304,1760 2372,1761 2441,1762 2510,1763 2578,1764 2647,1765 2715,1766 2784,1766 2853,1767 2921,1767 2990,1767 3058,1767 3127,1767 3196,1766"/>
                <TextEquiv>
                    <Unicode>im letzten Grunde nur eine Geldfrage. Und für eine elegante Frau ist</Unicode>
                </TextEquiv>
            </TextLine>
            <TextLine id="r1l69" custom="readingOrder {index:68;}">
                <Coords points="377,1795 509,1815 559,1782 842,1807 1078,1789 1078,1766 966,1742 377,1743"/>
                <Baseline points="389,1793 422,1791 456,1789 490,1788 524,1787 558,1786 592,1785 626,1784 660,1784 694,1784 728,1784 761,1784 795,1784 829,1785 863,1785 897,1786 931,1787 965,1787 999,1788 1033,1789 1067,1789"/>
                <TextEquiv>
                    <Unicode>heurige Saison fast einschlossen.</Unicode>
                </TextEquiv>
            </TextLine>
            <TextLine id="r1l70" custom="readingOrder {index:69;}">
                <Coords points="1810,1819 3169,1832 3214,1776 1811,1767"/>
                <Baseline points="1822,1807 1890,1806 1959,1806 2028,1807 2097,1807 2166,1807 2235,1808 2304,1809 2373,1810 2442,1811 2511,1812 2579,1812 2648,1813 2717,1814 2786,1815 2855,1816 2924,1816 2993,1817 3062,1817 3131,1817 3200,1817"/>
                <TextEquiv>
                    <Unicode>sie deshalb von vornherein gelöst. Denn was eine elegante Frau</Unicode>
                </TextEquiv>
            </TextLine>
            <TextLine id="r1l71" custom="readingOrder {index:70;}">
                <Coords points="521,1843 1793,1836 1728,1772 522,1796"/>
                <Baseline points="533,1832 595,1833 657,1834 720,1834 782,1835 844,1835 907,1835 969,1836 1031,1836 1094,1837 1156,1837 1218,1837 1281,1838 1343,1838 1405,1838 1468,1838 1530,1838 1592,1838 1655,1838 1717,1838 1780,1838"/>
                <TextEquiv>
                    <Unicode>Was sonst gegeben wurde, schien mehr wie eine Lese des</Unicode>
                </TextEquiv>
            </TextLine>
            <TextLine id="r1l72" custom="readingOrder {index:71;}">
                <Coords points="1812,1864 3213,1865 3213,1825 3049,1813 1813,1819"/>
                <Baseline points="1825,1852 1893,1852 1962,1853 2031,1853 2099,1854 2168,1855 2237,1856 2305,1857 2374,1858 2443,1859 2512,1861 2580,1862 2649,1862 2718,1863 2786,1864 2855,1865 2924,1865 2992,1865 3061,1865 3130,1864 3199,1864"/>
                <TextEquiv>
                    <Unicode>braucht — das muß sie eben haben! Vergleicht man die schwerfälligen</Unicode>
                </TextEquiv>
            </TextLine>
            <TextLine id="r1l73" custom="readingOrder {index:72;}">
                <Coords points="379,1884 1729,1902 1792,1860 379,1835"/>
                <Baseline points="390,1884 459,1883 529,1882 598,1882 668,1882 737,1882 807,1883 876,1883 946,1884 1015,1884 1085,1885 1154,1886 1224,1886 1293,1887 1363,1887 1432,1887 1502,1887 1571,1887 1641,1886 1710,1885 1780,1884"/>
                <TextEquiv>
                    <Unicode>Zufalles als eine Auswahl nach erkennbarem Plane. Das</Unicode>
                </TextEquiv>
            </TextLine>
            <TextLine id="r1l74" custom="readingOrder {index:73;}">
                <Coords points="1807,1908 3215,1922 3181,1872 3074,1866 1808,1863"/>
                <Baseline points="1820,1900 1889,1901 1958,1902 2027,1903 2096,1904 2165,1905 2234,1906 2303,1906 2372,1907 2441,1908 2511,1908 2580,1909 2649,1910 2718,1910 2787,1911 2856,1912 2925,1912 2994,1912 3063,1913 3132,1913 3202,1914"/>
                <TextEquiv>
                    <Unicode>Kofferungetüme unserer Großmütter mit den Damenkofsern von heute,</Unicode>
                </TextEquiv>
            </TextLine>
            <TextLine id="r1l75" custom="readingOrder {index:74;}">
                <Coords points="366,1947 1764,1949 1792,1904 366,1894"/>
                <Baseline points="378,1936 448,1933 518,1931 588,1930 658,1929 728,1929 798,1929 868,1929 938,1930 1008,1930 1078,1931 1148,1932 1218,1933 1288,1934 1358,1935 1428,1935 1498,1935 1568,1935 1638,1935 1708,1934 1779,1932"/>
                <TextEquiv>
                    <Unicode>Schlimmste war wohl Blumenthals trauriges „Lustspiel“ „Die drei</Unicode>
                </TextEquiv>
            </TextLine>
            <TextLine id="r1l76" custom="readingOrder {index:75;}">
                <Coords points="1802,1963 3210,1966 3210,1919 3148,1916 1802,1901"/>
                <Baseline points="1813,1951 1882,1950 1951,1950 2020,1949 2090,1950 2159,1950 2228,1951 2297,1952 2367,1953 2436,1954 2505,1955 2574,1957 2644,1958 2713,1959 2782,1960 2851,1961 2921,1961 2990,1962 3059,1961 3128,1961 3198,1960"/>
                <TextEquiv>
                    <Unicode>so ist auch auf diesem Gebiete des menschlichen Komforts ein ganz ge¬</Unicode>
                </TextEquiv>
            </TextLine>
            <TextLine id="r1l77" custom="readingOrder {index:76;}">
                <Coords points="371,1986 1726,1999 1793,1987 1794,1937 371,1944"/>
                <Baseline points="382,1983 452,1982 522,1981 592,1980 662,1980 732,1980 802,1980 872,1980 942,1980 1012,1981 1082,1981 1152,1982 1222,1982 1292,1983 1362,1983 1432,1984 1502,1984 1572,1984 1642,1983 1712,1983 1782,1982"/>
                <TextEquiv>
                    <Unicode>Grazien“ dann aber ist gleich zu nennen Fuldas so gar nicht</Unicode>
                </TextEquiv>
            </TextLine>
            <TextLine id="r1l78" custom="readingOrder {index:77;}">
                <Coords points="1806,2009 3139,2023 3216,2011 3217,1956 1806,1964"/>
                <Baseline points="1817,2000 1886,1999 1955,1998 2025,1998 2094,1998 2163,1998 2233,1998 2302,1999 2371,1999 2441,2000 2510,2001 2579,2002 2649,2003 2718,2004 2787,2005 2857,2006 2926,2007 2995,2007 3065,2008 3134,2008 3204,2008"/>
                <TextEquiv>
                    <Unicode>waltiger Fortschritt unverkennbar. Die moderne Frau weiß nichts mehr</Unicode>
                </TextEquiv>
            </TextLine>
            <TextLine id="r1l79" custom="readingOrder {index:78;}">
                <Coords points="369,2036 1785,2038 1785,1993 1643,1980 369,1989"/>
                <Baseline points="382,2029 451,2028 521,2028 590,2027 660,2027 729,2027 799,2027 868,2028 938,2028 1007,2029 1077,2029 1146,2030 1216,2031 1285,2031 1355,2032 1424,2032 1494,2032 1563,2032 1633,2032 1702,2032 1772,2031"/>
                <TextEquiv>
                    <Unicode>sehenswertes „Schauspiel“ „Herr und Diener“, in dem der Direktor</Unicode>
                </TextEquiv>
            </TextLine>
            <TextLine id="r1l80" custom="readingOrder {index:79;}">
                <Coords points="1799,2052 3212,2070 3212,2023 3081,2005 1800,2015"/>
                <Baseline points="1813,2046 1882,2046 1951,2046 2021,2046 2090,2046 2160,2047 2229,2047 2298,2047 2368,2048 2437,2048 2507,2049 2576,2049 2645,2049 2715,2050 2784,2050 2854,2051 2923,2051 2992,2052 3062,2052 3131,2053 3201,2053"/>
                <TextEquiv>
                    <Unicode>von dem Aerger über zerknitterte Kleider, eingedrückte Hüte und durch¬</Unicode>
                </TextEquiv>
            </TextLine>
            <TextLine id="r1l81" custom="readingOrder {index:80;}">
                <Coords points="375,2093 1778,2096 1779,2041 376,2051"/>
                <Baseline points="387,2078 459,2077 532,2076 604,2076 677,2075 749,2075 822,2075 895,2075 967,2075 1040,2075 1112,2076 1185,2076 1257,2077 1330,2077 1403,2078 1475,2079 1548,2079 1620,2080 1693,2081 1766,2082"/>
                <TextEquiv>
                    <Unicode>mit geschicktem Kunstgriff wohl nur dadurch den Abend rettete,</Unicode>
                </TextEquiv>
            </TextLine>
            <TextLine id="r1l82" custom="readingOrder {index:81;}">
                <Coords points="1799,2095 3209,2119 3172,2061 1799,2052"/>
                <Baseline points="1811,2092 1880,2092 1949,2093 2018,2093 2088,2094 2157,2095 2226,2095 2295,2096 2365,2097 2434,2097 2503,2098 2572,2098 2642,2099 2711,2100 2780,2100 2849,2101 2919,2101 2988,2102 3057,2102 3126,2102 3196,2102"/>
                <TextEquiv>
                    <Unicode>einandergeworsene Wäsche. Ihre Koffer sind eigentlich gar keine Koffer</Unicode>
                </TextEquiv>
            </TextLine>
            <TextLine id="r1l83" custom="readingOrder {index:82;}">
                <Coords points="1334,2116 1344,2114 1348,2110 1355,2108 1361,2112 1373,2109 1364,2073 1354,2075 1350,2079 1342,2078 1325,2083"/>
                <Baseline points="1345,2107 1360,2103"/>
                <TextEquiv>
                    <Unicode>an</Unicode>
                </TextEquiv>
            </TextLine>
            <TextLine id="r1l84" custom="readingOrder {index:83;}">
                <Coords points="375,2123 1783,2139 1783,2094 1666,2081 375,2093"/>
                <Baseline points="387,2126 456,2125 525,2124 594,2124 663,2123 732,2123 801,2123 871,2124 940,2124 1009,2125 1078,2125 1147,2126 1216,2127 1285,2127 1355,2128 1424,2128 1493,2128 1562,2128 1631,2128 1700,2128 1770,2127"/>
                <TextEquiv>
                    <Unicode>daß er die Rolle des ganz einfältigen „Dieners“ von dem klugen</Unicode>
                </TextEquiv>
            </TextLine>
            <TextLine id="r1l85" custom="readingOrder {index:84;}">
                <Coords points="1792,2158 3207,2152 3207,2107 1792,2091"/>
                <Baseline points="1804,2141 1873,2142 1943,2142 2012,2143 2082,2144 2151,2144 2221,2144 2290,2145 2360,2145 2429,2146 2499,2146 2568,2147 2638,2147 2707,2148 2777,2148 2846,2149 2916,2150 2985,2150 3055,2151 3124,2152 3194,2153"/>
                <TextEquiv>
                    <Unicode>mehr, es sind sinnreich eingerichtete Schränke und Truhen, in denen</Unicode>
                </TextEquiv>
            </TextLine>
            <TextLine id="r1l86" custom="readingOrder {index:85;}">
                <Coords points="380,2190 1781,2178 1734,2131 380,2125"/>
                <Baseline points="392,2177 460,2175 529,2173 598,2172 667,2171 736,2171 804,2170 873,2170 942,2170 1011,2171 1080,2171 1148,2172 1217,2172 1286,2173 1355,2174 1424,2174 1492,2175 1561,2175 1630,2176 1699,2176 1768,2175"/>
                <TextEquiv>
                    <Unicode>Heine, die des ganz unerträglich verschrobenen und brutal=unge¬</Unicode>
                </TextEquiv>
            </TextLine>
            <TextLine id="r1l87" custom="readingOrder {index:86;}">
                <Coords points="1799,2193 3205,2211 3205,2159 3073,2153 1800,2155"/>
                <Baseline points="1812,2188 1881,2189 1950,2190 2019,2191 2088,2192 2157,2192 2226,2193 2295,2193 2364,2194 2433,2194 2502,2195 2571,2195 2640,2195 2709,2196 2778,2196 2847,2197 2916,2197 2985,2198 3054,2199 3123,2199 3193,2200"/>
                <TextEquiv>
                    <Unicode>jedes Stück genau so gut aufgehoben ist wie zu Hause, und die im</Unicode>
                </TextEquiv>
            </TextLine>
            <TextLine id="r1l88" custom="readingOrder {index:87;}">
                <Coords points="373,2225 1783,2240 1783,2178 373,2195"/>
                <Baseline points="386,2223 455,2221 524,2220 593,2219 662,2219 732,2218 801,2218 870,2218 939,2218 1008,2218 1078,2218 1147,2218 1216,2219 1285,2219 1354,2220 1424,2221 1493,2221 1562,2222 1631,2223 1700,2223 1770,2224"/>
                <TextEquiv>
                    <Unicode>rechten Königs aber von dem gutmütigen, liebenswürdigen</Unicode>
                </TextEquiv>
            </TextLine>
            <TextLine id="r1l89" custom="readingOrder {index:88;}">
                <Coords points="1793,2240 3209,2255 3162,2205 1794,2190"/>
                <Baseline points="1807,2236 1876,2236 1946,2236 2015,2236 2085,2237 2154,2237 2224,2237 2293,2238 2363,2238 2432,2239 2502,2239 2571,2240 2641,2241 2710,2241 2780,2242 2849,2243 2919,2244 2988,2245 3058,2246 3127,2247 3197,2249"/>
                <TextEquiv>
                    <Unicode>Gasthof ihres Inhaltes überhaupt nicht entleert werden. Da ist zu¬</Unicode>
                </TextEquiv>
            </TextLine>
            <TextLine id="r1l90" custom="readingOrder {index:89;}">
                <Coords points="370,2272 1791,2276 1768,2226 370,2227"/>
                <Baseline points="382,2267 451,2267 521,2267 591,2267 661,2267 731,2267 800,2267 870,2267 940,2267 1010,2266 1080,2266 1149,2266 1219,2266 1289,2266 1359,2266 1429,2267 1498,2267 1568,2268 1638,2269 1708,2270 1778,2271"/>
                <TextEquiv>
                    <Unicode>Reimers spielen ließ. Nicht auf viel höherem künstlerischen Niveau</Unicode>
                </TextEquiv>
            </TextLine>
            <TextLine id="r1l91" custom="readingOrder {index:90;}">
                <Coords points="1803,2287 3214,2302 3174,2254 1804,2245"/>
                <Baseline points="1817,2284 1886,2284 1955,2284 2024,2284 2094,2284 2163,2285 2232,2286 2301,2286 2371,2287 2440,2288 2509,2289 2578,2290 2648,2291 2717,2291 2786,2292 2855,2293 2925,2293 2994,2293 3063,2293 3132,2293 3202,2293"/>
                <TextEquiv>
                    <Unicode>nächst der Kleidertoffer, in dem die Kleider in ihrer ganzen Länge und</Unicode>
                </TextEquiv>
            </TextLine>
            <TextLine id="r1l92" custom="readingOrder {index:91;}">
                <Coords points="368,2332 1790,2335 1791,2275 368,2269"/>
                <Baseline points="381,2316 450,2316 520,2315 590,2314 660,2314 730,2314 799,2314 869,2314 939,2314 1009,2314 1079,2314 1148,2315 1218,2315 1288,2316 1358,2316 1428,2316 1497,2317 1567,2317 1637,2317 1707,2318 1777,2318"/>
                <TextEquiv>
                    <Unicode>stand das von Edelmut triesende englische Schau= und Rührspiel</Unicode>
                </TextEquiv>
            </TextLine>
            <TextLine id="r1l93" custom="readingOrder {index:92;}">
                <Coords points="1798,2338 3203,2338 3094,2296 1798,2296"/>
                <Baseline points="1810,2329 1879,2329 1948,2329 2017,2330 2086,2330 2155,2331 2224,2332 2293,2333 2362,2334 2431,2336 2500,2337 2569,2338 2638,2339 2707,2340 2776,2341 2845,2342 2914,2342 2983,2342 3052,2342 3121,2342 3191,2341"/>
                <TextEquiv>
                    <Unicode>Breite an Bügeln über einer Stange hängen. Im Ruhezustand, sozu¬</Unicode>
                </TextEquiv>
            </TextLine>
            <TextLine id="r1l94" custom="readingOrder {index:93;}">
                <Coords points="372,2366 1782,2377 1730,2319 372,2338"/>
                <Baseline points="385,2369 454,2366 523,2364 592,2362 661,2362 731,2361 800,2361 869,2361 938,2361 1007,2362 1077,2362 1146,2363 1215,2364 1284,2364 1353,2365 1423,2365 1492,2365 1561,2365 1630,2364 1699,2363 1769,2362"/>
                <TextEquiv>
                    <Unicode>„Dorothys Rettung“ dessen Erfolg aber das neugewonnene Mit¬</Unicode>
                </TextEquiv>
            </TextLine>
            <TextLine id="r1l95" custom="readingOrder {index:94;}">
                <Coords points="1810,2394 3216,2411 3216,2363 3117,2345 1811,2344"/>
                <Baseline points="1824,2380 1893,2380 1962,2380 2031,2380 2100,2381 2169,2381 2238,2382 2307,2383 2376,2384 2445,2385 2514,2385 2583,2386 2652,2387 2721,2388 2790,2388 2859,2389 2928,2389 2997,2389 3066,2389 3135,2389 3204,2389"/>
                <TextEquiv>
                    <Unicode>sagen, ist der Koffer aufgerichtel, der Deckel öffnet sich wie eine Tün</Unicode>
                </TextEquiv>
            </TextLine>
            <TextLine id="r1l96" custom="readingOrder {index:95;}">
                <Coords points="365,2423 1738,2427 1783,2378 893,2382 816,2347 365,2386"/>
                <Baseline points="378,2417 447,2414 517,2412 586,2410 656,2409 726,2408 795,2407 865,2407 934,2408 1004,2408 1074,2409 1143,2409 1213,2410 1282,2411 1352,2412 1422,2412 1491,2413 1561,2413 1630,2412 1700,2412 1770,2411"/>
                <TextEquiv>
                    <Unicode>glied Fräulein Marberg und der nun erst entdeckte Herr Paulsen</Unicode>
                </TextEquiv>
            </TextLine>
            <TextLine id="r1l97" custom="readingOrder {index:96;}">
                <Coords points="1799,2442 3215,2453 3215,2408 3086,2389 1800,2393"/>
                <Baseline points="1813,2429 1882,2428 1951,2427 2021,2427 2090,2427 2160,2427 2229,2428 2299,2428 2368,2429 2438,2430 2507,2431 2576,2432 2646,2434 2715,2435 2785,2436 2854,2437 2924,2438 2993,2438 3063,2439 3132,2439 3202,2439"/>
                <TextEquiv>
                    <Unicode>und das am weilesten hinten hängende Kleid läßt sich, samt dem</Unicode>
                </TextEquiv>
            </TextLine>
            <TextLine id="r1l98" custom="readingOrder {index:97;}">
                <Coords points="364,2476 1782,2480 1782,2432 1601,2412 365,2424"/>
                <Baseline points="378,2461 447,2459 517,2458 586,2458 656,2457 726,2457 795,2457 865,2457 934,2458 1004,2458 1074,2458 1143,2459 1213,2459 1282,2460 1352,2460 1422,2461 1491,2461 1561,2461 1630,2461 1700,2460 1770,2460"/>
                <TextEquiv>
                    <Unicode>mit seiner überzeugenden Einsachheit und Schlichtheit sicherten.</Unicode>
                </TextEquiv>
            </TextLine>
            <TextLine id="r1l99" custom="readingOrder {index:98;}">
                <Coords points="1795,2488 3214,2469 1796,2448"/>
                <Baseline points="1808,2475 1877,2475 1947,2474 2017,2475 2086,2475 2156,2475 2226,2476 2295,2476 2365,2477 2435,2478 2505,2479 2574,2480 2644,2481 2714,2482 2783,2483 2853,2484 2923,2485 2992,2486 3062,2487 3132,2488 3202,2488"/>
                <TextEquiv>
                    <Unicode>Bügel ebenso leicht herausnehmen wie das vorderste. In der Tür und</Unicode>
                </TextEquiv>
            </TextLine>
            <TextLine id="r1l100" custom="readingOrder {index:99;}">
                <Coords points="371,2525 1767,2511 1687,2466 1453,2460 371,2476"/>
                <Baseline points="383,2508 451,2507 520,2506 588,2506 657,2505 725,2505 794,2505 862,2505 931,2505 999,2506 1068,2506 1136,2506 1205,2506 1273,2507 1342,2507 1410,2507 1479,2508 1547,2508 1616,2508 1684,2508 1753,2508"/>
                <TextEquiv>
                    <Unicode>Bedeutend besser, als Stück betrachtet, war schon Esmanns Lun¬</Unicode>
                </TextEquiv>
            </TextLine>
            <TextLine id="r1l101" custom="readingOrder {index:100;}">
                <Coords points="1804,2537 3179,2558 3210,2494 1804,2483"/>
                <Baseline points="1816,2523 1885,2523 1954,2523 2023,2523 2092,2524 2161,2524 2230,2525 2299,2525 2368,2526 2437,2527 2507,2527 2576,2528 2645,2529 2714,2530 2783,2531 2852,2531 2921,2532 2990,2533 3059,2534 3128,2534 3198,2535"/>
                <TextEquiv>
                    <Unicode>im Deckel sind Klappen und Fächer für Wäsche, Stiefel und allerhand</Unicode>
                </TextEquiv>
            </TextLine>
            <TextLine id="r1l102" custom="readingOrder {index:101;}">
                <Coords points="369,2583 513,2536 1787,2573 1787,2518 1730,2505 369,2518"/>
                <Baseline points="382,2556 451,2555 521,2554 590,2554 660,2553 730,2553 799,2553 869,2554 938,2554 1008,2554 1078,2555 1147,2555 1217,2556 1286,2556 1356,2556 1426,2556 1495,2556 1565,2556 1634,2556 1704,2555 1774,2554"/>
                <TextEquiv>
                    <Unicode>spiel Vater und Sohn“, und das größte Interesse nächst</Unicode>
                </TextEquiv>
            </TextLine>
            <TextLine id="r1l103" custom="readingOrder {index:102;}">
                <Coords points="1802,2586 3105,2601 3207,2590 3208,2540 1802,2537"/>
                <Baseline points="1814,2569 1883,2569 1952,2570 2021,2571 2090,2571 2159,2572 2228,2572 2297,2573 2366,2573 2435,2574 2504,2575 2573,2575 2642,2576 2711,2576 2780,2577 2849,2578 2918,2579 2987,2580 3056,2580 3125,2581 3194,2582"/>
                <TextEquiv>
                    <Unicode>Kleinigkeiten angebracht. Solch ein Kofferschrank bietet für =i Dutzend</Unicode>
                </TextEquiv>
            </TextLine>
            <TextLine id="r1l104" custom="readingOrder {index:103;}">
                <Coords points="376,2605 1784,2609 1754,2561 1604,2556 938,2580 512,2535 376,2577"/>
                <Baseline points="388,2605 457,2603 526,2602 595,2602 664,2601 733,2601 802,2601 871,2601 940,2601 1009,2601 1079,2602 1148,2602 1217,2602 1286,2603 1355,2603 1424,2603 1493,2603 1562,2603 1631,2603 1700,2603 1770,2603"/>
                <TextEquiv>
                    <Unicode>Schnitzler, Beaumarchais und Kainz erweckte wohl Stucken mit</Unicode>
                </TextEquiv>
            </TextLine>
            <TextLine id="r1l105" custom="readingOrder {index:104;}">
                <Coords points="1792,2622 3215,2662 3216,2592 3009,2568 2243,2602 1793,2569"/>
                <Baseline points="1804,2618 1873,2618 1943,2619 2013,2619 2083,2619 2153,2620 2223,2620 2293,2621 2363,2621 2433,2622 2503,2623 2572,2623 2642,2624 2712,2625 2782,2626 2852,2627 2922,2628 2992,2630 3062,2631 3132,2632 3202,2634"/>
                <TextEquiv>
                    <Unicode>Kleider reichlich Platz. Die Nebensächer sind allerdings ein wenig eng,</Unicode>
                </TextEquiv>
            </TextLine>
            <TextLine id="r1l106" custom="readingOrder {index:105;}">
                <Coords points="369,2662 1782,2662 1782,2622 1675,2604 369,2605"/>
                <Baseline points="382,2651 451,2650 520,2650 590,2649 659,2649 729,2649 798,2649 867,2649 937,2649 1006,2650 1076,2650 1145,2651 1214,2651 1284,2651 1353,2652 1423,2652 1492,2652 1561,2651 1631,2651 1700,2650 1770,2649"/>
                <TextEquiv>
                    <Unicode>seinem Drama „Lanval“. Als sehr dankenswert muß jedenfalls der</Unicode>
                </TextEquiv>
            </TextLine>
            <TextLine id="r1l107" custom="readingOrder {index:106;}">
                <Coords points="1811,2675 3204,2678 3107,2630 1811,2627"/>
                <Baseline points="1823,2668 1891,2667 1959,2667 2028,2667 2096,2667 2165,2667 2233,2667 2302,2668 2370,2669 2439,2669 2507,2670 2575,2671 2644,2672 2712,2673 2781,2675 2849,2676 2918,2677 2986,2678 3055,2679 3123,2680 3192,2681"/>
                <TextEquiv>
                    <Unicode>bemessen. Und darum hat die elegante Frau einen eigenen Wäsche¬</Unicode>
                </TextEquiv>
            </TextLine>
            <TextLine id="r1l108" custom="readingOrder {index:107;}">
                <Coords points="369,2692 1780,2718 1762,2658 369,2658"/>
                <Baseline points="381,2697 450,2696 519,2695 588,2695 658,2695 727,2695 796,2695 866,2695 935,2695 1004,2696 1074,2696 1143,2697 1212,2697 1281,2698 1351,2698 1420,2698 1489,2698 1559,2698 1628,2698 1697,2697 1767,2696"/>
                <TextEquiv>
                    <Unicode>Versuch der Wiederaufnahme von Hebbels „Herodes und Mariamne“</Unicode>
                </TextEquiv>
            </TextLine>
            <TextLine id="r1l109" custom="readingOrder {index:108;}">
                <Coords points="1810,2732 3208,2729 3024,2678 1811,2675"/>
                <Baseline points="1822,2717 1890,2716 1959,2716 2027,2716 2096,2716 2165,2717 2233,2717 2302,2718 2371,2718 2439,2719 2508,2720 2577,2721 2645,2721 2714,2722 2783,2723 2851,2723 2920,2724 2989,2725 3057,2725 3126,2726 3195,2726"/>
                <TextEquiv>
                    <Unicode>kosfer, aber keinen mit Einsätzen, die nur mit einem Aufwand turne¬</Unicode>
                </TextEquiv>
            </TextLine>
            <TextLine id="r1l110" custom="readingOrder {index:109;}">
                <Coords points="378,2749 1704,2762 1794,2754 1794,2697 378,2717"/>
                <Baseline points="391,2742 460,2742 529,2743 599,2743 668,2744 738,2744 807,2745 877,2745 946,2745 1016,2746 1085,2746 1154,2746 1224,2746 1293,2746 1363,2746 1432,2746 1502,2745 1571,2745 1641,2745 1710,2744 1780,2744"/>
                <TextEquiv>
                    <Unicode>begrüßt werden, mag sich auch nicht jedermann für dieses Ver¬</Unicode>
                </TextEquiv>
            </TextLine>
            <TextLine id="r1l111" custom="readingOrder {index:110;}">
                <Coords points="1808,2779 3196,2797 3214,2727 1808,2732"/>
                <Baseline points="1820,2765 1889,2764 1958,2763 2027,2762 2096,2762 2165,2762 2234,2763 2303,2763 2372,2764 2441,2765 2511,2766 2580,2767 2649,2769 2718,2770 2787,2771 2856,2772 2925,2773 2994,2774 3063,2775 3132,2775 3202,2775"/>
                <TextEquiv>
                    <Unicode>rischer Geschicklichkeit herausgehoben werden können, sondern einen mit</Unicode>
                </TextEquiv>
            </TextLine>
            <TextLine id="r1l112" custom="readingOrder {index:111;}">
                <Coords points="374,2822 735,2788 1790,2817 1790,2755 374,2754"/>
                <Baseline points="387,2795 456,2794 526,2794 595,2794 665,2793 734,2793 804,2794 873,2794 943,2794 1012,2794 1082,2795 1151,2795 1221,2795 1290,2796 1360,2796 1429,2796 1499,2796 1568,2796 1638,2796 1707,2796 1777,2796"/>
                <TextEquiv>
                    <Unicode>standesstück mit seinem an die „Familie Sehroffenstein“ gemah¬</Unicode>
                </TextEquiv>
            </TextLine>
            <TextLine id="r1l113" custom="readingOrder {index:112;}">
                <Coords points="1804,2831 3187,2844 3208,2797 1805,2781"/>
                <Baseline points="1816,2810 1885,2810 1954,2810 2023,2810 2092,2810 2161,2811 2230,2811 2299,2812 2368,2812 2437,2813 2506,2814 2575,2815 2644,2816 2713,2817 2782,2818 2851,2819 2920,2820 2989,2821 3058,2822 3127,2823 3196,2824"/>
                <TextEquiv>
                    <Unicode>Schubfächern, also eine Kofferkommode. Blusen sind zwar angeblich</Unicode>
                </TextEquiv>
            </TextLine>
            <TextLine id="r1l114" custom="readingOrder {index:113;}">
                <Coords points="383,2850 1266,2870 1403,2840 1403,2802 383,2816"/>
                <Baseline points="395,2843 444,2842 494,2842 544,2841 594,2841 644,2841 693,2841 743,2840 793,2840 843,2841 893,2841 942,2841 992,2841 1042,2841 1092,2841 1142,2841 1191,2841 1241,2841 1291,2841 1341,2841 1391,2840"/>
                <TextEquiv>
                    <Unicode>nenden Parallelismus zu erwärmen vermögen.</Unicode>
                </TextEquiv>
            </TextLine>
            <TextLine id="r1l115" custom="readingOrder {index:114;}">
                <Coords points="1809,2873 3217,2884 3215,2819 1809,2829"/>
                <Baseline points="1822,2856 1891,2857 1960,2858 2029,2859 2098,2860 2167,2861 2236,2862 2305,2862 2374,2863 2443,2863 2513,2864 2582,2865 2651,2865 2720,2866 2789,2867 2858,2867 2927,2868 2996,2869 3065,2871 3134,2872 3204,2874"/>
                <TextEquiv>
                    <Unicode>etwas aus der Mode, aber zum Tennis, zum Bergsteigen und zur</Unicode>
                </TextEquiv>
            </TextLine>
            <TextLine id="r1l116" custom="readingOrder {index:115;}">
                <Coords points="513,2894 1789,2914 1789,2851 513,2861"/>
                <Baseline points="525,2897 587,2897 650,2896 712,2896 775,2896 837,2896 900,2896 962,2896 1025,2897 1087,2897 1150,2898 1213,2898 1275,2899 1338,2900 1400,2900 1463,2901 1525,2901 1588,2902 1650,2902 1713,2902 1776,2902"/>
                <TextEquiv>
                    <Unicode>Günstiger als mit dem Gewinn an Stücken, die eine wirk¬</Unicode>
                </TextEquiv>
            </TextLine>
            <TextLine id="r1l117" custom="readingOrder {index:116;}">
                <Coords points="1805,2930 3203,2938 3203,2888 3102,2867 1805,2878"/>
                <Baseline points="1818,2906 1886,2906 1955,2906 2023,2907 2092,2907 2161,2907 2229,2908 2298,2909 2366,2910 2435,2910 2504,2911 2572,2912 2641,2913 2709,2914 2778,2915 2847,2916 2915,2917 2984,2919 3052,2920 3121,2921 3190,2922"/>
                <TextEquiv>
                    <Unicode>Siesta am Strande doch noch unersetzbar. Für sie ist der Blusenkoffer,</Unicode>
                </TextEquiv>
            </TextLine>
            <TextLine id="r1l118" custom="readingOrder {index:117;}">
                <Coords points="372,2960 1780,2974 1781,2911 373,2913"/>
                <Baseline points="384,2949 453,2947 522,2946 591,2946 660,2945 729,2945 798,2945 868,2946 937,2946 1006,2946 1075,2947 1144,2948 1213,2948 1282,2949 1352,2950 1421,2951 1490,2952 1559,2952 1628,2953 1697,2953 1767,2954"/>
                <TextEquiv>
                    <Unicode>liche Bereicherung des Repertoires bedeuteten, scheint es mit dem</Unicode>
                </TextEquiv>
            </TextLine>
            <TextLine id="r1l119" custom="readingOrder {index:118;}">
                <Coords points="1802,2963 3203,2990 3203,2925 1803,2923"/>
                <Baseline points="1814,2955 1882,2954 1951,2954 2020,2954 2089,2955 2158,2955 2227,2956 2295,2956 2364,2957 2433,2958 2502,2959 2571,2960 2640,2961 2709,2962 2777,2964 2846,2965 2915,2967 2984,2968 3053,2969 3122,2971 3191,2972"/>
                <TextEquiv>
                    <Unicode>eine kleinere Ausgabe des Kleiderkossers, bestimmt. Der Hutkoffer ge¬</Unicode>
                </TextEquiv>
            </TextLine>
            <TextLine id="r1l120" custom="readingOrder {index:119;}">
                <Coords points="373,2999 1789,3017 1704,2955 374,2959"/>
                <Baseline points="387,2998 456,2996 525,2995 595,2994 664,2993 734,2993 803,2993 873,2993 942,2994 1012,2995 1081,2995 1150,2996 1220,2997 1289,2998 1359,2998 1428,2999 1498,2999 1567,2999 1637,2999 1706,2998 1776,2997"/>
                <TextEquiv>
                    <Unicode>Gewinn zu stehen, den das Burgtheater durch Engagement neuer</Unicode>
                </TextEquiv>
            </TextLine>
            <TextLine id="r1l121" custom="readingOrder {index:120;}">
                <Coords points="1800,3017 3103,3030 3134,2993 1801,2962"/>
                <Baseline points="1812,3004 1877,3002 1943,3001 2008,3001 2074,3001 2139,3001 2205,3002 2270,3002 2336,3003 2401,3005 2467,3006 2532,3007 2598,3009 2663,3010 2729,3011 2794,3012 2860,3013 2925,3013 2991,3013 3056,3013 3122,3012"/>
                <TextEquiv>
                    <Unicode>hörte einst — wohin seid ihr entschwunden, ihr schönen Tage!</Unicode>
                </TextEquiv>
            </TextLine>
            <TextLine id="r1l122" custom="readingOrder {index:121;}">
                <Coords points="382,3053 1793,3057 1738,3004 382,3000"/>
                <Baseline points="395,3050 464,3048 533,3045 602,3043 672,3042 741,3041 810,3041 880,3041 949,3041 1018,3042 1088,3042 1157,3043 1226,3044 1295,3045 1365,3045 1434,3046 1503,3046 1573,3046 1642,3046 1711,3045 1781,3043"/>
                <TextEquiv>
                    <Unicode>Mitglieder und durch wirksame Förderung schon vorhandener</Unicode>
                </TextEquiv>
            </TextLine>
            <TextLine id="r1l123" custom="readingOrder {index:122;}">
                <Coords points="1809,3063 3197,3078 3197,3031 3076,3017 1809,3023"/>
                <Baseline points="1822,3052 1890,3051 1958,3051 2026,3051 2094,3051 2162,3051 2230,3052 2299,3052 2367,3053 2435,3054 2503,3055 2571,3056 2639,3057 2707,3058 2776,3059 2844,3060 2912,3061 2980,3062 3048,3063 3116,3064 3185,3064"/>
                <TextEquiv>
                    <Unicode>zum Handgepäck und zeichstete sich durch seine bescheidenen Dimen¬</Unicode>
                </TextEquiv>
            </TextLine>
            <TextLine id="r1l124" custom="readingOrder {index:123;}">
                <Coords points="371,3104 1788,3088 1744,3051 371,3047"/>
                <Baseline points="384,3100 453,3097 523,3094 592,3092 662,3091 731,3090 801,3089 870,3089 940,3089 1009,3090 1079,3090 1149,3091 1218,3091 1288,3092 1357,3092 1427,3093 1496,3093 1566,3093 1635,3093 1705,3092 1775,3091"/>
                <TextEquiv>
                    <Unicode>Kräfte erzielte, wobei natürlich bei einer Bilanzierung der schreck¬</Unicode>
                </TextEquiv>
            </TextLine>
            <TextLine id="r1l125" custom="readingOrder {index:124;}">
                <Coords points="1800,3105 3201,3136 3201,3082 3025,3065 1801,3066"/>
                <Baseline points="1814,3102 1882,3100 1951,3099 2020,3098 2088,3098 2157,3098 2226,3098 2294,3099 2363,3099 2432,3100 2501,3102 2569,3103 2638,3104 2707,3105 2775,3107 2844,3108 2913,3109 2981,3110 3050,3111 3119,3112 3188,3113"/>
                <TextEquiv>
                    <Unicode>sionen aus. Jetzt, im Zeichen der Riesenhüte, ist er ein richtiger, aus¬</Unicode>
                </TextEquiv>
            </TextLine>
            <TextLine id="r1l126" custom="readingOrder {index:125;}">
                <Coords points="373,3154 1779,3146 1779,3104 1542,3092 373,3104"/>
                <Baseline points="386,3148 455,3145 524,3143 593,3142 662,3141 731,3140 800,3140 869,3139 938,3139 1007,3139 1076,3139 1145,3140 1214,3140 1283,3141 1352,3141 1421,3141 1490,3141 1559,3141 1628,3141 1697,3141 1767,3141"/>
                <TextEquiv>
                    <Unicode>liche Verlust, den das Theater und mit ihm Wien durch den Hin¬</Unicode>
                </TextEquiv>
            </TextLine>
            <TextLine id="r1l127" custom="readingOrder {index:126;}">
                <Coords points="1808,3164 3159,3175 3212,3136 1809,3117"/>
                <Baseline points="1820,3148 1888,3147 1957,3146 2026,3146 2095,3145 2164,3146 2233,3146 2302,3146 2371,3147 2440,3148 2509,3149 2577,3150 2646,3152 2715,3153 2784,3155 2853,3156 2922,3158 2991,3159 3060,3161 3129,3162 3198,3164"/>
                <TextEquiv>
                    <Unicode>gewachsener Koffer, ja es gibt Hutkosser, die dem Kkleiderkoffer an</Unicode>
                </TextEquiv>
            </TextLine>
            <TextLine id="r1l128" custom="readingOrder {index:127;}">
                <Coords points="381,3206 1760,3203 1792,3133 381,3156"/>
                <Baseline points="393,3194 462,3192 531,3191 600,3191 670,3190 739,3189 808,3189 878,3189 947,3188 1016,3188 1086,3188 1155,3189 1224,3189 1293,3189 1363,3189 1432,3189 1501,3189 1571,3189 1640,3189 1709,3189 1779,3189"/>
                <TextEquiv>
                    <Unicode>gang von Kainz erlitten hat, gar nicht in Auschlag gesetzt werden</Unicode>
                </TextEquiv>
            </TextLine>
            <TextLine id="r1l129" custom="readingOrder {index:128;}">
                <Coords points="1807,3213 3192,3228 3216,3154 1808,3166"/>
                <Baseline points="1820,3195 1889,3194 1958,3193 2027,3193 2096,3193 2165,3193 2234,3194 2303,3194 2372,3195 2441,3196 2511,3198 2580,3199 2649,3200 2718,3202 2787,3203 2856,3205 2925,3206 2994,3208 3063,3209 3132,3210 3202,3211"/>
                <TextEquiv>
                    <Unicode>Größe nicht viel nachgeben. Der Stiefelkosser hat Raum für mindestens</Unicode>
                </TextEquiv>
            </TextLine>
            <TextLine id="r1l130" custom="readingOrder {index:129;}">
                <Coords points="372,3243 1780,3254 1735,3194 372,3198"/>
                <Baseline points="385,3243 454,3242 523,3241 592,3240 661,3239 730,3238 799,3237 868,3237 937,3237 1006,3237 1076,3237 1145,3237 1214,3237 1283,3237 1352,3238 1421,3238 1490,3238 1559,3239 1628,3239 1697,3240 1767,3240"/>
                <TextEquiv>
                    <Unicode>dürfte. Fräulein Marbergs und Herrn Paulsens ist schon gedacht</Unicode>
                </TextEquiv>
            </TextLine>
            <TextLine id="r1l131" custom="readingOrder {index:130;}">
                <Coords points="1802,3261 3217,3270 3173,3217 2884,3204 1802,3218"/>
                <Baseline points="1814,3245 1883,3245 1953,3244 2022,3244 2092,3243 2161,3243 2231,3243 2300,3243 2370,3244 2439,3244 2509,3245 2578,3245 2648,3247 2717,3248 2787,3249 2856,3251 2926,3253 2995,3255 3065,3258 3134,3260 3204,3263"/>
                <TextEquiv>
                    <Unicode>zwei Dutzend Fußbekleidungen, die in einzelnen Abteilungen, zu zwei</Unicode>
                </TextEquiv>
            </TextLine>
            <TextLine id="r1l132" custom="readingOrder {index:131;}">
                <Coords points="381,3306 1779,3297 1779,3255 1711,3245 381,3243"/>
                <Baseline points="394,3291 462,3289 531,3287 599,3286 668,3285 737,3284 805,3284 874,3283 942,3283 1011,3283 1080,3283 1148,3283 1217,3284 1285,3284 1354,3284 1423,3285 1491,3285 1560,3286 1628,3286 1697,3287 1766,3287"/>
                <TextEquiv>
                    <Unicode>worden. Als ein großer Gewinn, eine hoffnungsreiche Erwartung,</Unicode>
                </TextEquiv>
            </TextLine>
            <TextLine id="r1l133" custom="readingOrder {index:132;}">
                <Coords points="1800,3296 3186,3320 3209,3281 1801,3259"/>
                <Baseline points="1812,3293 1881,3292 1950,3291 2019,3290 2088,3289 2158,3289 2227,3289 2296,3289 2365,3290 2434,3290 2504,3291 2573,3292 2642,3293 2711,3295 2780,3296 2850,3298 2919,3300 2988,3302 3057,3304 3126,3307 3196,3309"/>
                <TextEquiv>
                    <Unicode>und zwei Paaren, verpackt werden, und in den Schirmkoffer werden</Unicode>
                </TextEquiv>
            </TextLine>
            <TextLine id="r1l134" custom="readingOrder {index:133;}">
                <Coords points="378,3348 1751,3355 1781,3297 378,3304"/>
                <Baseline points="391,3342 459,3339 528,3336 597,3333 666,3332 735,3331 804,3330 873,3330 942,3330 1011,3331 1080,3332 1148,3333 1217,3334 1286,3334 1355,3335 1424,3336 1493,3336 1562,3336 1631,3336 1700,3335 1769,3334"/>
                <TextEquiv>
                    <Unicode>erwies sich ebenfalls Fräulein Wohlgemuth und sie wurde</Unicode>
                </TextEquiv>
            </TextLine>
            <TextLine id="r1l135" custom="readingOrder {index:134;}">
                <Coords points="1806,3348 3209,3369 3210,3314 3039,3299 1807,3300"/>
                <Baseline points="1818,3341 1887,3340 1956,3339 2025,3338 2094,3338 2163,3337 2232,3337 2301,3337 2370,3337 2439,3338 2508,3338 2577,3339 2646,3341 2715,3342 2784,3344 2853,3346 2922,3348 2991,3351 3060,3353 3129,3357 3198,3361"/>
                <TextEquiv>
                    <Unicode>die Regen= und Sonnenschirme, En-tout-cas und Spazierstöcke flach</Unicode>
                </TextEquiv>
            </TextLine>
            <TextLine id="r1l136" custom="readingOrder {index:135;}">
                <Coords points="371,3410 1776,3388 1776,3351 1535,3328 371,3346"/>
                <Baseline points="383,3389 452,3386 521,3383 590,3382 659,3380 728,3379 797,3378 866,3378 935,3378 1004,3378 1073,3379 1142,3379 1211,3380 1280,3381 1349,3381 1418,3382 1487,3382 1556,3383 1625,3383 1694,3383 1763,3382"/>
                <TextEquiv>
                    <Unicode>auch dem Publikum recht bald in richtiger Beschäftigung vor¬</Unicode>
                </TextEquiv>
            </TextLine>
            <TextLine id="r1l137" custom="readingOrder {index:136;}">
                <Coords points="1805,3401 3203,3405 3203,3363 2818,3346 1805,3349"/>
                <Baseline points="1818,3387 1886,3387 1955,3387 2023,3387 2092,3387 2161,3387 2229,3388 2298,3388 2366,3388 2435,3389 2504,3389 2572,3390 2641,3390 2709,3391 2778,3392 2847,3394 2915,3395 2984,3396 3052,3398 3121,3400 3190,3402"/>
                <TextEquiv>
                    <Unicode>hineingelegt, um mit Riemen festgeschnallt zu werden. Eine elegante</Unicode>
                </TextEquiv>
            </TextLine>
            <TextLine id="r1l138" custom="readingOrder {index:137;}">
                <Coords points="368,3435 1791,3458 1773,3381 368,3407"/>
                <Baseline points="381,3438 450,3436 520,3433 590,3431 660,3430 730,3429 799,3428 869,3428 939,3428 1009,3428 1079,3429 1148,3429 1218,3430 1288,3430 1358,3431 1428,3431 1497,3431 1567,3431 1637,3431 1707,3431 1777,3430"/>
                <TextEquiv>
                    <Unicode>geführt, was wohl das Wichtigste ist für die Entwicklung jedes</Unicode>
                </TextEquiv>
            </TextLine>
            <TextLine id="r1l139" custom="readingOrder {index:138;}">
                <Coords points="1808,3453 3203,3478 3204,3403 1808,3401"/>
                <Baseline points="1820,3437 1888,3436 1957,3436 2025,3435 2094,3435 2162,3435 2231,3435 2299,3435 2368,3436 2436,3436 2505,3437 2574,3438 2642,3439 2711,3441 2779,3442 2848,3443 2916,3445 2985,3447 3053,3449 3122,3452 3191,3454"/>
                <TextEquiv>
                    <Unicode>Frau hat nicht viel Handgepäck, womöglich nur eine, ziemsich ge¬</Unicode>
                </TextEquiv>
            </TextLine>
            <TextLine id="r1l140" custom="readingOrder {index:139;}">
                <Coords points="385,3492 1785,3487 1651,3432 385,3445"/>
                <Baseline points="397,3486 465,3484 534,3482 603,3480 672,3478 741,3477 809,3477 878,3476 947,3476 1016,3476 1085,3476 1153,3477 1222,3477 1291,3478 1360,3478 1429,3479 1497,3480 1566,3480 1635,3481 1704,3481 1773,3482"/>
                <TextEquiv>
                    <Unicode>Kunstlers und des Instituts, an dem er wirken soll. Weiche,</Unicode>
                </TextEquiv>
            </TextLine>
            <TextLine id="r1l141" custom="readingOrder {index:140;}">
                <Coords points="1798,3489 3213,3517 3192,3457 2928,3441 1799,3449"/>
                <Baseline points="1810,3483 1879,3483 1949,3483 2018,3482 2088,3482 2157,3482 2227,3482 2296,3482 2366,3482 2435,3482 2505,3483 2574,3484 2644,3485 2713,3486 2783,3488 2852,3489 2922,3492 2991,3494 3061,3497 3130,3501 3200,3504"/>
                <TextEquiv>
                    <Unicode>räumige Reisetasche aus feinstem Leder, die alles enthält, was nötig</Unicode>
                </TextEquiv>
            </TextLine>
            <TextLine id="r1l142" custom="readingOrder {index:141;}">
                <Coords points="376,3534 1779,3539 1779,3497 1600,3478 376,3499"/>
                <Baseline points="389,3537 457,3534 526,3532 595,3529 664,3527 733,3526 802,3525 871,3524 940,3524 1009,3524 1078,3524 1146,3524 1215,3524 1284,3525 1353,3525 1422,3526 1491,3527 1560,3527 1629,3528 1698,3528 1767,3528"/>
                <TextEquiv>
                    <Unicode>schmiegsame, hingebende Gestalten wären wohl kaum Fräulein</Unicode>
                </TextEquiv>
            </TextLine>
            <TextLine id="r1l143" custom="readingOrder {index:142;}">
                <Coords points="1799,3544 3090,3569 3199,3565 3200,3525 1799,3489"/>
                <Baseline points="1812,3531 1880,3531 1949,3530 2018,3530 2087,3530 2155,3530 2224,3530 2293,3530 2362,3531 2430,3531 2499,3532 2568,3533 2637,3534 2705,3535 2774,3537 2843,3539 2912,3541 2980,3543 3049,3545 3118,3547 3187,3550"/>
                <TextEquiv>
                    <Unicode>ist, wenn man nicht nur den Tag, sondern auch die Nacht auf der</Unicode>
                </TextEquiv>
            </TextLine>
            <TextLine id="r1l144" custom="readingOrder {index:143;}">
                <Coords points="387,3581 1785,3594 1784,3539 1735,3532 386,3544"/>
                <Baseline points="398,3585 466,3581 535,3578 604,3576 673,3574 741,3572 810,3571 879,3570 948,3569 1016,3569 1085,3569 1154,3569 1223,3569 1291,3570 1360,3571 1429,3572 1498,3572 1566,3573 1635,3575 1704,3576 1773,3577"/>
                <TextEquiv>
                    <Unicode>Wohlgemuths Sache, desto mehr liegen ihr aber Hoheit und Stolz</Unicode>
                </TextEquiv>
            </TextLine>
            <TextLine id="r1l145" custom="readingOrder {index:144;}">
                <Coords points="1806,3600 3182,3616 3210,3564 1807,3540"/>
                <Baseline points="1820,3577 1888,3577 1957,3576 2026,3576 2095,3576 2164,3576 2233,3576 2301,3577 2370,3577 2439,3578 2508,3579 2577,3580 2646,3581 2715,3582 2783,3584 2852,3586 2921,3587 2990,3589 3059,3591 3128,3594 3197,3596"/>
                <TextEquiv>
                    <Unicode>Bahn verbringt, besonders ein vollständiges, kostbares Necefsaire, wie</Unicode>
                </TextEquiv>
            </TextLine>
            <TextLine id="r1l146" custom="readingOrder {index:145;}">
                <Coords points="382,3638 1785,3649 1784,3594 1732,3582 381,3590"/>
                <Baseline points="395,3631 463,3628 532,3626 601,3624 670,3622 739,3621 808,3620 876,3619 945,3619 1014,3619 1083,3619 1152,3619 1221,3619 1290,3619 1358,3620 1427,3620 1496,3620 1565,3620 1634,3621 1703,3621 1772,3620"/>
                <TextEquiv>
                    <Unicode>und jene Leidenschaft, die nicht nur heiß, sondern auch erbarmungs¬</Unicode>
                </TextEquiv>
            </TextLine>
            <TextLine id="r1l147" custom="readingOrder {index:146;}">
                <Coords points="1811,3634 3171,3657 3212,3610 1811,3595"/>
                <Baseline points="1824,3627 1892,3626 1961,3626 2030,3626 2099,3626 2167,3626 2236,3626 2305,3627 2374,3627 2442,3628 2511,3628 2580,3629 2649,3630 2717,3631 2786,3632 2855,3633 2924,3635 2992,3637 3061,3638 3130,3640 3199,3642"/>
                <TextEquiv>
                    <Unicode>es zu Hause den Toilettentisch ziert. Und dann ist das Hunde¬</Unicode>
                </TextEquiv>
            </TextLine>
            <TextLine id="r1l148" custom="readingOrder {index:147;}">
                <Coords points="383,3671 1779,3675 1739,3630 1515,3623 383,3636"/>
                <Baseline points="397,3674 465,3673 534,3672 602,3671 671,3670 739,3669 808,3669 876,3668 945,3668 1013,3667 1082,3667 1150,3667 1219,3667 1287,3667 1356,3668 1424,3668 1493,3669 1561,3670 1630,3671 1698,3673 1767,3674"/>
                <TextEquiv>
                    <Unicode>los sein kann. In einer Hinsicht erinnert, nicht ihre Art, aber die</Unicode>
                </TextEquiv>
            </TextLine>
            <TextLine id="r1l149" custom="readingOrder {index:148;}">
                <Coords points="1796,3692 3197,3691 3197,3651 2904,3630 1797,3638"/>
                <Baseline points="1809,3676 1877,3675 1946,3675 2015,3675 2084,3674 2153,3674 2221,3674 2290,3674 2359,3675 2428,3675 2497,3676 2565,3676 2634,3677 2703,3679 2772,3680 2841,3682 2909,3683 2978,3685 3047,3687 3116,3690 3185,3693"/>
                <TextEquiv>
                    <Unicode>köfferchen für den Schoßhund nicht zu vergasen. Was dem heiß¬</Unicode>
                </TextEquiv>
            </TextLine>
            <TextLine id="r1l150" custom="readingOrder {index:149;}">
                <Coords points="379,3734 1782,3736 1782,3673 379,3666"/>
                <Baseline points="393,3725 461,3723 530,3721 599,3720 668,3719 737,3718 806,3717 874,3716 943,3716 1012,3716 1081,3716 1150,3716 1219,3716 1288,3717 1356,3717 1425,3718 1494,3719 1563,3720 1632,3721 1701,3722 1770,3723"/>
                <TextEquiv>
                    <Unicode>Art, wie man sie beurteilt, etwas an das tragikomische Schicksal</Unicode>
                </TextEquiv>
            </TextLine>
            <TextLine id="r1l151" custom="readingOrder {index:150;}">
                <Coords points="1810,3734 3208,3758 3174,3693 1811,3684"/>
                <Baseline points="1824,3722 1892,3722 1961,3722 2029,3723 2098,3723 2167,3723 2235,3723 2304,3724 2373,3724 2441,3724 2510,3725 2579,3726 2647,3727 2716,3728 2785,3729 2853,3730 2922,3732 2991,3734 3059,3736 3128,3738 3197,3741"/>
                <TextEquiv>
                    <Unicode>geliebten „Pussi“ zur Nahrung und zum Schlafe dient, ist darin, sein</Unicode>
                </TextEquiv>
            </TextLine>
            <TextLine id="r1l152" custom="readingOrder {index:151;}">
                <Coords points="386,3776 1784,3783 1784,3733 1585,3718 386,3734"/>
                <Baseline points="399,3772 467,3770 536,3768 604,3767 673,3766 742,3765 810,3765 879,3764 947,3764 1016,3764 1085,3764 1153,3765 1222,3765 1290,3765 1359,3766 1428,3767 1496,3767 1565,3767 1633,3768 1702,3768 1771,3768"/>
                <TextEquiv>
                    <Unicode>Fräulein Reinaus am Deutschen Volkstheater. Beide interessieren</Unicode>
                </TextEquiv>
            </TextLine>
            <TextLine id="r1l153" custom="readingOrder {index:152;}">
                <Coords points="1805,3781 3203,3819 3203,3757 3087,3737 1806,3731"/>
                <Baseline points="1818,3769 1886,3769 1955,3769 2023,3770 2092,3770 2161,3771 2229,3771 2298,3772 2366,3773 2435,3774 2504,3775 2572,3776 2641,3777 2709,3778 2778,3779 2847,3781 2915,3782 2984,3784 3052,3786 3121,3787 3190,3789"/>
                <TextEquiv>
                    <Unicode>Näpschen und sein Bettchen. Die eine Seite ist, wie ein kleiner Käfig,</Unicode>
                </TextEquiv>
            </TextLine>
            <TextLine id="r1l154" custom="readingOrder {index:153;}">
                <Coords points="385,3831 1793,3815 1641,3772 385,3776"/>
                <Baseline points="397,3817 466,3816 535,3815 604,3814 673,3813 743,3813 812,3812 881,3812 950,3812 1019,3813 1089,3813 1158,3813 1227,3814 1296,3814 1365,3814 1435,3815 1504,3815 1573,3815 1642,3815 1711,3816 1781,3815"/>
                <TextEquiv>
                    <Unicode>schon auf den ersten „Blick“, nur sieht und bespricht man immer</Unicode>
                </TextEquiv>
            </TextLine>
            <TextLine id="r1l155" custom="readingOrder {index:154;}">
                <Coords points="1810,3822 3203,3857 3204,3805 3030,3785 1811,3787"/>
                <Baseline points="1824,3816 1892,3816 1960,3817 2029,3817 2097,3818 2166,3818 2234,3819 2302,3819 2371,3820 2439,3821 2508,3822 2576,3823 2644,3823 2713,3824 2781,3825 2850,3826 2918,3827 2986,3828 3055,3829 3123,3830 3192,3831"/>
                <TextEquiv>
                    <Unicode>nach außen vergittert und ein Segeltuch umhüllt die transportable</Unicode>
                </TextEquiv>
            </TextLine>
            <TextLine id="r1l156" custom="readingOrder {index:155;}">
                <Coords points="384,3872 1775,3878 1795,3811 384,3830"/>
                <Baseline points="397,3863 466,3861 535,3859 604,3858 673,3857 743,3857 812,3857 881,3857 950,3858 1019,3858 1089,3859 1158,3860 1227,3861 1296,3862 1365,3862 1435,3863 1504,3863 1573,3864 1642,3863 1711,3863 1781,3862"/>
                <TextEquiv>
                    <Unicode>mehr, wie sie aussehen, als was sie trotz noch fehlender</Unicode>
                </TextEquiv>
            </TextLine>
            <TextLine id="r1l157" custom="readingOrder {index:156;}">
                <Coords points="1815,3869 3133,3895 3212,3888 3213,3841 1815,3821"/>
                <Baseline points="1828,3863 1896,3863 1965,3864 2033,3864 2102,3864 2171,3865 2239,3866 2308,3867 2376,3868 2445,3869 2514,3871 2582,3872 2651,3873 2719,3874 2788,3875 2857,3876 2925,3877 2994,3878 3062,3878 3131,3879 3200,3879"/>
                <TextEquiv>
                    <Unicode>Hundehütte. — Es ist, wie man sieht, eine ganze stattliche Anzahl von</Unicode>
                </TextEquiv>
            </TextLine>
            <TextLine id="r1l158" custom="readingOrder {index:157;}">
                <Coords points="380,3907 1791,3915 1791,3867 381,3875"/>
                <Baseline points="393,3909 462,3908 531,3908 600,3908 670,3908 739,3908 808,3908 878,3909 947,3909 1016,3909 1086,3910 1155,3910 1224,3911 1293,3911 1363,3912 1432,3912 1501,3913 1571,3913 1640,3914 1709,3914 1779,3914"/>
                <TextEquiv>
                    <Unicode>Schulung schauspielerisch heute schon sind. Man ist mißtrauisch.</Unicode>
                </TextEquiv>
            </TextLine>
            <TextLine id="r1l159" custom="readingOrder {index:158;}">
                <Coords points="1808,3921 3160,3961 3208,3946 3209,3879 1808,3867"/>
                <Baseline points="1819,3915 1887,3914 1956,3915 2025,3915 2094,3916 2163,3917 2231,3918 2300,3919 2369,3920 2438,3921 2507,3923 2575,3924 2644,3925 2713,3927 2782,3928 2851,3928 2919,3929 2988,3930 3057,3930 3126,3930 3195,3930"/>
                <TextEquiv>
                    <Unicode>Koffern, ohne die eine elegante Frau den Ruj der Eleganz beutzu¬</Unicode>
                </TextEquiv>
            </TextLine>
            <TextLine id="r1l160" custom="readingOrder {index:159;}">
                <Coords points="374,3989 2275,3992 2390,3925 375,3904"/>
                <Baseline points="387,3968 486,3966 585,3965 685,3964 784,3964 884,3964 983,3964 1083,3964 1182,3965 1282,3966 1381,3967 1480,3968 1580,3969 1679,3970 1779,3970 1878,3971 1978,3971 2077,3971 2177,3971 2276,3970 2376,3969"/>
                <TextEquiv>
                    <Unicode>Mißtrauisch gegen die Schauspielerin, daß sie schön sein und ##tage nicht belaupten kann.</Unicode>
                </TextEquiv>
            </TextLine>
            <TextLine id="r1l161" custom="readingOrder {index:160;}">
                <Coords points="2909,4009 2928,4011 2951,4005 2956,4010 2966,4008 2978,4022 2985,4020 2994,4030 3010,4026 3032,4033 3038,3946 3010,3944 2979,3964 2969,3964 2960,3955 2940,3959 2928,3951 2913,3950"/>
                <Baseline points="2922,3995 2955,3998 2988,4000 3021,4002"/>
                <TextEquiv>
                    <Unicode>GE</Unicode>
                </TextEquiv>
            </TextLine>
            <TextEquiv>
                <Unicode>etwas können sollte, und noch mißtrauischer gegen das eigene
was ja alles wieder bedenklich zugenommen hatte. Trotzdem
Urteil, daß es von äußeren Vorzügen schmeichelnd umstrickt und
hätte er sich gewiß eine Zeit lang erhalten, dank einer vom
so über den inneren Wert getäuscht werde. Zu der Furcht, sich im
Dichter vorzüglich gesehenen, von Herrn Pallenberg vorzüglich ge¬
Urteil durch das Aeußere wirklich beeinflußen zu lassen, mag aber
spielten Gestalt, hätte nicht das geradezu pöbelhafte, gewissenlose,
nun bei der Kritik noch die Besorgnis treien, man könnte, falls sie das
gehässige und brutale Benehmen eines Teiles des Publikums
Talent eines schönen Mädchens lobe, annehmen, daß dem Kritiker
gegen diesen hochbegabten Darsteller der Direktion den will¬
derarliges widerfahren sei, auch wenn das nicht der Fall ist; so
kommenen Anlaß gegeben, statt eines umstrittenen Stückes lieber
daß hier einmal gewinnende Erscheinung der vollen Anerkennung
eines mit feststehendem Kassenerfolge zu geben, Pallenberg aber
hindernd im Wege steht, der ja der Künstler zu seiner Entwicklung
in die Welt des ja heute so beliebten, allen vernünftigen, geschmack¬
so dringend bedarf. Als zweifelloser Gewinn für das Theater er¬
vollen Leuten allerdings ganz unerträglichen Operettenstiefels
wiesen sich auch die Engagements der Herren Balajthy, Straßni und
zurückgeekelt. Freilich, die Direktion konnte unter sothanen Um¬
Arndt, und im „Jungen Medardus“ und in Keims „Spinnerin
ständen kaum anders, war doch zu den zwei großen Erfolgen der
am Kreuz“ konnte Herr Korff zeigen, wie vorzüglich ihm Gestalten
Saison inzwischen noch ein dritter getreten, Franz Molnars
von der Art Wachshubers und Hochhausers liegen.
„Gardeoffizier“
Die Versuche, Herrn Gerasch tragende Rollen aufzulegen,
Ein besonderes Verdienst erwarb sich das Volkstheater
sollten nun doch wohl ihr Ende finden, wie auch bei einigen
durch die Arbeit und Pflege, die es den volkstümlichen Klassiker¬
anderen Mitgliedern, denen ja gewiß jedermann aufrichtig die Ver¬
vorstellungen zuwandte. Besonders da ja im Burgtheater die
sorgung durch das Hofärar gönnt, nicht eine noch viel schwerere
Sonntagsnachmittagsvorstellungen verschwunden bleiben und die
Belastung dadurch geschaffen werden dürfte, daß man sie, weil sie
Klassiker doch nicht in dem Maße an den Abenden gegeben werden,
engagiert sind, nun auch in wichtigen Rollen hinausstellt. Das ist
wie man sie früher spielte. Unter dem, was das Volkstheater
ja beim Theater das Gefährliche, daß ein Zugeständnis in einer
heuer in dieser Richtung neu oder neu einstudiert bot, sind be¬
Richtung immer Zugeständnisse in anderen Richtungen nach sich
sonders zu nennen: Schillers „Wallenstein“, Shakespeares „Othello“,
zieht.
Max Burckhard.
Ibsens „Volksfeind“ und einige Stücke von — Nestroy.
Auch im Hofburgtheater gewann die Führung ein Oester¬
räicher. In dem „Jungen Medardus“ schuf Schnitzler nicht nur den
Allerlei.
Erfolg der Saison, sondern auch eine neue Kunstform, eine glück¬
liche Verbindung der stofflichen Ausgestaltung nach Muster des
Zur Reisesaison.
historischen Romans mit seiner reichen Fülle einerseits und der
müeren Geschlossenheit des Dramas auf der andern Seite; zugleich
Die Kofferfrage.
über auch ein kühnes dramatisches Wagnis, die Einschaltung einer
Nur wenige Tage noch — und es hebt, mit Beginn der Ferien,
köstlichen Komödienszene zwischen zwei erschütternde Tragödien.
wieder die Massenflucht der srischer Luft und freier Bewegung be¬
Im übrigen stand die Saison insoferne unter dem Zeichen des
dürstigen Städter ins Weite an. Bei den Vorbereitungen für die so
Künstlers, unter dessen Stern sie ja auch gestanden hatte, bevor
lang herbeigesehnte und, ach, so kurze Zeit der Sommerfrische spielt die
er uns in so schrecklicher Weise entrissen wurde, als dessen Saul¬
Kofferfrage nicht die unwichtigste Rolle. Sie ist, wie so viele Fragen,
fragment und seine Uebersetzung von „Figaros Hochzeit“ die
im letzten Grunde nur eine Geldfrage. Und für eine elegante Frau ist
heurige Saison fast einschlossen.
sie deshalb von vornherein gelöst. Denn was eine elegante Frau
Was sonst gegeben wurde, schien mehr wie eine Lese des
braucht — das muß sie eben haben! Vergleicht man die schwerfälligen
Zufalles als eine Auswahl nach erkennbarem Plane. Das
Kofferungetüme unserer Großmütter mit den Damenkofsern von heute,
Schlimmste war wohl Blumenthals trauriges „Lustspiel“ „Die drei
so ist auch auf diesem Gebiete des menschlichen Komforts ein ganz ge¬
Grazien“ dann aber ist gleich zu nennen Fuldas so gar nicht
waltiger Fortschritt unverkennbar. Die moderne Frau weiß nichts mehr
sehenswertes „Schauspiel“ „Herr und Diener“, in dem der Direktor
von dem Aerger über zerknitterte Kleider, eingedrückte Hüte und durch¬
mit geschicktem Kunstgriff wohl nur dadurch den Abend rettete,
einandergeworsene Wäsche. Ihre Koffer sind eigentlich gar keine Koffer
an
daß er die Rolle des ganz einfältigen „Dieners“ von dem klugen
mehr, es sind sinnreich eingerichtete Schränke und Truhen, in denen
Heine, die des ganz unerträglich verschrobenen und brutal=unge¬
jedes Stück genau so gut aufgehoben ist wie zu Hause, und die im
rechten Königs aber von dem gutmütigen, liebenswürdigen
Gasthof ihres Inhaltes überhaupt nicht entleert werden. Da ist zu¬
Reimers spielen ließ. Nicht auf viel höherem künstlerischen Niveau
nächst der Kleidertoffer, in dem die Kleider in ihrer ganzen Länge und
stand das von Edelmut triesende englische Schau= und Rührspiel
Breite an Bügeln über einer Stange hängen. Im Ruhezustand, sozu¬
„Dorothys Rettung“ dessen Erfolg aber das neugewonnene Mit¬
sagen, ist der Koffer aufgerichtel, der Deckel öffnet sich wie eine Tün
glied Fräulein Marberg und der nun erst entdeckte Herr Paulsen
und das am weilesten hinten hängende Kleid läßt sich, samt dem
mit seiner überzeugenden Einsachheit und Schlichtheit sicherten.
Bügel ebenso leicht herausnehmen wie das vorderste. In der Tür und
Bedeutend besser, als Stück betrachtet, war schon Esmanns Lun¬
im Deckel sind Klappen und Fächer für Wäsche, Stiefel und allerhand
spiel Vater und Sohn“, und das größte Interesse nächst
Kleinigkeiten angebracht. Solch ein Kofferschrank bietet für =i Dutzend
Schnitzler, Beaumarchais und Kainz erweckte wohl Stucken mit
Kleider reichlich Platz. Die Nebensächer sind allerdings ein wenig eng,
seinem Drama „Lanval“. Als sehr dankenswert muß jedenfalls der
bemessen. Und darum hat die elegante Frau einen eigenen Wäsche¬
Versuch der Wiederaufnahme von Hebbels „Herodes und Mariamne“
kosfer, aber keinen mit Einsätzen, die nur mit einem Aufwand turne¬
begrüßt werden, mag sich auch nicht jedermann für dieses Ver¬
rischer Geschicklichkeit herausgehoben werden können, sondern einen mit
standesstück mit seinem an die „Familie Sehroffenstein“ gemah¬
Schubfächern, also eine Kofferkommode. Blusen sind zwar angeblich
nenden Parallelismus zu erwärmen vermögen.
etwas aus der Mode, aber zum Tennis, zum Bergsteigen und zur
Günstiger als mit dem Gewinn an Stücken, die eine wirk¬
Siesta am Strande doch noch unersetzbar. Für sie ist der Blusenkoffer,
liche Bereicherung des Repertoires bedeuteten, scheint es mit dem
eine kleinere Ausgabe des Kleiderkossers, bestimmt. Der Hutkoffer ge¬
Gewinn zu stehen, den das Burgtheater durch Engagement neuer
hörte einst — wohin seid ihr entschwunden, ihr schönen Tage!
Mitglieder und durch wirksame Förderung schon vorhandener
zum Handgepäck und zeichstete sich durch seine bescheidenen Dimen¬
Kräfte erzielte, wobei natürlich bei einer Bilanzierung der schreck¬
sionen aus. Jetzt, im Zeichen der Riesenhüte, ist er ein richtiger, aus¬
liche Verlust, den das Theater und mit ihm Wien durch den Hin¬
gewachsener Koffer, ja es gibt Hutkosser, die dem Kkleiderkoffer an
gang von Kainz erlitten hat, gar nicht in Auschlag gesetzt werden
Größe nicht viel nachgeben. Der Stiefelkosser hat Raum für mindestens
dürfte. Fräulein Marbergs und Herrn Paulsens ist schon gedacht
zwei Dutzend Fußbekleidungen, die in einzelnen Abteilungen, zu zwei
worden. Als ein großer Gewinn, eine hoffnungsreiche Erwartung,
und zwei Paaren, verpackt werden, und in den Schirmkoffer werden
erwies sich ebenfalls Fräulein Wohlgemuth und sie wurde
die Regen= und Sonnenschirme, En-tout-cas und Spazierstöcke flach
auch dem Publikum recht bald in richtiger Beschäftigung vor¬
hineingelegt, um mit Riemen festgeschnallt zu werden. Eine elegante
geführt, was wohl das Wichtigste ist für die Entwicklung jedes
Frau hat nicht viel Handgepäck, womöglich nur eine, ziemsich ge¬
Kunstlers und des Instituts, an dem er wirken soll. Weiche,
räumige Reisetasche aus feinstem Leder, die alles enthält, was nötig
schmiegsame, hingebende Gestalten wären wohl kaum Fräulein
ist, wenn man nicht nur den Tag, sondern auch die Nacht auf der
Wohlgemuths Sache, desto mehr liegen ihr aber Hoheit und Stolz
Bahn verbringt, besonders ein vollständiges, kostbares Necefsaire, wie
und jene Leidenschaft, die nicht nur heiß, sondern auch erbarmungs¬
es zu Hause den Toilettentisch ziert. Und dann ist das Hunde¬
los sein kann. In einer Hinsicht erinnert, nicht ihre Art, aber die
köfferchen für den Schoßhund nicht zu vergasen. Was dem heiß¬
Art, wie man sie beurteilt, etwas an das tragikomische Schicksal
geliebten „Pussi“ zur Nahrung und zum Schlafe dient, ist darin, sein
Fräulein Reinaus am Deutschen Volkstheater. Beide interessieren
Näpschen und sein Bettchen. Die eine Seite ist, wie ein kleiner Käfig,
schon auf den ersten „Blick“, nur sieht und bespricht man immer
nach außen vergittert und ein Segeltuch umhüllt die transportable
mehr, wie sie aussehen, als was sie trotz noch fehlender
Hundehütte. — Es ist, wie man sieht, eine ganze stattliche Anzahl von
Schulung schauspielerisch heute schon sind. Man ist mißtrauisch.
Koffern, ohne die eine elegante Frau den Ruj der Eleganz beutzu¬
Mißtrauisch gegen die Schauspielerin, daß sie schön sein und ##tage nicht belaupten kann.
GE</Unicode>
            </TextEquiv>
        </TextRegion>
    </Page>
</PcGts>
