3344 4256
1531 139 2004 232 box 26/5
223 127 1403 259 22. Denjunge-Medandus
2946 979 3331 1067 Die Verhandlung
3213 1093 3313 1186 S
2954 1166 3335 1254 Statistik der
2950 1221 3331 1297 Die englische Fla
2876 1258 3332 1338 Meeting zu Manchesse
2861 1302 3338 1376 Wootkon hat seinen
1851 1385 1989 1457 a
314 1378 702 1443 Kali —
2881 1408 3333 1457 neben die Tatenhoffnun
511 1434 609 1502 G
1573 1423 2890 1483 vorschoß, um sich tobte, gegen dieses rannte, um jenes warb, den Sinn
2888 1443 3328 1515 Diese Volksszenen sind
2881 1487 3325 1556 ihrem Zorn, ihrer Lieb
592 1494 2895 1586 Der neue Schnitzler.#md Ganzen zu verlieren begann, sich verspritzte, sich vertat, sich ver¬
333 1490 614 1582 #
1599 1500 2883 1588 pfuschte, bis aus dem schönen Jüngling ein armer Naer geworden war,
2885 1516 3336 1598 gelungen ist. In einer
1599 1543 2894 1630 der sein Leben eitel, dumm und erschöpft fallen ließ. Das ist der junge
377 1561 1616 1648 „Der junge Medardus“. Historische Tragöbie
2897 1574 3330 1636 oberflächlich“ und — wi
1601 1581 2894 1678 Medardus, die Tragödie aller Jugend. Das Leben arheitet nur kleiner,
2891 1606 3343 1677 immer spaßend oder sch
295 1603 1604 1684 in 5 Aufzügen und einem Vorspiel. Uraufführung am
1590 1629 2900 1710 nur winziger, als es die Dichter tun, aber es arbeitet ebenso, es macht
2890 1669 3329 1719 Belagerung ein Schaust
303 1649 1605 1739 Wiener Burgtheater, den 24. November (die Buchausgabe er¬
1609 1663 2907 1770 aus dem Studenten mit der bunten Mütze, der nur irgend etwas unter¬
2891 1703 3331 1767 heute in Aspern, um de
303 1699 963 1802 schien bei S. Fischer, Berlin).
1600 1722 2891 1810 nchmen will, einen Postbeamten, aus dem Leutnant, der von der Grenze
2895 1748 3342 1819 in Schönbrunn, um den
375 1730 1601 1815 Hört man zum ersten Male, daß das neue Drame Schnitzlers mehr
1606 1762 2903 1857 und den Frauen das Leben, den Krieg erwartet, einen Pensionisten. Most
2891 1788 3335 1858 ganz traurig, weil einer
311 1784 1603 1869 als 70 Menschen auf die Bühne stelle, daß es 17 mal den Schauplatz wech¬
1602 1802 2905 1903 wird Wein, sagt man. Aber man verschweigt, daß der Wein sauer ge¬
2890 1821 3342 1908 gleich darauf irgendwoh
302 1827 1612 1918 sele, daß es — bei den größtmöglichen Strichen — fünf Stunden dauere,
1608 1869 2483 1941 worden war, als man ihn zum Trinken bekam.
2904 1881 3341 1941 Und neben Windbeutel
309 1869 1616 1958 so ist man förmlich erschreckt, weil alles das, was wir mit dem Namen
1679 1893 2906 1999 Aber man verwechsle um Gottes willen nicht den jungen Medardus
2904 1923 3345 1985 festigkeit, neben Gesinn
316 1902 1622 1999 Schnitzler verbinden, einzustürzen droht. Man fürchtet, daß einer, den
1619 1948 2899 2033 mit den Jünglingen aus den üblichen Jugendromanen, die uns als
2890 1937 3334 2029 dus ist ein Sohn dieses
305 1955 1615 2054 man lieb gehabt hat um seiner stillen nachdenklichen und ein wenig welt¬
1607 1988 2902 2076 Künstler vorgestellt werden, aber nur Friseure sind und irgendwie tödlich
2900 2012 3321 2071 läppischen Tod gehen.
313 1998 1623 2081 männischen Art, plötzlich als ein anderer hintritt, als ein Tragiker, ein
1612 2033 2907 2121 verunglücken. Nein, das Feinste an diesem Drama ist, daß Schnitzlers
2897 2048 3337 2119 das verstehende Wissen
320 2040 1618 2132 Pathetiker großen Stiles, den wir noch nicht kennen und in den wir uns
1614 2079 2908 2169 junger Medardus nichts als nur jung ist, nur jung. „Junger Held,
2909 2085 3346 2161 mige Ironie seines O
321 2094 1597 2180 erst finden müssen. Und dabei erhofft man das alles ein klein wenig —
1620 2123 2911 2216 junger Tor“ wird einmal zu Medardus gesagt, und ein andermal, „Gott
2895 2123 3357 2205 Tragödie zur Tragödie
314 2127 1624 2215 um des Dichters willen. Aber kommt man in das Drama selbst, läßt
1626 2161 2912 2258 wollte ihn zum Helden schaffen, der Lauf der Dinge macht einen Narren
2908 2186 3338 2253 ihre Jugend kein Ziel
306 2172 1628 2263 sich von seinen Worten einspinnen, so ist man nach drei Sätzen schon von
1622 2193 2909 2295 aus ihm“. Das eine Mal sagt's ein Fremder, das andere Mal ein Freund,
2909 2213 3343 2294 große Aufwand an Pe
313 2214 1626 2304 all dem weg und mitten drin — im Schnitzler, in dem Schnitzler, den
1612 2254 2914 2337 die Augen beider sind nicht scharf genug, kurzsichtig und weitsichtig. Me¬
2902 2265 3357 2334 tiefe Notwendigkeit zu
311 2261 1624 2360 wir alle kennen und lieben, und der hier trotz Rauch, Pulverdampf. Hin¬
1628 2293 2916 2382 dardus ist kein Held, ist kein Tor, eigentlich ist er ganz gewöhnlich, brav,
2913 2304 3335 2383 irgendwie im Wieneris
316 2296 1627 2382 richtung, Mord und Selbstmord geblieben, wie er war — verliebt in die
1620 2337 2917 2430 bürgerlich, hat falsche Gefühle, falsche Worte, ein Durchschnittsmensch,
2904 2362 3352 2428 dem Helden, dem Man
318 2347 1628 2442 Wiener Kleinbürgerlichkeit, in die Liebeleien erster Jugend, elegisch müde
1629 2367 2911 2469 und er würde, lebte er in einer anderen Zeit, nach dem Abschäumen seiner
2906 2399 3339 2473 auch so stirbt, und zu
324 2395 1626 2483 und ergebungsvoll lebensfreudig. Dieser tiefste Ton bei Schnitzler, der
1624 2439 2918 2517 Jugendwogen sicherlich das Geschäft seiner Mutter, einer Buchhändler¬
2912 2441 3360 2510 Plauderern, die die Bl
322 2436 1632 2516 immer wiederkehrt und in dem Doktor seines Dramas „Der Ruf des
1623 2460 2922 2560 witwe, übernehmen und ein gut situierter Buchhändler werden. Er ist
2909 2485 3338 2545 Medardus bleibt auch
329 2474 1632 2564 Lebens“ den schönsten Ausdruck gefunden hat, klingt auch hier auf,
1627 2513 2922 2604 nur jung, nichts als jung und so geschaffen, bestimmt für das Höchste,
2914 2539 3336 2602 det, sondern seinen eig
324 2502 1626 2616 schmerzlich und dennoch nicht niedergebrochen, pantheistisch friedevoll.
1629 2562 2916 2650 wenn diese schäumende Jugendkraft ein Ziel bekäme oder hätte. Daß sie
2912 2575 3359 2647 Tod eines verblendeten
327 2562 1635 2650 Hoffnungsvolle Hoffnungslosigkeit könnte man dies Gefühl nennen, das
1632 2599 2920 2693 es nicht hat, macht eben ihre Gewöhnlichkeit aus. Schnitzler verzichtet
336 2611 1627 2705 für sein armes Ich nichts mehr erwartet, aber vom Leben, von der Na¬
2976 2629 3360 2713 Das ist schön un
1624 2631 2939 2732 als vornehmer Künstler, uns eine Sendung, eine Auserwählung seines
332 2653 1626 2750 tur, vom All alles erwartet — und vielleicht fällt dann auch fürs Ich
2920 2682 3348 2748 „Wie“ — das, was M
1622 2685 2921 2777 Jünglings vorzutäuschen, er läßt ihn nur einen Jüngling sein, und so
329 2719 560 2798 etwas ab.
2921 2728 3356 2796 kommt von außen, nich
1638 2730 2923 2821 erst wird ja „das Ende einer Jugend“ recht sinnfällig. Das andere wäre
406 2723 1636 2832 Der junge Medardus also ist kein Wendepunkt in Schnitzlers Schaf¬
2925 2777 3328 2837 eine große Tat tun, d
1634 2779 2924 2872 ja höchstens das Ende eines Träumers, eines Phantasten und nicht das,
338 2784 1632 2876 fen, keiner jener gefährlichen Wendepunkte, wo dem Dichter der große
2919 2806 3359 2883 aber einer Emigrantin
1639 2842 2364 2923 was uns Schnitzler erleben lassen will.
331 2836 1632 2917 Beifall der Menge vorerst versagt wird, weil sie ihn einen neuen unge¬
2925 2854 3357 2932 gißt seine Tat, wird ein
1691 2847 2927 2961 Es ist seine zweite Meistertat, diesen Wiener Jüngling in das Kriegs¬
337 2867 1643 2969 wohnten Weg gehen sieht. Der junge Medardus erschließt nicht neue
2923 2896 3360 2967 Franzosen füsiliert wir
342 2898 1650 3002 Perspektiven in die Seele Schnitzlers, von ihm ab wird man später kaum
1638 2916 2925 3008 jor 1809 zu stellen, wo eine wunderbare tatengroße Zeit für Oesterreich
2920 2945 3360 3016 seines Vaterlandes (den
341 2956 1642 3043 eine Epoche in seinem Wirken datieren können. Er ist kein Wendepunkt,
1635 2952 2930 3053 hei aufzuziehen scheint, alles in Bewegung und im Schaffen ist, aber dann
2917 2985 3361 3057 Valois. Wieder konn
346 3003 1637 3088 doch wohl ein Höhepunkt. Und darum ist ja gleich das erstemal der
1632 3004 2931 3089 von der Enge erdrückt wird, im Sande kläglich versickert. Der Taten¬
2920 3019 3361 3104 Helene von Valois, se
335 3050 1522 3136 große Beifall der Menge auf ihn herabgedonnert und herabgerast.
1644 3047 2935 3138 durst wird kriegsgefangen, kriegsgehangen und die Schicksalshoffnungen
2925 3083 3361 3146 auf der Schönbrunnen
427 3064 1651 3186 Was Schnitzler beim ersten Erleben dieses Stoffes gesehen haben
1640 3093 2939 3183 Oesterreichs werden zur tiefsten Schmach Oesterreichs. Dieser wilde Hin¬
2927 3126 3357 3190 jetzt die Ränke der Er
341 3134 1644 3211 mag, als das Chaos der Bilder, Worte und Klänge och ungebändigt in
1648 3131 2935 3225 tergrund, wo ein Sturm die Jugend zusammenzublasen, ihr als Feldherr
2924 3163 3342 3224 mit dem Glauben an s##
349 3182 1655 3271 ihm tobte, muß wunderschön gewesen sein, muß so schön gewesen sein,
1638 3185 2940 3262 das Ziel zu weisen scheint, aber von einem kleinen Wäldchen schon zer¬
2919 3206 3360 3282 der mit seiner Kraft un
342 3221 1655 3323 wie es nur erste Dichterträume sind. Er sah da einen Jüngling, geladen
1636 3220 2935 3307 sprengt und zerfetzt wird, dieser Hintergrund zeichnet dem Schicksal eines
2930 3255 3350 3322 frage: War sie wirk
350 3265 1660 3348 mit allen Energien eines Zwanzigjährigen, willens, die Welt aus ihren
1651 3268 2935 3361 jungen Medardus doppelt scharfe Konturen. Ueberall kreisen die Berge,
2932 3293 3354 3363 exotische Herkunft und
359 3319 1650 3396 Angeln zu heben und sie auf seinen starken Schultern für eine Weile zu
1645 3310 2746 3406 überall wird eine kleine Maus geboren — in ganz Oesterreich.
353 3355 1657 3445 tragen. Den sah er, und dann sah er, wie all diese angesammelte ange¬
346 3336 3357 3516 spannte Kraft, um sich nur irgendwie zu entladen, blind und sinnlos her= Und es ist Schnitzlers dritte Meistertat, rings um Medardus und entwurzeln? Die Er
