3344 4096
1599 9 2660 109 e
568 9 1591 126 Mseenasche danmn nmeh, als Leiene dem Maraue¬
1605 76 2646 173 läßt, er wolle auch fürder nicht absteyen, nach seinem
556 83 1616 164 von Valois sich antrauen ließ, ohne ihm jedoch anzu¬
1601 114 1983 176 Leben zu trachten.
555 133 1609 208 gehören, da er unmittelbar darauf mit einer geheimen
1645 168 2650 237 Das Burgtheater setzt sich mit voller Macht für
554 163 1592 236 antinapoleonischen Sendung auf Schleichwegen zu den
1593 198 2656 299 das trotz aller Einwendungen interessante Werk ein.
558 210 1590 284 Getreuen des Herzogs von Valois nach Frankreich
1602 238 2641 317 Es sorgt nicht allein für das erforderliche Massen¬
549 228 1592 326 verreisen mußte. Wohl stürzt der wahnwitzige Me¬
1594 290 2652 352 aufgebot an Darstellern (Baumeister, den Patriarchen
547 288 1591 376 dardus mitten in den Familienrat der Valois hinein,
1592 323 2648 418 des Theaters, ausgenommen, sind sämtliche Mit¬
547 326 1596 412 um seine Absicht zu verwirklichen, die Prinzessin zu
1594 366 2636 442 glieder dieser Bühne, an siebzig Personen, in
548 369 2637 484 demütigen. Doch der hohe Sinn der Prinzessin „Medardus“ beschäftigt!), sondern auch für eine stil¬
539 408 2641 521 schüchtert ihn ein, und er muß unverrichteter Dingelechte, das Biedermeiermilien ganz unvergleichlich an¬
548 455 761 516 abziehen.
1576 477 2640 567 heimelnd wiedergebende dekorative Illustrierung der
613 495 1600 567 Inzwischen drängen die Ereignisse in Wien, erhöht
1588 526 2655 605 siebzehn Mal wechselnden Schauplätze. Der Regie ist
544 519 2642 620 sich das Fieber und die Unruhe, die Pein der Be= eine Aufgabe gestellt, wie sie in diesem Umfange noch
542 580 1593 657 völkerung, die von Nachrichten vom Kriegsschauplatze
1598 611 2635 697 selten zu bewältigen war, und sowohl der unermüd¬
537 614 1591 698 abgeschnitten ist und nur auf Umwegen zweifelhafte
1593 656 2631 735 liche Regisseur Hugo Thimig wie der geheime
540 651 1575 740 Berichte empfängt. Die belagerte Stadt mit all dem
1591 697 2632 770 Inspirator der Regie, Baron Berger, haben
533 695 1574 785 Wirrwarr, mit all der Sorge, Hoffnungsseligkeit auf
1585 736 2636 811 überaus Anerkennenswertes geleistet. Lohnende dar¬
539 738 1577 815 auf der einen und Verzweiflung auf der anderen
1586 777 2634 834 stellerische Aufgaben gibt es überhaupt nur drei.
539 777 1588 877 Seite wird in buntbewegten Bildern geschildert.
1588 818 2632 885 Die Darstellerm der Prinzessin Helene, Fräulein
527 824 1581 909 Ueberall und überall zeigt sich der Schatten Napoleons,
1578 852 2630 953 Wohlgemuth, überraschte durch die innere Hoheit, durch
523 861 1600 948 erscheinen die Vorzeichen der großen Ereignisse, welche
1585 899 2631 984 den vornehmen Ausdruck ihrer Empfindungen und die
531 898 1586 987 dem Frieden von Schönbrunn, den Oktobertagen
1576 938 2622 1016 noble Haltung. Dem Medardurs leiht Herr
520 961 1575 1016 des Jahres 1809 vorangingen. Die Wiener Sturm¬
1583 982 2631 1041 Gerasch das aufbrausende Wesen, das pochende
519 984 1578 1067 und Drangperiode mit den Barrikaden, mit dem Ge¬
1576 1017 2349 1093 Herz, alle Energie und Entschlossenheit
517 1027 1567 1104 tümmel in den Straßen, mit der dumpfen Gährung
2401 1039 2620 1100 und doch
1580 1066 2623 1145 wird er mit seiner sich förmlich im Kreise herum¬
525 1059 1571 1144 der Massen erscheint förmlich plastisch. Eine Insel
1572 1108 2618 1179 bewegenden Rolle schließlich etwas monoton. Frau
522 1105 1567 1186 in dem aufgepeitschten Meere bildet das Haus des
1575 1145 2627 1221 Medelsky war eine holdselig=traurige Agathe, Frau
529 1144 1572 1236 Herzogs von Valois, einen Ruhepunkt. Der Herzog
1566 1185 2612 1268 [Römpler=Bleibtren eine schmerzbewegte, kraft¬
529 1185 1567 1274 ist blind und merkt auch nicht, was um ihn herum
1582 1231 2616 1300 voll=entschlossene Mutter. Herr Hartmann war als
526 1232 1567 1313 vorgeht, schürt die Verschwörung gegen Napoleon und
1577 1270 2604 1340 blinder Herzog so recht die Prachtfigur eines französi¬
516 1275 1567 1346 ist noch immer erfüllt von der Hoffnung, daß ihm die
1576 1312 2609 1402 schen Edelmanns. Herr Arndt war rührend in der
518 1317 1570 1395 Krone aufs Haupt gesetzt würde. Einige seiner Ge¬
1577 1352 2247 1412 Rolle eines gramgebeugten Arztes.
2410 1372 2569 1424 S. L.
525 1355 1574 1440 treuen fallen ab, so sein Leibarzt, doch Helene hält
1612 1394 2611 1468 Ueber die Aufnahme, welche das Werk bei seiner
521 1387 1562 1481 das Panier in festen Händen. Da erscheint Napoleon
1575 1437 2613 1510 gestrigen Uraufführung im Burgtheater gefunden hat,
517 1438 1560 1517 vor den Toren Wiens, besetzt Schönbrunn und ent¬
1566 1479 2625 1553 berichtet uns eine Depesche unseres Korrespondenten:
518 1473 1569 1566 bietet dem Herzog und ganz besonders der Prinzessin,
1559 1512 2613 1577 Schnitzlers „Medardus“ interessierte. Die Aufnahme
508 1531 1555 1594 nunmebrigen Helene von Valois, seinen Gruß. Er
1564 1562 2618 1655 war sehr freundlich. Schnitzler wurde wiederholt,
514 1553 1557 1634 lädt sie zur großen Cour in das Lustschloß des
508 1592 864 1664 Kaisers Franz.
1557 1614 2458 1674 gerufen, im zweiten Teil ließ der Erfolg nach.
882 1617 1566 1681 Sie wird des Franzosenkaisers
507 1636 1555 1721 Geliebte — die Handlung läßt lange in Zweifel, ob um
514 1675 1566 1759 die volle Repatriierung der Valois zu erlangen oder um
505 1729 1567 1807 aus einer Zärtlichkeit eine tötliche Umarmung zu
510 1764 1541 1845 machen. Medardus erfährt von dem vertrauten Ver¬
505 1797 1554 1891 hältnis zu Napoleon und sticht den für den Korsen
506 1850 1539 1923 bestimmten Dolch Helenen in die Brust, just als sie
509 1892 1545 1967 über die große Freitreppe des Schönbrunner Schlosses
509 1939 1573 2021 zu dem Ujurpator sich begeben will. Medardus wird
502 1973 1568 2048 verhaftet, fieht gefaßt seinem Tode entgegen, doch
500 2010 1565 2112 plötzlich erscheint General Rapp, der Abjutant des
505 2061 1569 2134 Franzosenkaisers, um ihm seine Befreiung und den
504 2093 1569 2180 Dank Napoleons dafür zu melden, daß er ihn vom
491 2136 1553 2237 sicheren Tode gerettet habe, da erwiesenermaßen
492 2174 1562 2267 Helene von Valois nach seinem Leben getrachtet hat.
498 2221 1550 2309 Medardus aber verzichtet auf die Freiheit und bekennt,
494 2258 1554 2337 daß er selbst die Ermordung Napoleons beabsichtigt
492 2298 1560 2392 hatte, und verweigert auch das Bersprechen, niemals
491 2341 1551 2430 wieder einen ähnlichen Gedanken zu fassen. (!!)
485 2376 1552 2464 Nun entscheidet rasch, kurzerhand der Franzosenkaiser,
489 2421 1553 2505 der in Schönbrunn residiert, daß Medardus füsiliert
488 2456 1554 2532 werde, befiehlt aber, daß er mit allen Ehren begraben
489 2503 1553 2594 werde, „als der letzte und seltsamste Held dieses
480 2544 698 2601 Krieges“.
539 2587 1549 2661 Die hier erzählten Vorgänge bilden nur sozusagen
471 2610 1541 2707 einen Extrakt der Handlung. Es ist ja ein über¬
476 2665 1540 2764 quellender, gigantischer Stoff, welchen sich Schnitzler
485 2711 1534 2801 zurechtgelegt hat, ein Stoff, der in seiner Ueberfülle
474 2745 1545 2832 der Oekonowie des Dramas spottet. Eine Fülle von
482 2791 1541 2873 rührenden Details ist gleich Frühlingsblüten in das
481 2838 1540 2919 düstere Werk hineingestreut. So zählt zu dem
483 2875 1526 2953 Anmutigsten, was Schnitzler geschaffen, die liebe,
463 2920 1534 2981 sympathische, herzbewegende Figur der verzichtenden
478 2956 1537 3023 Anna, die förmlich im Schatten des Medardus steht.
470 2981 1524 3066 Von bezwingender Eigenart ist der neunzigjährige
472 3035 1533 3117 Ururgroßvater, der alles um sich her sterben sieht, schon
464 3079 1528 3171 halb schwachsinmg ist, und dem mit der Zeit alles
469 3120 1522 3202 gleichgültig ist! Welche prächtige, kernfeste Figur,
470 3162 1534 3249 der Sattlermeister Eschenbacher, einer der historischen
468 3194 1518 3280 Märiyrer aus den Napoleontagen Wiens, der, weil er
468 3255 1521 3319 zwei Landkarten versteckte, zum Tode verurteilt wurde.
468 3285 1513 3359 Roman und Drama reichen sich in dieser Historie die
470 3324 1519 3414 Hände, nur daß die Romanhand die ungleich stärkere
465 3357 1513 3448 ist, so daß sie fast die andere zerdrückt... Nament¬
454 3398 1510 3485 lich das eigenartige Verhältnis Medardus=Helene ent¬
452 3434 1519 3526 behrt der Motivierung und des kräftigen dramatischen
458 3475 1517 3566 Pulsschlages. Wie denn überhaupt der sehr passive
456 3534 1513 3614 Held etwas im Halbdunkel steht und sich durch seine
454 3568 1510 3649 schwankende, mitunter rätselhafte Haltung die ihm
452 3625 1501 3683 anfangs zuströmenden Sympathien verscherzt. Der
454 3649 991 3727 Tollkopf, der ausgeht,
1005 3668 1411 3731 um die Stolze
447 3693 989 3768 züchtigen, der Schande
978 3707 1400 3771 preiszugeben und
458 3734 1496 3821 dann in ihre Netze verstrickt, seine kühne
448 3769 1498 3857 Idee zu Boden wirst, weil er in Liebesbanden
451 3813 1519 3898 schmachtet, dann wieder aus Empörung darüber, daß
450 3867 1496 3937 Helene ihn zum Mörder an Napoleon dingen!
451 3895 586 3945 will. —
733 3892 1502 3996 All das ist so unklar und unwahr¬
449 3933 1507 4035 scheinlich, daß man über die Psyche der einen wie der
