<?xml version="1.0" encoding="UTF-8" standalone="yes"?>
<PcGts xmlns="http://schema.primaresearch.org/PAGE/gts/pagecontent/2013-07-15" xmlns:xsi="http://www.w3.org/2001/XMLSchema-instance" xsi:schemaLocation="http://schema.primaresearch.org/PAGE/gts/pagecontent/2013-07-15 http://schema.primaresearch.org/PAGE/gts/pagecontent/2013-07-15/pagecontent.xsd">
    <Metadata>
        <Creator>prov=University of Rostock/Institute of Mathematics/CITlab/Gundram Leifert/gundram.leifert@uni-rostock.de:name=ONB_Newseye_GT_M1+(htr_id=10810)::::v=2.4.2
prov=University of Rostock/Institute of Mathematics/CITlab/Tobias Gruening/tobias.gruening@uni-rostock.de:name=de.uros.citlab.module.baseline2polygon.B2PSeamMultiOriented:v=2.4.2
prov=University of Rostock/Institute of Mathematics/CITlab/Tobias Gruening/tobias.gruening@uni-rostock.de:name=/mnt/transkribus/LA/DEA/URO/LA_news_onb_att.pb:de.uros.citlab.segmentation.CITlab_LA_ML:v=2.4.2
Transkribus</Creator>
        <Created>2019-10-07T11:17:25.832+02:00</Created>
        <LastChange>2019-10-08T03:35:39.671+02:00</LastChange>
        <TranskribusMetadata docId="223966" pageId="9498271" pageNr="441" tsid="16500140" status="IN_PROGRESS" userId="40391" imgUrl="https://files.transkribus.eu/Get?id=UWFCNTMXAJURCNLOYCMRACRL&amp;fileType=view" xmlUrl="https://files.transkribus.eu/Get?id=SOGXRQAVHRMCZOIJMKVWEBZE" imageId="6188497"/>
    </Metadata>
    <Page imageFilename="223966_0441.jpeg" imageWidth="3392" imageHeight="4352">
        <ReadingOrder>
            <OrderedGroup id="ro_1711440805277" caption="Regions reading order">
                <RegionRefIndexed index="0" regionRef="r1"/>
            </OrderedGroup>
        </ReadingOrder>
        <TextRegion orientation="0.0" id="r1" custom="readingOrder {index:0;}">
            <Coords points="204,322 204,3004 2378,3004 2378,322"/>
            <TextLine id="r1l1" custom="readingOrder {index:0;}">
                <Coords points="1511,348 1595,366 1638,353 1673,368 1702,347 1742,349 1769,373 1830,353 1935,366 1935,294 1921,291 1867,290 1848,305 1755,290 1709,328 1682,304 1626,314 1559,281 1511,283"/>
                <Baseline points="1519,351 1544,349 1570,348 1595,348 1621,348 1646,348 1672,349 1697,350 1723,351 1748,351 1774,352 1799,352 1825,352 1850,351 1876,350 1901,348 1927,345"/>
                <TextEquiv>
                    <Unicode>box 27/1</Unicode>
                </TextEquiv>
            </TextLine>
            <TextLine id="r1l2" custom="readingOrder {index:1;}">
                <Coords points="195,347 547,394 1369,377 1325,312 1206,290 896,326 658,295 597,331 440,292 395,333 196,299"/>
                <Baseline points="204,345 261,350 319,355 377,359 435,362 493,364 551,366 608,367 666,368 724,368 782,368 840,368 898,367 956,367 1013,367 1071,366 1129,366 1187,366 1245,367 1303,368 1361,369"/>
                <TextEquiv>
                    <Unicode>22. Derjunge Medandus</Unicode>
                </TextEquiv>
            </TextLine>
            <TextLine id="r1l3" custom="readingOrder {index:2;}">
                <Coords points="1882,1662 1955,1695 1988,1684 2077,1698 2172,1683 2237,1698 2238,1622 2201,1609 2179,1618 2113,1606 2088,1630 2021,1618 1997,1629 1919,1620 1882,1634"/>
                <Baseline points="1890,1662 1916,1663 1942,1663 1968,1664 1994,1664 2020,1664 2046,1664 2073,1665 2099,1665 2125,1665 2151,1666 2177,1666 2203,1666 2230,1667"/>
                <TextEquiv>
                    <Unicode>Telephen fase1.</Unicode>
                </TextEquiv>
            </TextLine>
            <TextLine id="r1l4" custom="readingOrder {index:3;}">
                <Coords points="1351,1852 1982,1834 1991,1760 1957,1779 1914,1754 1802,1812 1721,1757 1660,1802 1597,1760 1525,1788 1467,1769 1350,1819"/>
                <Baseline points="1359,1840 1390,1837 1421,1833 1452,1831 1483,1829 1515,1828 1546,1827 1577,1826 1608,1826 1639,1826 1671,1826 1702,1826 1733,1826 1764,1826 1795,1826 1827,1826 1858,1825 1889,1824 1920,1824 1951,1822 1983,1820"/>
                <TextEquiv>
                    <Unicode>„ODSERTER</Unicode>
                </TextEquiv>
            </TextLine>
            <TextLine id="r1l5" custom="readingOrder {index:4;}">
                <Coords points="1139,1912 2247,1892 2215,1834 1138,1862"/>
                <Baseline points="1146,1904 1200,1902 1255,1899 1309,1897 1364,1895 1419,1894 1473,1893 1528,1892 1583,1892 1637,1891 1692,1890 1747,1889 1801,1889 1856,1888 1911,1887 1965,1886 2020,1885 2075,1882 2129,1881 2184,1878 2239,1875"/>
                <TextEquiv>
                    <Unicode>I. Ooterr. bebördl. koaz. Unternehmen für Zeitunge-Ausestendete</Unicode>
                </TextEquiv>
            </TextLine>
            <TextLine id="r1l6" custom="readingOrder {index:5;}">
                <Coords points="1336,1965 1845,1967 1922,1945 2020,1969 2072,1949 2072,1915 2016,1891 1986,1913 1815,1892 1335,1906"/>
                <Baseline points="1344,1953 1380,1952 1416,1951 1452,1951 1488,1950 1524,1949 1560,1948 1596,1948 1632,1948 1668,1947 1704,1947 1740,1946 1776,1946 1812,1946 1848,1945 1884,1945 1920,1944 1956,1943 1992,1943 2028,1941 2064,1941"/>
                <TextEquiv>
                    <Unicode>Wien, I., Conoordiaplats 4.</Unicode>
                </TextEquiv>
            </TextLine>
            <TextLine id="r1l7" custom="readingOrder {index:6;}">
                <Coords points="1545,2015 1598,2003 1641,2019 1657,2006 1719,2001 1746,2017 1806,1999 1819,2005 1833,1992 1864,1999 1863,1969 1851,1974 1820,1956 1762,1963 1748,1954 1715,1965 1673,1963 1655,1950 1613,1966 1574,1951 1544,1964"/>
                <Baseline points="1553,1999 1578,1998 1603,1997 1628,1997 1653,1996 1678,1996 1704,1995 1729,1995 1754,1995 1779,1994 1804,1992 1829,1991 1855,1990"/>
                <TextEquiv>
                    <Unicode>Vertretungen</Unicode>
                </TextEquiv>
            </TextLine>
            <TextLine id="r1l8" custom="readingOrder {index:7;}">
                <Coords points="1132,2057 2247,2055 2246,2025 2132,1991 1131,2006"/>
                <Baseline points="1140,2054 1197,2054 1255,2053 1313,2052 1371,2051 1429,2050 1487,2049 1544,2047 1602,2046 1660,2045 1718,2043 1776,2042 1834,2041 1891,2039 1949,2038 2007,2038 2065,2037 2123,2037 2181,2037 2239,2037"/>
                <TextEquiv>
                    <Unicode>in Bertin, Baoei, Budapest, Chicago, Cleveland, Clstslusste,</Unicode>
                </TextEquiv>
            </TextLine>
            <TextLine id="r1l9" custom="readingOrder {index:8;}">
                <Coords points="1150,2100 2218,2088 2245,2056 1149,2073"/>
                <Baseline points="1158,2094 1214,2094 1271,2093 1328,2092 1385,2092 1441,2091 1498,2090 1555,2089 1612,2087 1669,2086 1725,2084 1782,2083 1839,2082 1896,2080 1953,2079 2009,2078 2066,2077 2123,2076 2180,2076 2237,2075"/>
                <TextEquiv>
                    <Unicode>Oent, Kopenhagen, London, Madrid, Malland, Minnespolla,</Unicode>
                </TextEquiv>
            </TextLine>
            <TextLine id="r1l10" custom="readingOrder {index:9;}">
                <Coords points="1141,2149 2248,2116 2147,2080 1140,2104"/>
                <Baseline points="1149,2134 1203,2132 1258,2130 1312,2129 1367,2128 1421,2127 1476,2125 1530,2124 1585,2123 1639,2123 1694,2122 1749,2121 1803,2120 1858,2119 1912,2118 1967,2117 2021,2116 2076,2115 2130,2113 2185,2111 2240,2110"/>
                <TextEquiv>
                    <Unicode>New-Vork, Paris, Rom, San Francioco, Stockholm, B. Peters¬</Unicode>
                </TextEquiv>
            </TextLine>
            <TextLine id="r1l11" custom="readingOrder {index:10;}">
                <Coords points="1545,2169 1646,2178 1677,2160 1718,2175 1789,2164 1810,2175 1859,2157 1859,2138 1833,2129 1819,2138 1796,2124 1732,2133 1676,2126 1656,2145 1637,2126 1544,2135"/>
                <Baseline points="1553,2163 1580,2165 1607,2166 1634,2166 1661,2165 1688,2163 1716,2162 1743,2161 1770,2159 1797,2158 1824,2158 1852,2158"/>
                <TextEquiv>
                    <Unicode>burg, Toronto.</Unicode>
                </TextEquiv>
            </TextLine>
            <TextLine id="r1l12" custom="readingOrder {index:11;}">
                <Coords points="1451,2210 1842,2220 1940,2204 1940,2180 1905,2186 1863,2158 1737,2177 1606,2168 1584,2182 1506,2163 1450,2187"/>
                <Baseline points="1459,2208 1485,2207 1511,2206 1538,2206 1564,2205 1590,2205 1617,2204 1643,2204 1669,2204 1696,2203 1722,2203 1748,2203 1775,2202 1801,2202 1827,2202 1854,2201 1880,2201 1906,2201 1933,2201"/>
                <TextEquiv>
                    <Unicode>(Annbunneguhe aluno Gewün).</Unicode>
                </TextEquiv>
            </TextLine>
            <TextLine id="r1l13" custom="readingOrder {index:12;}">
                <Coords points="1139,2295 1167,2289 1188,2305 1308,2288 1376,2304 1445,2288 1474,2299 1517,2272 1534,2278 1534,2221 1489,2234 1450,2223 1397,2253 1355,2228 1312,2225 1293,2239 1177,2238 1139,2252"/>
                <Baseline points="1147,2284 1172,2283 1197,2281 1223,2281 1248,2280 1273,2280 1299,2280 1324,2280 1349,2281 1375,2281 1400,2281 1425,2281 1451,2281 1476,2281 1501,2281 1527,2280"/>
                <TextEquiv>
                    <Unicode>Aussehmtt aus:</Unicode>
                </TextEquiv>
            </TextLine>
            <TextLine id="r1l14" custom="readingOrder {index:13;}">
                <Coords points="1377,2394 1848,2358 2190,2384 2311,2368 2311,2307 2035,2325 1907,2294 1837,2319 1522,2290 1376,2336"/>
                <Baseline points="1384,2388 1432,2379 1480,2371 1529,2365 1577,2361 1625,2358 1674,2356 1722,2355 1770,2355 1819,2356 1867,2357 1916,2358 1964,2360 2012,2361 2061,2363 2109,2363 2157,2363 2206,2363 2254,2361 2303,2358"/>
                <TextEquiv>
                    <Unicode>191; Algemeine Rundschau, München</Unicode>
                </TextEquiv>
            </TextLine>
            <TextLine id="r1l15" custom="readingOrder {index:14;}">
                <Coords points="1157,2411 1186,2420 1274,2418 1298,2396 1376,2388 1373,2337 1342,2337 1285,2390 1270,2376 1259,2385 1224,2366 1205,2368 1172,2354 1153,2358"/>
                <Baseline points="1165,2414 1190,2417 1215,2417 1241,2417 1266,2415 1291,2413 1317,2410 1342,2407 1368,2404"/>
                <TextEquiv>
                    <Unicode>vom: %</Unicode>
                </TextEquiv>
            </TextLine>
            <TextLine id="r1l16" custom="readingOrder {index:15;}">
                <Coords points="1096,2529 1199,2531 1234,2516 1309,2530 1331,2515 1498,2528 1579,2513 1578,2491 1549,2485 1482,2479 1449,2497 1364,2475 1344,2488 1319,2466 1277,2491 1179,2476 1159,2494 1095,2494"/>
                <Baseline points="1104,2522 1129,2522 1155,2522 1181,2522 1207,2522 1233,2521 1259,2521 1285,2521 1311,2520 1337,2519 1362,2519 1388,2518 1414,2518 1440,2517 1466,2516 1492,2515 1518,2514 1544,2513 1570,2512"/>
                <TextEquiv>
                    <Unicode>Kormt nach ein Biun...</Unicode>
                </TextEquiv>
            </TextLine>
            <TextLine id="r1l17" custom="readingOrder {index:16;}">
                <Coords points="1100,2566 2325,2551 2379,2548 2378,2511 1596,2487 1539,2524 1099,2539"/>
                <Baseline points="1107,2560 1170,2560 1233,2560 1296,2559 1359,2559 1423,2558 1486,2556 1549,2555 1612,2554 1675,2553 1739,2551 1802,2550 1865,2549 1928,2548 1991,2547 2055,2546 2118,2545 2181,2545 2244,2545 2307,2545 2371,2545"/>
                <TextEquiv>
                    <Unicode>einer Bearbeitung von Ibsens „Kaiser und Galiläer“ von Roman“</Unicode>
                </TextEquiv>
            </TextLine>
            <TextLine id="r1l18" custom="readingOrder {index:17;}">
                <Coords points="1096,2597 2230,2598 2386,2554 1095,2571"/>
                <Baseline points="1103,2601 1166,2600 1230,2599 1294,2598 1358,2597 1421,2596 1485,2595 1549,2593 1613,2592 1676,2592 1740,2591 1804,2590 1868,2589 1931,2588 1995,2587 2059,2586 2123,2586 2186,2585 2250,2584 2314,2583 2378,2583"/>
                <TextEquiv>
                    <Unicode>Woerner nur geteilte Aufnahme. — Bei den Prager Festspielen</Unicode>
                </TextEquiv>
            </TextLine>
            <TextLine id="r1l19" custom="readingOrder {index:18;}">
                <Coords points="1771,2620 1781,2618 1782,2620 1787,2619 1788,2617 1801,2615 1797,2591 1790,2593 1785,2592 1779,2599 1768,2601"/>
                <Baseline points="1778,2614 1792,2612"/>
                <TextEquiv>
                    <Unicode>1</Unicode>
                </TextEquiv>
            </TextLine>
            <TextLine id="r1l20" custom="readingOrder {index:19;}">
                <Coords points="1092,2639 2276,2635 2376,2621 2376,2586 1092,2606"/>
                <Baseline points="1101,2641 1164,2640 1227,2639 1291,2638 1354,2637 1417,2636 1481,2635 1544,2634 1607,2634 1671,2633 1734,2632 1797,2631 1861,2630 1924,2629 1987,2628 2051,2627 2114,2626 2177,2625 2241,2623 2304,2621 2368,2620"/>
                <TextEquiv>
                    <Unicode>hat heuer im Gegensatz zu früheren Jahren das Schauspiel gegen¬</Unicode>
                </TextEquiv>
            </TextLine>
            <TextLine id="r1l21" custom="readingOrder {index:20;}">
                <Coords points="1098,2680 2384,2653 1940,2622 1098,2655"/>
                <Baseline points="1107,2678 1170,2678 1233,2677 1297,2677 1360,2676 1424,2676 1487,2675 1550,2675 1614,2674 1677,2673 1741,2672 1804,2671 1867,2670 1931,2669 1994,2669 2058,2667 2121,2666 2184,2664 2248,2663 2311,2662 2375,2660"/>
                <TextEquiv>
                    <Unicode>über der Oper den Sieg davongetragen. Max Reinhardt bot mit</Unicode>
                </TextEquiv>
            </TextLine>
            <TextLine id="r1l22" custom="readingOrder {index:21;}">
                <Coords points="1095,2732 2209,2716 2379,2671 1095,2690"/>
                <Baseline points="1103,2719 1166,2718 1229,2718 1293,2717 1356,2716 1420,2716 1483,2715 1546,2715 1610,2714 1673,2713 1737,2713 1800,2712 1863,2711 1927,2710 1990,2709 2054,2708 2117,2707 2180,2705 2244,2703 2307,2702 2371,2699"/>
                <TextEquiv>
                    <Unicode>seinem Ensemble den Oedipus, das Berliner Lessingtheater gastierte</Unicode>
                </TextEquiv>
            </TextLine>
            <TextLine id="r1l23" custom="readingOrder {index:22;}">
                <Coords points="1103,2766 2327,2751 2368,2710 1103,2729"/>
                <Baseline points="1111,2758 1173,2757 1235,2756 1298,2755 1360,2755 1423,2754 1485,2753 1548,2752 1610,2751 1673,2751 1735,2750 1797,2749 1860,2748 1922,2747 1985,2746 2047,2745 2110,2744 2172,2743 2235,2741 2297,2740 2360,2738"/>
                <TextEquiv>
                    <Unicode>mit Hauptmanns „Einsamen Menschen“; die heimische Bühne</Unicode>
                </TextEquiv>
            </TextLine>
            <TextLine id="r1l24" custom="readingOrder {index:23;}">
                <Coords points="1099,2796 2379,2800 2377,2723 1099,2761"/>
                <Baseline points="1107,2799 1170,2797 1233,2796 1296,2795 1359,2793 1422,2792 1485,2791 1549,2791 1612,2790 1675,2789 1738,2788 1801,2787 1864,2787 1927,2785 1991,2785 2054,2784 2117,2782 2180,2781 2243,2779 2306,2778 2370,2776"/>
                <TextEquiv>
                    <Unicode>hatte mit Artur Schnitzlers dramatischer Histörie „Der junge</Unicode>
                </TextEquiv>
            </TextLine>
            <TextLine id="r1l25" custom="readingOrder {index:24;}">
                <Coords points="1095,2838 2377,2817 2306,2780 1094,2807"/>
                <Baseline points="1102,2836 1165,2835 1228,2834 1291,2833 1355,2832 1418,2831 1481,2830 1545,2829 1608,2829 1671,2828 1735,2827 1798,2826 1861,2825 1924,2824 1988,2823 2051,2822 2114,2821 2178,2820 2241,2819 2304,2818 2368,2817"/>
                <TextEquiv>
                    <Unicode>Medardus“ Erfolg. Wegen der schwierigen Aufgaben, die dieses</Unicode>
                </TextEquiv>
            </TextLine>
            <TextLine id="r1l26" custom="readingOrder {index:25;}">
                <Coords points="1096,2874 2349,2866 2377,2818 1096,2853"/>
                <Baseline points="1105,2873 1168,2872 1231,2870 1294,2869 1357,2868 1421,2867 1484,2867 1547,2866 1610,2866 1673,2865 1737,2865 1800,2864 1863,2864 1926,2863 1989,2862 2053,2861 2116,2860 2179,2859 2242,2858 2305,2855 2369,2854"/>
                <TextEquiv>
                    <Unicode>Stück stellt, hatte sich nach dem Wiener Burgtheater noch keine</Unicode>
                </TextEquiv>
            </TextLine>
            <TextLine id="r1l27" custom="readingOrder {index:26;}">
                <Coords points="1099,2918 2374,2879 1098,2888"/>
                <Baseline points="1106,2912 1169,2912 1232,2911 1295,2910 1358,2909 1421,2908 1484,2907 1547,2906 1610,2905 1673,2904 1736,2903 1799,2902 1862,2901 1925,2899 1988,2898 2051,2897 2114,2896 2177,2895 2240,2894 2303,2893 2366,2893"/>
                <TextEquiv>
                    <Unicode>andere Bühne an das Werk gemacht. —Eberhard Königs Fest¬</Unicode>
                </TextEquiv>
            </TextLine>
            <TextLine id="r1l28" custom="readingOrder {index:27;}">
                <Coords points="1096,2953 2378,2942 2377,2905 2310,2897 1095,2919"/>
                <Baseline points="1104,2952 1167,2952 1230,2951 1293,2950 1357,2950 1420,2949 1483,2948 1547,2948 1610,2947 1673,2946 1737,2946 1800,2945 1863,2944 1926,2943 1990,2942 2053,2940 2116,2939 2180,2938 2243,2936 2306,2935 2370,2932"/>
                <TextEquiv>
                    <Unicode>spiel „Albrecht der Bär“ gefiel auf der Naturbühne in Pichels¬</Unicode>
                </TextEquiv>
            </TextLine>
            <TextLine id="r1l29" custom="readingOrder {index:28;}">
                <Coords points="1104,3010 2386,2977 2385,2940 2302,2935 1103,2955"/>
                <Baseline points="1111,2994 1174,2994 1237,2993 1301,2992 1364,2991 1427,2990 1491,2989 1554,2987 1617,2986 1681,2985 1744,2983 1807,2982 1871,2980 1934,2979 1997,2978 2061,2977 2124,2976 2187,2976 2251,2975 2314,2975 2378,2975"/>
                <TextEquiv>
                    <Unicode>werder an der Havel trotz aller Einfachheit der Handlung, die</Unicode>
                </TextEquiv>
            </TextLine>
            <TextEquiv>
                <Unicode>box 27/1
22. Derjunge Medandus
Telephen fase1.
„ODSERTER
I. Ooterr. bebördl. koaz. Unternehmen für Zeitunge-Ausestendete
Wien, I., Conoordiaplats 4.
Vertretungen
in Bertin, Baoei, Budapest, Chicago, Cleveland, Clstslusste,
Oent, Kopenhagen, London, Madrid, Malland, Minnespolla,
New-Vork, Paris, Rom, San Francioco, Stockholm, B. Peters¬
burg, Toronto.
(Annbunneguhe aluno Gewün).
Aussehmtt aus:
191; Algemeine Rundschau, München
vom: %
Kormt nach ein Biun...
einer Bearbeitung von Ibsens „Kaiser und Galiläer“ von Roman“
Woerner nur geteilte Aufnahme. — Bei den Prager Festspielen
1
hat heuer im Gegensatz zu früheren Jahren das Schauspiel gegen¬
über der Oper den Sieg davongetragen. Max Reinhardt bot mit
seinem Ensemble den Oedipus, das Berliner Lessingtheater gastierte
mit Hauptmanns „Einsamen Menschen“; die heimische Bühne
hatte mit Artur Schnitzlers dramatischer Histörie „Der junge
Medardus“ Erfolg. Wegen der schwierigen Aufgaben, die dieses
Stück stellt, hatte sich nach dem Wiener Burgtheater noch keine
andere Bühne an das Werk gemacht. —Eberhard Königs Fest¬
spiel „Albrecht der Bär“ gefiel auf der Naturbühne in Pichels¬
werder an der Havel trotz aller Einfachheit der Handlung, die</Unicode>
            </TextEquiv>
        </TextRegion>
    </Page>
</PcGts>
