3392 4352
1571 138 1999 251 bos 27/2
238 156 1404 268 22. Der junge-Medardus
672 486 1623 592 sohnitt aus: ###cn S
904 574 1175 669 —MAESiS
1222 616 1622 717 Haaw
727 979 1474 1077 Dramatische Rundschau.
732 1077 1218 1173 Von Oswald Brüll.
747 1212 1563 1283 „Der junge Medardus“ des
744 1275 1193 1341 Burgtheaters.
739 1330 1570 1382 (Zur ersten Aufführung von Arthur
739 1372 1580 1443 Schnitzlersdamatischer Historie an
746 1425 1377 1505 rinreichsenischen Bühne).
829 1499 1559 1568 In der schlesisch=galizischen Grenz¬
743 1552 1568 1622 stadt, die mein augenblicklicher Aufent¬
744 1608 1576 1678 haltsort ist und die dem Kriegstheater
750 1651 1563 1718 um vieles näher liegt als dem Burg¬
751 1703 1574 1776 theater, erfuhr ich vor ein paar Tagen
744 1756 1579 1806 aus einer Zeitungsnotiz, baß „Der
745 1803 1580 1859 junge Medardus“ soeben das Berliner
749 1863 1569 1922 Rampenlicht erblickt habe. Ganz un¬
743 1911 1571 1972 gläubig las ich dies; als ob da stünde:
751 1967 1577 2026 künftige Woche übersiedelt der Stefans¬
754 2005 1159 2082 dom nach Berlin.
828 2059 1570 2130 Auf Ehrenwort, ich weiß mich frei
739 2121 1568 2186 von jeglichem Feuilletonistenpathos,
746 2169 1582 2235 wenn ich mich solch starken Vergleiches
752 2219 1582 2281 bediene. In der gegenwärtigen Zeit
759 2266 1568 2331 eitle Phrasen in die Luft werfen, wäre
761 2331 1566 2372 mehr als geschmacklos, wäre Blas¬
753 2365 1580 2437 phemie. Es ist meine innerste Über¬
755 2414 1580 2479 zeugung: „Der junge Medardus“ hat
752 2478 1578 2532 zu stark in seinem geistigen Nährboden
755 2516 1568 2580 Wurzel geschlagen, als daß er auf
760 2564 1585 2651 fremder Scholle gleicher Entfaltung
759 2611 1019 2685 fähig wäre.
838 2662 1507 2737 Daß das Stück in Wien spielt,
752 2725 1569 2792 im Wien des Jahres 1809, — ist für
753 2788 1567 2851 das Gesagte keine zureichende Er¬
761 2830 1570 2890 klärung. Die Mehrzahl der Dramen
759 2888 1568 2936 Schnitzlers hat Wien zum Ort der
758 2926 1577 2994 Handlung und sind doch nicht alle in
757 2977 1569 3028 Wien bodenständig geworden; ja, einige
760 3020 1562 3091 („Der einsame Weg“, „Zwischenspiel“,
766 3070 1575 3140 „Professor Bernhardi“) haben draußen
758 3112 1571 3192 im Reich die größere Zugkraft er¬
758 3160 1568 3237 wiesen. Ist ja überhaupt ein Großteil
760 3218 1577 3280 der dramatischen Kunstwerke unserer
753 3265 1570 3329 Literatur eindentig lokalisiert, ohne da¬
882 3315 1570 3379 seiner allgemeinsten Publikums¬
759 3355 1571 3434 wirkung beengt zu sein. „Glaube und
847 3528 1638 3599 Heimat“ hat wohl an der Elbe nicht
831 3602 1649 3657 weniger zu erschüttern vermocht als am
834 3642 974 3723 Inn.
905 3698 1640 3772 Nein. Wenn „Der junge Medar¬
824 3761 1648 3810 dus“ dem geistigen Bestand Wiens
826 3810 1645 3874 heute inniger verbunden ist als sein
847 3868 1643 3923 Schöpfer selbst, und wenn dieses Ver¬
836 3912 1646 3970 hältnis in der Literaturgeschichte viel¬
826 3963 1655 4015 leicht nicht seinesgleichen hat, so ist dies
831 4008 1643 4060 an anderem gelegen. Einmal daran,
826 4054 1648 4125 daß Wien nicht bloß der Schauplatz des
831 4111 1647 4156 Stückes ist, = wie in anderen Hervor¬
2133 3377 2479 3449 Rundschau
1666 3526 2465 3601 „spezifisch österreichisch“ ist — wann
1669 3578 2471 3639 könnten wir darin bessere Einsicht ge¬
1672 3637 2478 3712 winnen, als in dieser prüfsteinharten
1673 3684 2466 3752 Zeit. Der letztbezeichnete Typus dee
1664 3723 2475 3789 Österreichertums wird in Schnitzlers
1675 3779 2468 3850 Stück durch Eschenbacher vorgestellt,
1670 3841 2464 3888 dem jungen Medardus gegenübergestellt.
1675 3887 2474 3943 Medardus lebt, wie er ist, er stirbt wie
1682 3935 1954 4006 Eschenbacher.
1736 3968 2466 4041 Oheim und Reffe verbildlichen also
1669 4027 2468 4094 die beiden Gefühlsgegensätze, die im
1662 4070 2475 4136 Österreichertum enthalten sind. Den
1657 4118 2479 4171 Gegensatz reicher zu gestalten, ander¬
