3436 4320
1174 118 1519 205 eee
308 194 1564 255 dings Zeit, noch allerhand Schabernack zu ersinnen und sich gegen¬
315 236 1573 280 seitig zu frozzeln. Gegenwärtig macht eine kleine Geschichte die
310 278 1576 338 Runde. Herr Paulsen ist der Held. Man sagt ihm nach, daß er
311 327 1573 401 auch im Leben ein denkender Schauspieler sei und allerlei kleine
308 377 1564 440 Eigenarten habe. Seit Jahren läßt er bei einem Schuhmacher
306 415 1172 483 in der Vorstadt arbeiten, ohne dem Manne
1170 425 1570 484 je seinen Namen
297 466 1568 531 verraten zu haben. Die Schuhe werden einfach an Herrn N. N.
303 557 1573 627 sin der X=Straße Nr. so und so ..., dritter Stock, Tür 14,
316 601 1555 659 geliefert. Auch die Rechnungen haben zu lauten: „Herrn N. N.
318 656 1582 696 Vor einigen Tagen lieferte nun des Schusters Töchterlein ein
320 698 1580 754 Paar Lackstiefletten persönlich ab und erfuhr nun bei dieser Ge¬
315 744 1558 791 legenheit, wer der geheimnisvolle Kunde eigentlich sei.
309 780 1568 864 Das kleine Mädchen ist eine eifrige Besucherin des Burg¬
305 847 1564 898 #theaters und gehört sozusagen zum eisernen Bestand der
295 889 1569 950 letzten Galerie. Natürlich war das Schustertöchterlein entzückt von
306 945 1585 1013 der Kundschaft und prompt enthüllte es dem Vater, wer der
312 991 1576 1048 Anonymus sei. Der Vater war natürlich auch sehr entzückt und
293 1032 1567 1097 machte sofort Herrn Paulsen eine Antrittsvisite. Der Schauspieler
308 1094 1420 1150 war aber gar nicht erfreut, sondern verblüfft :“ empört.
419 1122 1566 1178 „Herr!“ schrie er ihn an. „Meine Bedingung, unter der
293 1178 1572 1224 ich bei Ihnen arbeiten lasse, war stets, daß es Sie nichts an¬
298 1214 1568 1271 geht, für wen Sie Ihre Schuhe machen. Das muß auch in
308 1270 1562 1340 Zukunft so bleiben, sonst können Sie sich Ihre Stiefel behalten.
311 1324 1581 1373 Und schicken Sie mir sofort die Rechnung über die letzten Paare.
324 1372 928 1440 Sie wissen, ich bezahle gleich.“
426 1431 1439 1496 Am nächsten Tage kam die Rechnung. Sie lautete:
703 1491 1148 1556 „Herrn N. von N.“
425 1536 1571 1602 In dieses wienerisch charakteristische „von N.“ hatte der
308 1597 1566 1649 Schuster seine ganze Hochachtung vor dem Hofschauspieler
321 1631 563 1708 hineingelegt.
412 1688 1585 1757 Im Carl=Theater beschäftigt man sich mit der neuen
308 1726 1564 1790 Operette von Fall „Das Puppelmädel“. Man setzt große Er¬
307 1788 1579 1845 wartungen in das Werk. Es ist noch in den letzten Wochen
299 1841 1576 1905 manches daran geändert worden, da man für Frau Zwerenz eine
305 1877 1564 1953 uusgiebige Rolle schaffen mußte. Es sah schon ganz danach aus,
309 1937 1568 1978 daß sie nicht mittun wollte. Aber die Autoren setzten sich flugs
309 1989 1571 2048 hin, arbeiteten um, schrieben ihr noch neue Lieder in die Rolle
301 2039 1575 2095 hinein, und so war die Streikabsicht des Stars in letzter Stunde
302 2075 1572 2139 beseitigt. Doch noch eine andere wichtige Frage war zu erledigen.
308 2124 1574 2180 Sollte man das „Puppenmädel“ unter der Bezeichnung
894 2178 1019 2234 oder
1052 2174 1560 2238 „musikalisches Lustspiel“
318 2176 844 2241 „Operette“ „Vaudeville“
303 2234 1570 2288 in die Welt gehen lassen? Keine der Bezeichnungen
302 2280 1560 2336 erschöpfte ganz den Charakter des Werkes. Das „Puppenmädel“
307 2314 1556 2371 ist nämlich dem französischen Lustspiel „Miquette und ihre Mutter“
307 2384 1575 2434 nachgebildet und weicht stellenweise von der Operettenlinie ab.
307 2419 1569 2471 Leo Fall war für die Bezeichnung „Vaudeville“, die Librettisten
315 2466 1568 2517 schwankten hin und her, der Verleger und die Direktion plädierten
320 2514 1572 2572 für das Wort „Operette“. Man setzte sich also zusammen und
313 2571 1567 2622 hielt eine lange Konferenz ab. Jeder gab sein Für und Wider
308 2605 1572 2671 zum besten und erst nach zwei Stunden fiel die Entscheidung:
310 2659 1570 2720 man hatte sich zu einem Ausgleich der divergierenden Ansichten
310 2711 1550 2772 entschlossen. Das „Puppenmädel“ wird — „Vaudeville=Operette“
310 2760 1570 2812 benannt werden und allen Parteien ist somit Rechnung getragen
307 2791 1568 2845 worden. Nur einer ging leer aus: der Mann, der für „musikali¬
314 2857 1572 2921 sches Lustspiel“ war, aber seinen Antrag noch vor der Abstimmung
315 2901 509 2979 zurückzog.
418 2935 1575 3009 Einen heiteren Requisitenscherz, der ganz gut in einer
298 2997 1568 3057 Operette Verwendung finden könnte, hat neulich Herr Lehar mit¬
301 3049 1557 3100 gemacht. Er gedenkt damit einen seiner Librettisten zu belohnen.
301 3093 1570 3163 Neulich saß in einem Restaurant der Besitzer des Theaters an
300 3142 1573 3208 der Wien, Herr Simon, und Lehar gesellte sich zu ihm. Als die
301 3190 1567 3249 Gesellschaft auseinanderging, entdeckte Herr Simon, daß die
297 3245 1572 3299 Krücke seines am Vormittag gekauften teuren Seidenschirmes stark
306 3287 1570 3333 wackelte. Verdrießlich sandte er am nächsten Tage den Schirm an
304 3336 1566 3390 den Lieferanten zurück und verlangte umgehende Reparatur. Der
305 3381 1574 3431 Lieferant besorgte sie pünktlich und entschuldigte sich noch vielmals
302 3433 1582 3487 wegen des fehlerhaften Gegenstandes. Ein paar Tage später trifft
297 3483 1214 3531 nun Herr Simon wieder mit Lehar zusammen.
414 3539 1170 3593 Der Komponist stellt sofort die Frage:
429 3591 1573 3637 „Haben Sie nicht neulich Ihren Schirm vertauscht? Ich
300 3621 1565 3684 habe einen ganz neuen nach Hause gebracht, der meinem Schirm
313 3676 1345 3735 sehr ähnlich sieht. Nur die Krücke war schon wacklig!“
422 3713 1444 3784 Einen Moment lang sah Herr Simon verdutzt drein.
421 3779 1508 3828 „Das war Ihr Schirm? Nun, Sie können sich freuen,
289 3817 1572 3883 ich habe ihn reparieren lassen, aber kostenlos! Der Lieferant hat's
300 3873 1385 3929 gar nicht gemerkt, daß es gar nicht mein Schirm war!“
423 3919 1582 3979 „Trösten Sie sich,“ sagt Lehar, „ich habe schon in Ihren
304 3960 1588 4008 Schirm mit der Zigarette ein Loch hineingebrannt! Könnten Sie
298 4021 1151 4080 das nicht auch kostenlos reparieren lassen?“
2125 287 2739 385 „USSEHVER
1887 372 2988 438 österr. behördl. konz. Unternehmen für Zeitungs-Ausschnitte
2029 428 2869 504 Wien, I., Concordiaplatz 4.
2224 511 2667 579 Vertretungen
1902 570 2978 613 in Berlin, Budapest, Chicago, Christiania, Genf, Kopen¬
1911 609 2983 657 hagen, London, Madrid, Mailand, Minneapolis, New-Vork,
1948 658 2956 700 Paris, Rom, San Francisco, Stockholm, St. Petersburg.
2242 688 2667 747 (Quellenangabe ohne Gewähr).
1894 741 2251 835 Ausschnitt aus
2251 780 2981 869 Jerliner Zeitung am Mittag, Ber¬
1905 825 2484 909 vom: 28. JUL. 1909
1949 934 2758 1074 Döh(WiensBerliner
2016 940 2685 1194 Fichenen.
2287 1157 2798 1249 Korrespondenten.)
1918 1177 2275 1276 Von unsere
2409 1235 2750 1308 Wien, 26. Juli.
1964 1296 2732 1350 Arthur Schnitzlers Novissimum. — Der Kampf
1959 1334 2737 1398 um den Komiker. — Künstleraustausch Berlin—
1952 1390 2739 1443 Wien. — Bachmann als „armer Jonathan“.
2094 1431 2647 1497 — Ein Lehargastspiel in Berlin.
1956 1470 2816 1539 Brahm und das Burgtheater haben gleich¬
1915 1516 2790 1586 zeitig Arthur Schnitzlers neueste Arbeit zur
1914 1564 2797 1631 Aufführung für die kmtende Spielzeit akzep¬
1918 1607 2797 1672 tiert. Es handelt sich um eine abendfüllende
1916 1657 2800 1707 Komödie, die den Titel „Der junge Herr
1914 1709 2798 1752 Medardus“ führen wird. Schnitzler bietet
1918 1738 2824 1810 diesmal ein interessantes, spezifisch wienerisches—
1915 1787 2796 1853 Schauspiel, das anno 1809 in der alten Kaiser¬
1923 1841 2799 1896 stadt spielt. Beide Bühnen werden fast zu gleicher
1924 1890 2788 1936 Zeit die Premiere bringen, in welcher in Wien
1917 1912 2790 1979 Hartmann und Lotte Witt, in Berlin
1925 1953 2792 2018 Heinz Monnard und Irene Triesch die
1921 2018 2803 2080 tragenden Rollen kreieren werden. Bei dieser
1924 2067 2811 2111 Gelegen eit sei die Neuigkeit notifiziert, daß
1915 2100 2791 2152 Hofrat Schlenther sowohl Bahrs „Konzert“ als
1922 2130 2803 2198 auch Fuldas neues Lustspiel „Das Exempel“
1920 2184 2806 2242 refusiert hat. Brahm hat, wie ich Ihnen
1927 2227 2792 2284 schon vor zwei Monaten berichtete, das
1922 2261 2801 2331 Bahrsche Stück sofort angenommen, während
1922 2316 2803 2378 der neueste Fulda zuerst bei Hahn, voraussicht¬
1929 2346 2826 2427 lich während des Gastspiels Treßler, der ein
1926 2412 2818 2470 Lieblingsschauspieler Fuldas ist, in Szene gehen!
1926 2450 2065 2518 wird.
1973 2464 2797 2554 Um einen Berliner Komiker ist ein förm¬
1911 2539 2804 2596 licher Ringkampf entbrannt. Jarno hat näm¬
1921 2587 2813 2652 lich Herrn Beckmann vom Lustspielhaus für
1921 2623 2805 2678 seine Bühnen engagiert. Kaum war Herrn Dr.
1921 2668 2816 2736 Zickel durch eine Indiskretion der bisher
1925 2718 2808 2769 streng geheimgehaltene Abschluß zu Ohren ge¬
1917 2755 2804 2821 kommen, als schon der Regent des Lustspiel¬
1924 2799 2801 2852 hauses Herrn Beckmann für sich reklamierte,
1912 2830 2810 2903 Jarno bot Herrn Beckmann, den er neben
1918 2879 2800 2947 Maran als ersten Komiker beschäftigen will,
1910 2924 2808 3005 einen großen Vorschuß, der wieder Herrn Direk¬
1923 2974 2788 3025 tor Zickel als Ablösungssumme offeriert wurde.
1912 3017 2800 3069 Doch Zickel besteht auf seinem Schein, während
1920 3058 2793 3108 Beckmann sich für nicht gebunden hält und
1908 3099 2797 3153 unbedingt nach Wien will. Der Streit wird
1916 3145 2795 3202 jedenfalls erst durch einen richterlichen Spruch
1924 3200 2803 3251 entschieden werden. Jarno hofft zu siegen, ob¬
1923 3239 2799 3298 wohl er bekanntlich gegen Else Kupfer vom
1925 3283 2789 3337 Deutschen Theater in allen Instanzen seinen
1921 3327 2800 3388 Prozeß verlor. Zugleich mit Herrn Beckmann
1918 3378 2799 3425 wurde Fräulein Fugger vom Lustspielhaus
1913 3410 2804 3467 als Sakondame von Jarno nach Wien verpflichtet.
1964 3457 2799 3501 Direktor Robert hat sofort zugegriffen, als
1903 3469 2801 3575 man ihm die Konventionalstrafe für Edthofer
1913 3544 2813 3603 bot. Direktor Weiße hat zief in die Tasche
1921 3594 2795 3642 gegriffen, und Edthofer ist nun frei und bleibt
1919 3622 2796 3681 am Deutschen Volkstheater. Freilich wird Weiße
1920 3670 2790 3725 binnen Jahresfrist drei seiner besten Schau¬
1920 3727 2795 3781 spielerinnen an Berlin abgeben müssen. Lilli
1915 3764 2787 3818 Maiberg will zu Reinhardt und Claire
1908 3802 2796 3864 Wallentin verläßt definitiv im nächsten
1913 3851 2783 3892 Frühjahr ihr jetziges Engagement, um ebenfalls
1904 3893 2792 3953 nach Berlin zu übersiedeln. — Auch Pepi
1905 3939 2789 3982 Krumer=Glöckner, die Soubrette des
1910 3980 2798 4042 Volkstheaters, trennt sich zu derselben Zeit von
1916 4022 2795 4081 ihrem langjährigen Direktor Weiße, um nach
1911 4066 2599 4142 #####t.. Aan. München auszuwvandern.
