3344 4352
1534 120 1968 218 box 26/7
202 123 1372 223 22. Der junge Medardus
1012 1010 2264 1107 Das Nebeneinander kriegerisch=unsentimentaler und schwelgerisch¬
924 1092 2273 1142 empfindsamer Stimmungen wirkt als appetitreizender Kontraft; ebenso
915 1141 2280 1194 das harte Nebeneinander der bürgerlichen und der hocharistokratischen
928 1191 2277 1237 Welt, der hemmungslos-expansiven, nach außen schlagenden und der
919 1239 2278 1292 höfisch=gebundenen, nach innen brennenden Temperamente. Höchst
917 1291 2268 1337 bemerkenswert auch die Geschicklichkeit, mit der das Drama abwechselnd
928 1339 2276 1387 Einzel=Schicksole und Schicksale der Allgemeinheit in den Mittelpunkt
916 1392 2275 1441 des Interesses lanciert: Wo der Dichter unbedeutend wird, tritt irgend
926 1442 2282 1503 eine weltgeschichtliche Bedeutung, die Szene füllend, in den Vorder¬
920 1484 1513 1553 grund und deckt den Dichter.
1010 1521 2275 1591 Kriegerisch=prunkstrotzende, förmlich schmetternde Kostüme und die
921 1585 2278 1635 steif-lyrischen Trachten des Jahrhundertanfangs, prangend in zartesten
924 1640 2275 1703 sentimentalen Farben, erfreuen das Auge. Auch das Ohr kommt nicht
914 1697 2273 1752 zu kurz. Man schießt mit Kanonen, mit Flinten, mit Revolvern. Man
924 1735 2272 1804 schießt rechts und links, Granätlein explodieren zierlich, und zwischen
923 1790 2267 1838 Feuer und Schall verstreicht eine höchst naturalistische kleine Pause.
926 1853 2284 1918 Für die Aufführung des „Medardus hat das Burgtheater wirklich sein
914 1888 1452 1948 ganzes Pulver verschossen.
1017 1913 2276 2004 Auch schauspielerisch. Aus der Fülle der Gestalten bewahrt man
921 1997 2273 2051 im Gedächtnis: Hartmanns edlen Thronprätendenten, Balajthys treff¬
911 2035 2262 2105 lichen, saftigen Eschenbacher, der Frau Bleibtren starke, unzaghafte
916 2061 2282 2148 Mütierlichkeit, der Frau Medelsky rührendes Agathchen, Straßnis
913 2127 2265 2195 hespenstisch-frohen uralten Herrn, Heines meisterhaft kühlen und klugen,
897 2190 2280 2241 „Schicksal spielenden Arzt, Treßlers empfindungstiesen, in Ton und
915 2228 2271 2297 Gebärde so nobel sparsamen Freund des Medardus (für mein Empfin¬
920 2291 2280 2342 den eine ganz leere, verunglückte, zu Recht hinkende Figur), Arndts
913 2334 2274 2387 bitter-ironischen Arzt, Fräulein Hofteufels leichtfüßige, immer wie von
911 2387 1865 2448 Lebenslust gekitzelte, in den Unfug verliebte Zose.
1006 2421 2272 2491 Protagonisten: Herr Gerasch und Fräulein Wolgemuth. Ich
916 2474 2269 2557 glaube, man hat diesmal beiden ein bischen unrecht getan. Flamme,
918 2533 2267 2591 an der man sich wärmen könnte, war nie Herrn Geraschs Sache.
923 2582 2274 2639 Aber er hat als Medardus doch ein sehr schönes Tempo, hat Schwung
920 2631 2274 2695 und Leidenschaft und manchmal, wie auf der schönbrunner Treppe,
919 2688 2268 2749 einen großen Augenblick, in dein man aus seinen Erregungen das
913 2731 2272 2781 Sturm=Trommeln eines revoltierenden Herzens zu hören meint.
915 2780 2260 2847 Fräulein Wolgemuth, imponierend durch den Adel ihrer Erscheinung,
916 2844 2264 2898 wird vielleicht ein wenig überschätzt. Noblesse, Kühle, Unnahbarkeit,
911 2887 2265 2944 Verachtung mimt sie unübertrefflich gut. Wo es auf mehr ankommt,
911 2931 2265 3000 auf das Durchschimmern der innern, nur gedrosselten, nicht verlöschten
914 2989 2265 3044 Flammen, auf Botschaft aus den Tiefen dieser spiegelglatten Prinzes.
921 3034 2260 3082 sinnen=Seele, da fehlten die rechten Lichter und Klänge. Ob Fräulein
920 3081 2274 3141 Wolgemuth eine wirklich bedeutende Künstlerin ist, wird sich noch er¬
918 3140 2288 3204 weisen. Im „Jungen Medardus' merkte man nur, daß sie über die
913 3191 2002 3263 schönsten Mittel verfügt, um Bedeutung zu markieren.
902 3282 1090 3370 1268
