3392 4256
1584 94 2036 176 box 26/6
274 97 1432 196 22. DerjungeMea
1606 446 1997 529 Telephon 12.801.
1747 534 1864 600 1
1052 581 1825 675 „ODSENVEN
901 663 1986 740 I. österr. beh. konz. Unternehmen für Zeitungs¬
1111 701 1787 778 Ausschnitte und Bibliographie.
1070 749 1842 841 Wien, I., Concordiaplatz 4.
1305 833 1627 901 Vertretungen
895 868 1993 949 in Berlin, Brüssel, Budapest, Chicago, Cleveland, Christiania,
906 911 1985 993 Gent, Kopenhagen, London, Madrid, Mailand, Minneapolis,
899 954 1996 1035 New-Vork, Paris, Rom, San Francisco, Stockholm, St. Peters¬
1302 1001 1600 1055 burg, Toronto.
1236 1024 1690 1114 (Zuellenangabe ohne Gewähr.)
894 1076 2064 1202 Ausschnitt aus: r Z
891 1203 1381 1263 vom. 0. 2/2/
1292 1253 1404 1310 —
1459 1180 1953 1326 eres
1268 1431 2095 1524 I giovune Tiedurde,
1356 1509 1979 1578 di Arturo Schnitzler
1312 1578 2027 1660 (Prentère al Hof-Bürgtheater)
1807 1650 2071 1714 VIENN4, 26.
1257 1675 2086 1741 Durante la seconda occupazione di Vien¬
1239 1742 2098 1785 ia da parte di Napolhne nel 1809 un giovä¬
1244 1769 2087 1813 10tt0 della borghesig viennese, hino allora
1236 1808 2095 1854 #conosciuto, corlo Schps, fu arrestato entro
1242 1844 2095 1904 1 recinto del scastgflo di Schönbrunn, di¬
1235 1876 2087 1924 nora del vinchoreg Trovaiegli delle armi in¬
1234 1901 2096 1976 Josso, confes-d# arer voluto neeidere 11
1236 1945 2092 2000 grande wrannc. Napoleone volle graziarlo aj
1219 1990 2088 2028 patto che promettesse di smettere ogni idenk
1224 2016 2096 2082 di nuovi altentatl. Staps non ne volle 8a#
1226 2053 1608 2108 pere e fu fucilato.
1250 2068 2091 2136 Questo breve e semplice episodio, che a¬
1231 2124 2083 2174 vrebbe potuto däre da se solo senza troppi
1225 2157 2086 2207 ammennicoli sufficiente materia ad un com¬
1227 2195 2080 2241 päuto dramma siorico, servi ad Arturo
1223 2229 2090 2277 Schnitzler, che é pure il piu ilinstre rap¬
1214 2269 2083 2318 presentante dellarte moderna tedesca in Au¬
1218 2306 2083 2347 stria, di base o meglio di pretesto — perche
1212 2334 2091 2390 Idello Staps autentico non c’eche T’ultima
1219 2374 2080 2420 scena della grazia riflutata — per un dram¬
1222 2419 2080 2454 mone senlsazionale di queilj che da noi con
1212 2447 2090 2498 sette od otto alti mandano in visibilio il pub¬
1217 2477 1707 2519 blico dei teatri popolari.
1250 2494 2087 2561 Invece Arturo Schnitzler con esso fu rein¬
1221 2550 2076 2595 tegrato nei suoi pieni dirini di autore dram¬
1211 2569 2086 2637 malice del pin aristocratico dej teatri iede¬
1211 2616 2082 2654 schi, del Burgtheater, il teatro di prosa di
1204 2648 2082 2707 Corte à Vienna, che gli areva chiuso le por¬
1212 2692 2071 2739 te dopo la pubblicazione delle sue novelle
1208 2725 2067 2775 Leutucnt Gusti, in eui fustigava con sar¬
1198 2767 2047 2799 casino atroce lä codardia di un tenentino.
1237 2798 2063 2839 E glacché era in aria di rivincita, Schnitz¬
1203 2826 2073 2879 ler volle prenderne, pare, con questo lavoro
1208 2867 2061 2925 anche un'altra su se stessc. Egli, iI poeta
1200 2906 2064 2946 del naturalismo, intziato in Germania dal
1195 2933 2069 2991 Hauptmann, che seppe resistere finora alle
1205 2972 2063 3024 tentazioni del simbolismo, del misticismo,
1205 3021 2070 3061 dei nuovo romanticismo del rinascimento e¬
1206 3049 2060 3085 del neoclassicismo, come si appellano con
1204 3083 2065 3133 bravo metodo tedesco tutte le varie correnti
1197 3123 2072 3161 susseguitesi nei due ultimi decenni nel tea¬
1197 3148 2058 3192 tro jedesco, egli, il poeta delle sässes Mädel.
1198 3183 2065 3228 della dolee fanciulia viennese, idei facili, dei
1197 3226 2059 3273 tristi amori, che racchludeva le sue brevi,
1196 3260 2067 3300 gräziöse storle in plecoll dundretti scenicl
1198 3298 2060 3340 di und, due alti, volle questa volla in un
1198 3330 2059 3373 volo superbo ascendere al grande dramma
1194 3360 2061 3401 storico, quasi ad ur’epopea della sna pa¬
1198 3397 2060 3432 tria, e scrisse questa, ch’egli chiamo esto¬
1196 3431 2068 3481 ria drainmatica s#eche é in realtà un vero
1187 3459 2051 3512 romanzo dei dolori del e giovane Medardo
1248 3498 2048 3537 cosi l’amiore chlamó il suo Stafs — mes¬
1191 3514 2065 3591 so in scena in un prologo e in einque atti
1184 3574 2064 3606 con quindiei, dico quindiei, differenti qus¬
1184 3604 2061 3654 dri, che potrebbero essere fanit atti (di#
1189 3629 2011 3695 per fortuna furono soppressi durante
1184 3671 1354 3727 prove).
1224 3692 2057 3755 La rappresentazione, cui assisteva #utta la
1190 3726 2046 3801 piualta societs di Vienna in un teatro gre¬
1197 3785 2039 3830 mito fino all’ultimo postieino — soltanto 11
1199 3818 1929 3865 palco degli artisti era vnoto, perché
1931 3817 2050 3864 tutti
1207 3858 2052 3911 seitantotto! senza contare le comparse) ave¬
1190 3891 2051 3924 vano delle parti nel dramma — durd cinque
1190 3923 2041 3971 ore e mezzo, sehbene gli intervalli fossero
1188 3951 2046 4006 brevissiml. Bisogna riconoscerlo, la rivin¬
1188 3992 2039 4028 cita per la brevilà usata flnora fu solenne.
1221 4023 2043 4070 Tutia la storia dell’avvieinarsi 41 Napo¬
1188 4049 2042 4106 leone, dell’assedio e c-ll’ocenpazione fran¬
2145 1356 2988 1439 Bisegna pero rilevare che gran parte di
2081 1396 2987 1478 Tmerito di questo parziale successo di un
2118 1451 2981 1504 drainma cosi  sensazionale, che ha sulla Sce¬
2125 1482 2983 1548 na un doppio suicidio, un doppio fünerale,
2128 1521 2975 1575 duelli, fücllazfoni, cannoneggiamenti, pu¬
2128 1552 2979 1609 gnalate, dieci o dodiei morti, va aitribuito
2116 1596 2980 1644 all’eccellente, inappuntabile insieme delle for¬
2110 1625 2975 1677 ze artistiche del Burgtheater, ove non un al¬
2108 1655 2982 1709 tore e-fiori di-posto, e alla magniticenga
2118 1694 2972 1741 veramente sfarzosa delle decorazioni, del ve¬
2118 1731 2977 1793 stiari e di unto Tallestimento scentce. In
2121 1766 2976 1813 maltcanza d un solo di questj elementi ten¬
2105 1798 2980 1868 trali avrebbe futto del dramma und spetia¬
2098 1826 2398 1889 colo grotiésco,
2382 1863 3010 1960 ALESSANDRO BUDANE
2915 4009 3005 4078 S
