3392 4320
1202 72 1704 133 ud Gme¬
775 82 1704 175 wirrung aufzuzeigen, von der fast allzu üppigen Fülle
767 124 1700 211 der Detailschilderung auch nur eine ungefähre Vor¬
766 155 1704 254 stellung zu geben, schließlich die kulturelle Basis zu
765 197 1704 291 beleuchten, aus der das Ganze, wie zugestanden
758 240 1699 330 werden muß, organisch erwächst, das würde Ausfüh¬
759 281 1690 369 rungen erfordern, deren Breite der des Stückes ent¬
753 320 1692 396 sprechen müßte. Und doch würde ihnen der poctisch¬
752 358 1689 447 romantische Hauch fehlen, von dem in Schnitzlers
747 395 1683 487 Dichtung die Gestalten und Begebnisse umwittert
742 435 1689 541 sind, und damit das, was ihren eigentlichen Reichtum
734 471 945 528 ausmacht.
791 517 1688 609 Also bescheiden wir uns mit einer möglichst knappen
742 538 1403 626 Skizzierung der Dichtungs=Elemente!
772 596 1677 693 Hätte Schnitzler die Wesensart seines Werkes scharf
725 632 1670 715 präzisieren wollen, so hätte er es eine ironisch=roman¬
726 669 1667 767 tische Historie nennen müssen. Mit starker Betonung
727 711 1676 799 des Ironischen, denn das Ironische gibt dem Roman¬
732 751 1663 838 tischen die eigentliche Würze, und beides vereinigt sich
729 788 1438 872 zu einer scharfen Kritik am Historischen.
756 836 1658 920 Der junge Medardus Klähr, der Sohn eines
722 871 1667 956 Wiener Buchhändlers, dem in kriegerischer Zeit ein
723 915 1654 994 unheldisches Ende beschieden ward, hat das Zeug
712 946 1655 1039 zum Helden. Als solcher wird er gewiß in dem
717 992 1649 1072 großen Befreiungskampfe gegen den Bonaparte ge¬
715 1028 1650 1109 waltige Taten vollführen. Doch welch romantisch¬
707 1066 1654 1153 ironisches Spiel treibt das Schicksal mit ihm! Da
710 1100 1643 1202 er, die Brust geschwellt von ungestümem Tatendrang,
709 1148 1643 1230 ins Feld rücken will, legt man ihm die Leiche der
705 1180 1645 1280 Schwester in den Weg. Mit einem Abkömmling des
702 1225 1638 1311 umherirrenden ehemaligen Herzogs von Valois hat sie's
698 1269 1639 1355 gehalten, und beide haben nun einen freiwilligen Tod
704 1310 1644 1394 in der Donau gefunden. Was ist dem Medardus jetzt
690 1347 1644 1431 der Bonaparte und das Schicksal Wiens und das
697 1394 1640 1471 Schicksal Europas! Er selbst und die Ehre oder
692 1427 1141 1484 Schande seiner Familie
1169 1449 1632 1510 darum kreist nun all'
694 1464 1631 1556 sein Denken. Und mit der unheimlichen Klarheit des
694 1501 1620 1589 Phantasten arbeitet er den jünglingshaften Plan der
690 1547 1617 1635 Rache Auge um Auge aus: Hat ein Valois meine
690 1588 1624 1675 Schwester ins Unglück gebracht, so entehre ich seine
676 1608 1513 1706 Schwester und schreie ihre Schande in
1534 1660 1618 1712 alle
677 1657 820 1711 Welt.
824 1660 1516 1742 Der Romantiker Schnitzler läßt
1539 1701 1625 1748 ihn
683 1700 1621 1790 erst, noch ein Duell mit einem Verehrer
674 1730 799 1789 des
804 1745 1155 1813 Entehrungsobjektes
1185 1760 1507 1822 bestehen, läßt
1510 1779 1613 1830 ihn
676 1776 1517 1854 dabei eine Wunde dicht am Herzen empfangen,
1517 1818 1617 1866 und
672 1825 1520 1902 mit dieser schier tödlichen Wunde muß nun der
1540 1859 1616 1907 ro¬
672 1870 1622 1957 mantische Rächer Medardus über die Mauer in den
669 1897 1615 1982 Schloßgarten bis zur Prinzessin vordringen. Bei der
663 1931 1605 2019 Vollführung des ersten Teiles seines Racheplanes
664 1975 1600 2061 leistet ihm das Objekt nicht gar sonderlichen Wider¬
660 2011 1600 2109 stand; aber es hat die Macht, die Vollendung des
653 2065 1597 2143 Planes zu hemmen: Medardus reflektiert, fast ein
663 2100 1279 2165 Beseligter: „Es eilt nicht so sehr,
1362 2128 1609 2200 warum soll
655 2133 1596 2218 man nicht ein paar wunderbare Nächte haben!“ Wie
659 2180 1597 2251 dem auszugsbereiten Kriegshelden, so fällt dem sein Nache¬
659 2221 1599 2301 werk Betreibenden die Ironie des Schicksals grinsend
654 2254 1606 2343 in den Arm. Und immer wieder kreuzt sie seinen
651 2294 1594 2382 Weg, den sie zudem immer krauser und verworrener
652 2345 1592 2419 gestaltet. Der kein Kriegsheld werden konnte und
652 2384 1588 2459 auch bei der Ausführung des privaten Racheplaues
638 2410 1590 2499 Hemmungen erleidet, denkt nun an eine Ermordung
640 2459 1587 2537 Napoleons. Doch wie lenkt ihn das Schicksal! Nicht
636 2493 1580 2582 den Kaiser trifft sein Dolch, sondern die Prinzessin
641 2533 1591 2613 von Valois, die des Kaisers Geliebte gespielt
626 2570 1579 2659 hat, — gespielt hat, denn in Wahrheit wollte
632 2606 1573 2698 sie an ihm handeln wie Indith am Holofernes. So
626 2658 1566 2736 türmt sich die Ironie zum Gipfel der Groteske, da
630 2690 1578 2764 der, der dem Kaiser das Leben rauben wollte, zum
631 2739 1563 2816 Retter seines Lebens wird. Den Dank, den ihm
632 2771 1573 2854 der Kaiser deswegen überbringen läßt, vermag
628 2815 1562 2903 Medardus, völlig zusammengebrochen unter der
630 2850 1563 2917 Wucht aller Vereitelungen seines Wollens, nicht mehr
630 2896 1574 2970 zu ertragen; er enthüllt seine wahren Absichten und wird
624 2928 1569 3008 nandrechtlich erschossen, — dieses Krieges letzter und
626 2968 1559 3051 seltsamster Held“ wie ihn der französische General nennt.
621 3008 1565 3081 Aber des Dichters wahre Absicht sollen wir aus dem
615 3053 1555 3123 Wort erkennen, das des seltsam Umgetriebenen
610 3086 1559 3166 treuester Freund, der philosophische Buchhändler
607 3129 1561 3210 Etzelt, über ihn spricht: „Gott wollte ihn zum Helden
601 3174 1555 3256 schaffen, der Lauf der Dinge machte einen Narren
604 3207 803 3262 aus ihm.
645 3257 1556 3335 Der Lauf der Dinge, soweit sie den Medardus
602 3286 1549 3370 betreffen, durchzieht die Dichtung nicht in voller
601 3331 1543 3412 Sichtbarkeit. Oft wird er von Details überwuchert,
601 3361 1554 3436 die den Dichter auf längere Strecken offenbar stärker
596 3407 1546 3485 fesseln. Nur zweierlei sei davon wenigstens an¬
595 3455 1543 3532 gedeutet. Einmal das Treiben der französischen
597 3490 1549 3561 Emigranten, die mit einer neben Napoleons
589 3522 1545 3606 Realität sich beinahe komisch ausnehmenden Phantastik
598 3559 1540 3643 die Wiederaufrichtung des französischen Königtums
586 3604 1533 3677 verfolgen, und dann die Charakteristik des Wiener
582 3645 1529 3714 Volksiums, bei der Schnitzler so wenig schön¬
588 3688 1536 3763 färberisch verfahren ist, daß man es den Wienern
594 3720 1097 3784 nachfühlen kann, wenn
1099 3743 1185 3789 sie
1191 3743 1287 3798 sich
1304 3753 1527 3805 nicht allzu
587 3767 1275 3830 gern in diesem Spiegel beschauen.
1310 3789 1535 3844 Aber wir
586 3806 1537 3894 brauchen von der Höhe der Volkserhebung unserer
584 3841 1536 3911 Tage doch nicht verächtlich auf diese braven
600 3878 1526 3964 Spießbürger hinabnschauen. Denn es ist ja das
588 3924 1522 4011 Rendende Meteor Bonaparte, das sie sasziniert, und
1740 104 2666 184 aller Pläne der französischen Royalisten wie schließlich
1721 129 2659 220 der Ausgangs= und Endpunkt aller Unterhaltungen,
1729 173 2675 261 aller Befürchtungen und auch Hoffnungen der Wiener
1717 209 1965 268 Kleinbürger.
1748 263 2664 344 Ueber die Aufführung nach der fast fünfstündigen
1714 287 2659 360 Dauer nur ein paar Anmerkungen. Barnowsky hat
1717 333 2655 406 das breit ausladende Werk noch aus der Erbschaft
1719 367 2653 461 Brahms übernommen, und offenbar gern übernommen.
1719 408 2650 484 Wie im Vorjahr im „Peer Gynt“, so hätte er auch
1712 442 2646 527 in Schnitzlers bilderreicher Historie sich szenisch voll
1715 486 2646 573 ausleben können. Aber er hat es nicht ganz in dem er¬
1706 524 2640 617 warteten Maße getan. Die szenisch ergiebigste
1702 575 2647 654 Szeue auf der Burgbastei während der Belage¬
1702 605 2632 678 rung hat er sich ganz geschenkt; wie es scheint, in
1697 639 2653 726 der auch sonst hervortretenden Absicht, das Volk“
1694 681 2622 773 nicht so stark im Vordergrunde agieren zu lassen,
1700 726 2625 813 wie es dem Dichter beliebt hat. Leider geht dadurch
1692 764 2624 859 dem Werke viel von dem Besten, dem eigentlich
1691 806 2629 890 Schnitzlerschen verloren, wenn auch auf der anderen
1689 842 2631 931 Seite die Medardus=Handlung in ihrer Verknüpfung mit
1692 882 2628 970 der Valois=Angelegenheit somit an Klarheit und
1682 921 2618 1008 Straffheit gewinnt. Nur schade wiederum, daß die
1681 950 2618 1050 Schultern des Herrn Theodor Loos zu schwach er¬
1670 1009 2608 1089 scheinen, sie zu tragen. Dieser Künstler hat zu wenig von
1677 1039 2616 1123 dem Stoff, aus dem Helden geformt werden; er gibt die
1677 1077 2601 1165 Entgleisungen eines Dekadenten, nicht die eines durch
1673 1116 2599 1193 widrige Schicksale verpfuschten heroischen Romantikers.
1665 1153 2605 1243 Alle anderen Rollen, an sich nicht sonderlich be¬
1661 1191 2601 1284 deutungsvoll, hatten durch Streichungen noch
1657 1239 2599 1325 mancherlei gelitten. Am sinnfälligsten hob sich noch
1664 1271 2597 1361 die Prinzessin heraus, zumal Lina Lossen ihr die
1667 1315 2440 1385 Konturen eines vornehmen Bildes gab.
2446 1346 2482 1376 1
2479 1349 2601 1410 Des
1657 1350 2592 1426 ferneren waren in dem köpfereichen Ensemble
1644 1394 2171 1460 die Damen Grüning,
2294 1424 2582 1484 Emmering,
1646 1425 2582 1521 Santen, Dumcke =Carlsen, die Herren
1652 1464 2584 1551 Abel, Salfner, Herzfeld, Landa mit Erfolg
1643 1507 2593 1609 bemüht, ihre mehr oder minder lohnenden Aufgaben
1652 1557 2578 1641 zweckentsprechend zu lösen, und Kayßler spielte den
1647 1593 2579 1675 französischen General als getreues Abbild des Impe¬
1639 1631 1776 1681 rators.
1679 1668 2567 1743 Immerhin, so große Mühe allerseits aufgewendet
1633 1712 1795 1768 wurde, -
1813 1725 2566 1797 wer diese Schnitzlersche Dichtung in ihrem
1639 1757 2566 1834 ganzen Reichtum genießen, zum Bewußtsein ihrer
1636 1785 2559 1882 vielen Einzelschönheiten gelangen will, wird gut tun,
1633 1821 2201 1916 das Buch zur Hand zu nehmen.
2410 1900 2524 1960 Kp.
