3392 4320
435 39 577 100 mer
629 55 722 101 S
394 87 1318 154 Dichtung die Gestalten und Begebnisse umwittert
376 124 1329 214 sind, und damit das, was ihren eigentlichen Reichtum
378 161 582 215 ausmacht.
420 187 1314 283 Also bescheiden wir uns mit einer möglichst knappen
366 242 1041 308 Stizzierung der Dichtungs=Elemente!
408 298 1326 361 Hätte Schnitzler die Wesensart seines Werkes scharf
366 318 1316 396 präzisieren wollen, so hätte er es eine ironisch=roman¬
374 360 1313 443 tische Historie nennen müssen. Mit starker Betonung
368 399 1310 475 des Ironischen, denn das Ironische gibt dem Roman¬
368 449 1310 511 tischen die eigentliche Würze, und beides vereinigt sich
363 488 1080 539 zu einer scharfen Kritik am Historischen.
406 517 1297 591 Der junge Medardus Klähr, der Sohn eines
366 545 1312 644 Wiener Buchhändlers, dem in kriegerischer Zeit ein
358 610 1307 676 unheldisches Ende beschieden ward, hat das Zeug
370 641 1309 698 zum Helden. Als solcher wird er gewiß in dem
362 683 1301 752 großen Befreiungskampfe gegen den Vonaparte ge¬
360 708 1297 781 waltige Taten vollführen. Doch welch romantisch¬
361 757 1304 824 ironisches Spiel treibt das Schicksal mit ihm! Da
356 788 1294 873 er, die Brust geschwellt von ungestümem Tatendrang,
360 846 1307 903 ins Feld rücken will, legt man ihm die Leiche der
357 880 1295 948 Schwester in den Weg. Mit einem Abkömmling des
344 918 1296 981 umherirrenden ehemaligen Herzogs von Valois hat sie's
349 956 1294 1027 gehalten, und beide haben nun einen freiwilligen Tod
356 995 1294 1065 in der Donau gefunden. Was ist dem Medardus jetzt
353 1035 1287 1108 der Bonaparte und das Schicksal Wiens und das
349 1080 1292 1142 Schicksal Europas! Er selbst und die Ehre oder
351 1118 1290 1180 Schande seiner Familie — darum kreist nun all'
346 1146 1289 1223 sein Denken. Und mit der unheimlichen Klarheit des
341 1193 1288 1264 Phantasten arbeitet er den jünglingshaften Plan der
348 1239 1290 1303 Rache Auge um Auge aus: Hat ein Valois meine
349 1283 1291 1345 Schwester ins Unglück gebracht, so entehre ich seine
349 1314 1180 1380 Schwester und schreie ihre Schande in
1184 1329 1281 1377 alle
343 1349 1180 1419 Welt. Der Romantiker Schnitzler läßt
1183 1368 1284 1423 ihn
345 1390 439 1438 erst
452 1394 834 1461 noch ein Duell
843 1406 1277 1463 mit einem Verehrer
337 1418 444 1478 des
466 1433 823 1489 Entehrungsobjektes
839 1444 1158 1500 bestehen, läßt
1186 1451 1275 1502 ihn
331 1477 1173 1539 dabei eine Wunde dicht am Herzen empfangen,
1187 1485 1287 1544 und
342 1517 1286 1582 mit dieser schier tödlichen Wunde muß nun der ro¬
337 1562 1280 1618 mantische Rächer Medardus über die Mauer in den
341 1590 1283 1656 Schloßgarten bis zur Prinzeisin vordringen. Bei der
331 1637 1276 1700 Vollführung des ersten Teiles seines Racheplanés
327 1665 1277 1741 leistet ihm das Objekt nicht gar sonderlichen Wider¬
335 1714 1269 1786 stand; aber es hat die Macht, die Vollendung des
327 1755 1189 1812 Planes zu hemmen: Medardus reflektiert, fast
1196 1756 1284 1818 ein
333 1785 965 1846 Beseligter: „Es eilt nicht so sehr,
1031 1800 1276 1857 warum soll
329 1838 1275 1906 man nicht ein paar wunderbare Nächte haben!“ Wie
331 1868 1268 1938 dem auszugsbereiten Kriegshelden, so fällt dem sein Nache¬
330 1909 1263 1967 werk Betreibenden die Ironie des Schicksals grinsend
324 1938 1268 2016 in den Arm. Und immer wieder krenzt sie seinen
330 1985 1279 2058 Weg, den sie zudem immer krauser und verworrener
326 2042 1268 2098 gestaltet. Der kein Kriegsheld werden konnte und
327 2064 1264 2130 auch bei der Ausführung des privaten Racheplanes
325 2097 1275 2183 Hemmungen erleidet, denkt nun an eine Ermordung
322 2146 1272 2214 Napoleons. Doch wie lenkt ihn das Schicksal! Nicht
325 2184 1267 2238 den Kaiser trifft sein Dolch, sondern die Prinzessin
318 2226 1270 2299 von Valois, die des Kaisers Geliebte gespielt
322 2275 1269 2333 hat, — gespielt hat, denn in Wahrheit wollte
318 2300 1260 2367 sie an ihm handeln wie Indith am Holofernes. So
320 2348 1259 2416 türmt sich die Ironie zum Gipfel der Groteske, da
312 2390 1272 2455 der, der dem Kaiser das Leben rauben wollte, zum
325 2420 1253 2497 Retter seines Lebens wird. Den Dank, den ihm
324 2471 1266 2537 der Kaiser deswegen überbringen läßt, vermag
317 2498 1253 2574 Medardus, völlig zusammengebrochen unter der
318 2548 1254 2611 Wucht aller Vereitelungen seines Wollens, nicht mehr
312 2586 1256 2648 zu ertragen; er enthüllt seine wahren Absichten und wird
317 2626 1260 2690 nandrechtlich erschossen, — „dieses Krieges letzter und
310 2663 1259 2728 seltsamster Held“, wie ihn der französische General nennt.
315 2697 1258 2771 Aber des Dichters wahre Absicht sollen wir aus dem
308 2739 1248 2808 Wort erkennen, das des seltsam Umgetriebenen
312 2784 1247 2849 treuester Freund, der philosophische Buchhändler
311 2818 1258 2885 Etzelt, über ihn spricht: Gott wollte ihn zum Helden
305 2847 1248 2928 schaffen, der Lauf der Dinge machte einen Narren
307 2892 498 2953 aus ihm.“
345 2932 1254 3000 Der Lauf der Dinge, soweit sie den Medarbus
295 2978 1247 3040 betressen, durchzieht die Dichtung nicht in voller
311 3018 1249 3092 Sichtbarkeit. Oft wird er von Details überwuchert,
307 3052 1240 3133 die den Dichter auf längere Strecken offenbar stärker
296 3093 1249 3158 fesseln. Nur zweierlei sei davon wenigstens an¬
297 3144 1241 3202 gedeutet. Einmal das Treiben der französischen
296 3180 1245 3243 Emigranten, die mit einer neben Napoleons
291 3220 1248 3283 Realität sich beinahe komisch ausnehmenden Phantastik
297 3259 1245 3323 die Wiederauflichtung des französischen Königtums
302 3299 1242 3366 verfolgen, und dann die Charakteristik des Wiener
296 3326 1233 3387 Volkstums, bei der Schnitzler so wenig schön¬
302 3369 1246 3439 färberisch verfahren ist, daß man es den Wienern
287 3412 663 3468 nachfühlen kann,
663 3426 798 3470 wenn
807 3427 893 3477 sie
899 3422 1244 3487 sich nicht allzu
300 3452 992 3518 gern in diesem Spiegel beschauen.
1019 3466 1231 3520 Aber wir
299 3494 1235 3563 brauchen von der Höhe der Volkserhebung unserer
300 3530 1247 3612 Tage doch nicht verächtlich auf diese braven
294 3574 1247 3660 Spießbürger hinabzuschauen. Denn es ist jn das
284 3600 1290 3703 blendende Meteor Vonaparte, das sie fasziniert, und 1:
1333 112 2267 176 in Schnitzlers bilderreicher Historie sich szenisch voll
1339 159 2279 224 ausleben können. Aber er hat es nicht ganz in dem er¬
1344 192 1662 244 warteten Maße
1661 197 2280 265 getan. Die szenisch ergiebigste
1341 239 2281 305 Szene auf der Burgbastei während der Belage¬
1334 273 2272 338 rung hat er sich ganz geschenkt; wie es scheint, in
1333 315 2280 395 der auch sonst hervortretenden Absicht, das Volk
1330 362 2272 429 nicht so stark im Vordergrunde agieren zu lassen,
1327 391 2272 460 wie es dem Dichter beliebt hat. Leider geht dadurch
1328 436 2280 501 dem Werke viel von dem Besten, dem eigentlich
1329 477 2272 540 Schnitzlerschen verloren, wenn auch auf der anderen
1337 513 2275 567 Seite die Medardus=Handlung in ihrer Verknüpfung mit
1319 547 2268 608 der Valois=Angelegenheit somit an Klarheit und
1333 593 2265 652 Straffheit gewinnt. Nur schade wiederum, daß die
1326 630 2263 680 Schultern des Herrn Theodor Loos zu schwach er¬
1329 663 2265 737 scheinen, sie zu tragen. Dieser Künstler hat zu wenig von
1325 708 2257 771 dem Stoff, aus dem Helden geformt werden; er gibt die
1325 748 2260 814 Entgleisungen eines Dekadenten, nicht die eines durch
1318 789 2256 849 widrige Schicksale verpfuschten heroischen Romantikers.
1323 822 2250 882 Alle anderen Rollen, an sich nicht sonderlich be¬
1313 866 2257 934 deutungsvoll, hatten durch Streichungen noch
1306 902 2251 967 mancherlei gelitten. Am sinnfälligsten hob sich noch
1309 950 2251 1006 die Prinzessin heraus, zumal Lina Lossen ihr die
1318 987 2102 1037 Konturen eines vornehmen Bildes gab.
2129 995 2252 1052 Des
1317 1020 2241 1088 ferneren waren in dem köpfereichen Ensembie
1305 1064 1890 1119 die Damen Grüning, v
1940 1079 2232 1134 Emmering,
1313 1104 2242 1162 Santen, Dumcke=Carlsen, die Herren
1302 1137 2246 1212 Abel, Salfner Herzfeld, Landa mit Erfolg
1311 1182 2241 1249 bemüht, ihre mehr oder minder lohnenden Aufgaben
1305 1228 2246 1289 zweckentsprechend zu lösen, und Kayßler spielte den
1310 1262 2240 1337 französischen General als getreues Abbild des Impe¬
1298 1301 1451 1354 rators.
1335 1330 2234 1395 Immerhin, so große Mühe allerseits aufgewendet
1308 1377 1460 1429 wurde, —
1484 1379 2235 1440 wer diese Schnitzlersche Dichtung in ihrem
1301 1423 2233 1485 ganzen Reichium genießen, zum Bewußtsein ihrer
1303 1460 2231 1525 vielen Einzelschönheiten gelangen will, wird gut tun,
1288 1495 1863 1555 das Buch zur Hand zu nehmen.
2136 1542 3131 1665 Eitung: Berliner Volks-Zeitung
2550 1623 2961 1699 (Morgen-Ausgabe)
2112 1666 2575 1754 Adresse: Berlin
2111 1781 2327 1863 Datum:
2606 1781 2920 1884 2 5. Okt. 1914
2222 1898 2949 2003 „Der junge Medardus.“
2057 1982 3152 2050 Arthur Schnitzters dramatische Historie im Lessing=Theater.
2028 2032 3215 2110 Allzuviel Rücksichtnahme ist ungesund. Und es ist nicht gut, ein
1970 2057 3215 2159 Theaterstück daraufhin zu prüfen, ob es ganz oder nur teilweise
1983 2110 3217 2193 in die Stimmung dieser Kriegstage paßt. Die Hauptsache wird immer
1976 2147 3214 2241 die Theaterwirkung bleiben. Diese Wirkung blieb gestern im Lessing¬
1971 2190 3210 2282 Theater aus. Ein feines Lesestück wird in der Bühnenhelle auch dann
1968 2243 3216 2336 nicht gewinnen, wenn stellenweise Trommeln und Pfeifen erklingen
1969 2287 2609 2347 und „draußen“ wirklich Krieg ist.
2015 2323 3201 2396 Arthur Schnitzlers Szenenreihe „Der junge Medardus“
1973 2366 3202 2452 war der große Burgtheatererfolg des Vorjahres. Der Wiener Er¬
1960 2411 3196 2499 folg müßte sich allein aus dem reizvollen Lokalkolorit erklären, wenn
1963 2452 3191 2522 eben nicht hinzukäme, daß Arthur Schnitzler noch immer der un¬
1965 2490 3201 2581 erreichte Künder der Alt= und Neuwiener Schwermut, der Lässigkeit
1959 2527 3194 2620 des Oesterreichertums ist und der Sänger des süßen Mädels und
1955 2579 3194 2661 des Anatol. Heute ist das alles anders geworden. Anatol kämpft auf
1955 2620 3192 2704 den Schlachtfeldern Galiziens, und das süße Mädel strickt, wenn es
1955 2659 3191 2743 nicht von allen guten Geistern verlassen ist, dauerhafte Strümpfe
1961 2704 3187 2778 und Pulswärmer. Das Blut von Feinden und Freunden wird ver¬
1946 2738 3194 2826 spritzt ... da wollen wir keine müde Stimmung aufkommen lassen
1947 2780 3196 2874 und die lässigen Gestalten belächeln, die hier auf den Festungswällen
1946 2822 3140 2913 des Wiens vom Jahre 1809 von Bonaparte entwaffnet werden.
1998 2875 3184 2953 In vierzehn Bildern entwickelt der Dichter die Wandlungen des
1942 2911 3181 2987 Helden und läßt im Hintergrunde die Wandlungen der Stadt er¬
1949 2941 3188 3039 blicken, deren Wesen zu Medardus gehört wie er zu ihr. Man könnte
1940 2980 3178 3083 allerlei moralische Tendenzen aus dieser Historie herausschälen, deren
1946 3029 3183 3124 Unglück es ist, daß sie zum Drama nicht emporzusteigen vermag.
1950 3068 3180 3163 Ein Dichter, dessen Werke wir alle schätzen und lieben, hat diesen
1937 3115 3183 3208 Medardus gestaltet, den der Tod der Schwester aus der selbst¬
1942 3163 3191 3246 gewählten Lebensbahn schleudert. François von Valois hat diese
1945 3201 3184 3296 Schwester in den Tod gerissen. Sie starben beide, aber Medardus
1933 3241 3185 3331 fühlt sich zum Rächer berufen. Das ist der starke, dramatische
1932 3279 3186 3371 Konflikt, der sich in seinen, kunstvollen Bildern auflöst. Die Auf¬
1927 3326 3171 3418 lösung ist so vollkommen, daß man vom Wiedereinsetzen Der Handlung
1925 3364 3172 3450 überrascht ist. Stille, gütige Worte werden gesprochen. Vor den
1930 3406 3162 3499 Fenstern der Altwiener Stuben dehnen sich die Bergketten und Wälle
1922 3451 3155 3539 der alten Stadt. Wie alt sind die jungen Menschen dieses Stückes! ...
1921 3491 3166 3577 Unser Empfinden aber, aufgerüttelt und bestimmt von den flammenden
1923 3531 3164 3635 Zeichen unserer Zeit, sträubt sich gegen einen müden Helden und gegen
1917 3566 2425 3632 die Geschehnisse seiner Zeit.
1974 3615 3152 3703 Unter den sechzig Darstellern herrschte große Uneinigkeit in der
1914 3636 3158 3749 Behandlung des Wiener Dialekts. Neben ausgezeichneten Leistungen,
1911 3700 3162 3792 wie die von Ilka Grüning, Lina Lossen, Traute Carlsen,
1914 3743 3150 3827 Max Landa, Alfred Abel und Friedrich Kayßler standen
1908 3785 3157 3847 Darbietungen, die nicht zum Lessing=Theater gehören. Den Medardus
1919 3829 3148 3912 gab Theodor Loos; die Aufgabe wäre ihm leichter geworden,
1904 3860 3144 3942 wenn er darauf verzichtete hätte, ein Anatol in Uniform zu sein.
1913 3897 3148 3994 Einige Szenen bezeugten allerdings aufs neue die starke Begabung
1901 3946 3140 4018 des jungen Darstellers. Barnowskys Regie ließ sich keine Stei¬
1894 3981 3127 4072 gerungen entgehen und bot schöne Bühnenbilder, dämpft; aber nicht
1900 4024 2396 4096 selten an unrechter Stelle.
2920 4059 3101 4117 M. Sch.
