3344 4224
1521 90 1995 190 box 26/5
196 91 1378 209 22. Der—junge Medandus
2538 1279 2803 1375 A
2919 1291 3190 1381 D
346 1314 2696 1424 banger Zweisler an allem Bestehenden ist, spiegelt sich in nahezu! Schmerz um die Schwester, um den Onkel. um das Vaterland,
2697 1363 3274 1448 Helden schaffen, der Lauf d
339 1366 1525 1431 sämtlichen seiner Dichtungen. In dieser, gerade in dieser, die in
2706 1399 2924 1469 aus ihm.“
1515 1383 2698 1466 um die Geliebte wühlen wechselnd in ihm. Und nun die Reise
350 1422 1521 1471 ein freundliches, uns vertrautes Landschaftsbild hinein¬
1531 1439 2713 1511 seiner tausendfältigen Leiden? Seiner bitter erkauften Wahr¬
2769 1435 3293 1529 All dem mag nun freilich
332 1469 1522 1528 gestellt ist, mehr als je in einer früheren. Früher erwog
1525 1485 2704 1553 heit letzter Schluß? Da er ausgeht, zur Rache an dem
2699 1489 3288 1559 in dieser „dramatischen
334 1509 1520 1574 und verglich er bedächtig, ehe er verwarf. Hier aber sind den
1527 1526 2706 1602 Tyrannen, macht ihn ein Zufall zum Mörder aus Eifersucht,
2689 1526 3307 1614 zu lösen, Fragen zu entscheide
344 1549 1530 1604 angezweifelten Werten fast überhaupt keine Gegenwerte gegen¬
1518 1564 2708 1645 Und wie um sich den entfliehenden Schein des Heldentumes zu
2707 1582 3291 1655 wahrhaft verheerende Feldzu
341 1605 1534 1665 übergestellt Hier ist nühts als die nackte, grausame Lust am Ver¬
1526 1617 2701 1692 retten, geht er für eine Torheit in einen unerklärlichen Tod.
2692 1629 3302 1708 Menschen, ihren guten, starken
340 1638 1530 1716 löschen aller Freude, am Versiegen aller lebenspendenden Kräfte.
1530 1661 2716 1740 Dieser Medardus ist wahrhaftig trotz aller ängstlichen Be¬
2705 1669 3198 1743 tümer nicht gerechtfertigt.
427 1696 1517 1766 Da ist die wunderbar gütige Witwe Klär. Mann, Tochter,
1525 1705 2704 1776 gründung unverständlich. Stellen wir hier der dichterischen
2766 1725 3201 1791 Was diese Dichtung
346 1724 1518 1810 Bruder. Sohn sterben ihr sozusagen unter den Händen weg.
1528 1734 2707 1828 Fabel die historische Begebenheit vergleichend
2693 1753 3281 1840 ist ihre rasch und kräftig
329 1778 1529 1851 Vergeblich müht sie sich, mit ihren schwachen Frauenhänden in
1520 1781 2703 1867 gegenüber. Bei der Parade, die Napoleon, während die Friedens¬
2690 1799 3301 1888 Problemen ferne haben diese 9#
330 1823 1531 1910 das unerbittliche, grausame Räderwerk des Schicksals zu greisen,
1530 1840 2697 1910 verhandlungen im Gange waren, in Schönbrunn abhiell, fiel dem
2700 1858 3270 1923 In sich selbst zu versenken,
342 1869 1524 1936 das sich gegen sie verschworen hat. Eine unnatürliche
1516 1883 2701 1953 General Rapp das sonderbare Venehmen eines jungen
2704 1903 3288 1973 Schnitzlers so gern kun. Stark
330 1908 1527 1989 Fähigkeit bürdet ihr der Autor auf, von eben erlittenen Schmerzen
1522 1929 2712 2001 Menschen, Staps war sein Name, auf. Er ließ ihn festnehmen,
2703 1942 3280 2018 lärm herein, die Schicksale
336 1963 1526 2026 weg alsbald, in wenigen Tagen, Stunden zu neuen bereit und auf¬
1517 1972 2696 2049 man fand bei ihm ein großes Küchenmesser und Napoleon selbst
2692 1978 3291 2054 Dramas werden mitgerissen, ei
338 2000 1524 2078 nahmsfähig zu sein, nennen wir es „Tauglichkeit zur Tragik“
1515 2015 2701 2088 verhörte ihn. Der Wortlaut des Gespräches war folgender:
2695 2033 3291 2099 lichen Vorgänge So wird viel
331 2045 1521 2117 nicht rein körperlich genommen, nicht lediglich in bezug auf
1514 2062 2704 2137 „Woher sind Sie?“ „Aus Nineburg.“ „Was ist Ihr Valer?“
2699 2080 3301 2143 wäre, wer hier ein Held im klei
340 2088 1530 2153 physische Kräfte, mehr nach der dramatischen Seite hin, und
1517 2115 2700 2179 „Protestantischer Prediger.“ „Wie alt sind Sie?“ „Achtzehn
2696 2108 3298 2188 ein Anrecht, in das Heldentum
343 2137 1529 2210 entläßt sie schließlich, sie unserem Mitleid warm anheimstellend,
1519 2145 2683 2215 Jahre.“ „Was wollten Sie mit dem Messer tun?“ „Sie töten!“
2686 2161 3303 2235 werden. Zu sonderlichem Dan
337 2175 1524 2250 als eine, die keines von all dem Unheil, das auf sie nieder¬
1513 2194 2710 2276 „Sie sind verrückt, junger Mann, Sie sind Illuminant!“ „Ich
2691 2210 3293 2284 Wiener eigentlich keinen Grund
338 2219 1517 2294 stürzt, verschuldete, keines hindern konnte, der keine Strafe
1518 2242 3298 2316 bin nicht verruckt und weiß nicht, was das heißt, illuminant] hier vorgeführt wird! Neu
337 2260 1520 2357 ward, an der sich einfach stumpf und unbarmherzig so viel
1524 2278 2710 2350 sein.“ „Sie sind also krank?“ „Ich bin nicht krank, ich
2691 2303 3279 2374 gemeinen Handstreichen und St
328 2306 1011 2385 grausames Erlehen vollzogen hat.
1523 2329 2705 2395 befinde mich wohl.“ „Warum wollten Sie mich töten?“
2683 2344 3246 2422 mütig in seiner Kaisertreue!
411 2355 1528 2439 Da ist Etzelt, ein Freund, jeder Aufopferung fähig, ein
1511 2371 2697 2446 „Weil Sie das Unglück meines Vaterlandes sind?“
2766 2402 3252 2463 Außergewöhnlich groß
338 2404 1528 2482 Freund, der berufen scheint, es in jeder Minute zu cleiben und
1520 2417 2684 2487 „Habe ich Ihnen etwas Uebles getan?“ „Wie allen
2678 2432 3299 2510 technischen sowohl als die künstle
340 2438 1516 2529 der schließlich den Freund nicht mehr versteht, an ihm irre wird,
1512 2460 1884 2525 Deutschen
1869 2464 2696 2538 (Dann nach einigen Zwischenfragen):
2695 2488 3294 2558 dieser Dichtung mit sich brachte
335 2496 1518 2560 seinen Glauben an ihm verliert, gegen ihn harl, ja sogar
1523 2506 2694 2579 „Sie haben einen überspannten Kopf. Sie werden Ihre
2690 2534 3293 2593 zu werden, konnte füglich nur
341 2550 1512 2618 ungerecht wird und dem schließlich nur ein erschüttertes
1519 2551 2694 2604 Familie ins Unglück bringen. Ich will Ihnen das Leben!
2684 2577 3290 2647 unseres Burgtheater unternehm
336 2584 1519 2655 Bedauern übrig bleibt. Da ist Agathe und Francois, die mit
1520 2595 2695 2673 schenken, wenn Sie mich wegen des Verbrechens um Verzeihung
2695 2615 3276 2683 Möglichkeiten erschöpft, uns d
336 2631 1519 2700 ihrer heißen Liebe in den Tod gehen. Der gutmütige Meister
1510 2633 2696 2692 bitten, das Sie haben begehen wollen und nun bereuen
2694 2674 3293 2726 zubringen, ist fraglich. Die Hö
325 2662 1507 2739 Eschenbacher, der seine Güle mit dem Tode bezahlt, ein ur¬
1521 2680 2700 2748 müssen!“ „Ich will keine Verzeihung, ich empfinde das innigste
2686 2712 3292 2765 steht, hat er zu sehr verstandes
320 2720 1513 2790 altes Männlein, das an der Hand seiner letzten Enkelin ein
1521 2727 2693 2801 Bedauern darüber, daß es wir nicht gelungen ist.“ „Teufel
2685 2764 3298 2831 müßte vielleicht doch jünger, ##
324 2761 1517 2820 paarmal über die Bühne humpelt und dem ein Granatsplitter
1512 2766 2687 2839 es scheint, ein Verbrechen ist für Sie nichts!“ „Sie zu völen
2679 2802 3267 2867 sein. Ja, an Torheit ist
322 2806 1515 2872 das Kind fortreißt. Da ist Anna Verger, die den Medardus
1509 2813 2680 2894 in kein Verbrechen, sondern eine Pflicht.“ Napoleon hegte tal
2689 2833 3259 2910 zudenken. Noch drängt sic
333 2852 1511 2917 liebt, von ihm kaum beachtet wird, schließlich aus Gram als
1519 2858 2682 2922 sächlih Zweifel an der geistigen Gesundheit diese¬
2691 2879 3305 2953 auf, was Kainz aus dieser 9
327 2890 1513 2966 Krankenwärterin ins Spital geht und sich dort eine tot¬
1506 2913 2688 2973 Jünglings. Und auch uns erscheint auf diesem kleine¬
2696 2928 3294 2998 dichter wohl bei seinen jah
321 2930 1517 3002 bringende Krankheit holt. Und schließlich, am schlimmsten
1517 2949 2685 3017 Umwege das Gebaren des Jünglings verständlich, der Vorsal
2691 2962 3290 3046 Medardus“ gedacht haben ma
320 2974 1521 3053 bedacht, Medardus selbst. Anfänglich voll hohen Feuers, ent¬
1507 2987 2682 3067 nimmt simple, gewöhnliche Züge an. Den psychologischen Ir¬
2697 3013 3292 3086 eben beseelt ist die Witwe
322 3032 1516 3109 zündet an großen Idealen, dann wunderlich schwankeid
1518 3036 2690 3122 weden des Nachbildes, des „jungen Medardus“ zu folgen, in
2689 3068 3265 3121 Bleibtreu. Sie ist im
326 3058 1523 3141 zwischen Weiberlibe und Vaterlandsliebe. Daß beide
1508 3077 2672 3141 schon wesentlih schwieriger, unhezu unmöglich. Ganz gege¬
2688 3107 3290 3166 sonen, die in leichtem, dialektisch
333 3100 2682 3177 gleich mächtig auf ihn einwirken, daß er sich in keiner Schluß des Tramas wird ein Wort über Medardus gesprochen
2679 3150 3293 3218 klement aufschimmern lassen. F
326 3161 3298 3275 auslebt, drückt ihm den Stempel der weichlichen Schwäche auf. das ihn einigermaßen richtig bestrahlt: „Gol wollte ihn zum  bringt mil Herrn Frank al
