3296 4256
1471 164 1962 245 box 26/6
156 153 1351 268 22. Der junge Medandus
822 1198 3170 1296 wenn man nicht die fünf Stunden der Darstellung im von seinem Plane abgebracht, sich den Franzosen entgegen¬
1989 1255 3184 1313 zuwersen. Rachegedanken anderer Art steigen in ihm auf.
828 1277 1989 1329 Theater verleben kann. Übrigens enthält der Dialog viele
53 1206 531 1349 Viener Brief
1989 1298 3165 1351 Er will an den Valois die seiner Familie zugefügte Schande
823 1307 2003 1368 Feinheiten, die in der Kulissenwelt erdrückt werden und
76 1326 811 1396 — Glaube und Heimat — Wohnungsnot —
1981 1333 3169 1390 und das schwere Unglück sühnen. Aber das Schicksal be¬
831 1359 1798 1429 bei denen der Leser um so dankbarer verweilt.
73 1371 445 1433 Christkindelmarkt)
1994 1375 3174 1425 stimmt es anders: Medardus gerät zunächst in die zarten
905 1370 2004 1443 Der junge Medardus führt uns in das Wien des
1984 1404 3171 1466 Netze der schönen Tochter des blinden ehemaligen Herzogs.
183 1416 814 1490 Wien, Ende November 1910
814 1419 1990 1481 Jahres 1869. Wir erleben die Franzosenzeit mit allen
1985 1434 3165 1497 Nicht kopflos, planlos, sondern mit teuflischer Nebenabsicht.
828 1466 1996 1515 ihren Schrecken und Greueln, aber wir können uns auch
63 1471 834 1535 ation des laufenden Theaterjahres ist
1991 1470 3179 1541 Er will Helene Valois in Schande stürzen und so Gleiches
836 1497 2001 1561 des flammenden Patriotismus erfreuen, der sich so schön
1990 1509 3170 1581 mit Gleichem vergelten. Aber die stolze Französin, die wie
60 1519 838 1586 November erlebte Arthur Schnitzlers
839 1533 1992 1604 geltend machte, als es hieß, den Kampf gegen den
75 1557 853 1612 Der junge Medardus ihre erste Auf¬
1989 1563 3181 1621 die Wiener in Napoleon ihren ärgsten Feind sieht, be¬
833 1562 1994 1637 grimmigen Feind aufzunehmen. Die dramatische Histprie
1993 1577 3177 1660 absichtigt, Medardus nur für ihre ehrgeizigen Zwecke zu
49 1598 835 1659 theater. In der ursprünglichen Fassung
836 1616 1989 1670 sucht den Geist der Zeit auf die Bühne zu bringen, das
1989 1625 3180 1700 mißbrauchen. Damit die Valois' nur auf den Thron Frank¬
60 1627 838 1693 ie Darstellung sieben Stunden in An¬
832 1650 2008 1719 Denken und Fühlen der Menschen in einer so großen
1993 1667 3170 1735 reichs kommen können, soll er den sieggekrönten Eroberer
48 1678 842 1744 d das war etwas mehr, als die Nerven
839 1686 2011 1751 Epoche zu charatierisieren. Allerdings sind unter den
57 1708 843 1767 #nschen vertragen können. Jetzt dauert
1993 1696 3165 1770 ermorden. Wie sonderbar! An dasselbe hatte schon der
835 1727 2007 1784 Persönlichkeiten, die austreten, nur wenige historische Ge¬
57 1753 846 1816 le fünf Stunden, was immerhin noch
1998 1738 3174 1813 Wiener Jüngling gedacht, doch nun, da es ihm die Valois
841 1762 2006 1826 stalten. Aber die braven und schlechten Landeskinder und
68 1790 842 1852 ist. Allerdings ermüdet der Zuschauer
2001 1782 3173 1844 nahelegt, will er davon nichts wissen. Im Gegenteil. Im
839 1802 2000 1868 die ränkevollen französischen Emigranten, die sich nicht in
62 1817 847 1879 nicht, denn die 15 Verwandlungen, die
1997 1822 3169 1884 Schloßhofe zu Schönbrunn ersticht er die verführerische,
837 1834 1998 1906 den Blättern der Geschichte verzeichnet finden, sind so ge¬
62 1851 856 1925 Burgtheaters zuließ, bringen viel Leben
1989 1854 3177 1927 hochstrebende Helene, die er im Verdacht hatte, daß sie mit
851 1871 2001 1949 sehen und ersunden, daß man das Gefühl hat, sie hätten
68 1893 850 1975 uf die Bühne. Schon der Theaterzettel
1994 1902 3174 1966 Napoleon insgeheim eine Liebschaft unterhalte. Erst im
845 1908 2010 1983 ganz gut Anno s8i leben können. Historisch, im strengen
2003 1941 3179 1999 Gefängnis wird sich der junge Medardus seines Irrtums
73 1932 851 1988 und es will etwas heißen, daß die
848 1968 2001 2021 Sinne des Wortes, ist eigentlich bloß die Tatsache, daß ein
63 1977 853 2034 Bühne Österreichs bis auf den letzten
1998 1968 3178 2040 bewußt: Helene war nach Schönbrunn geeilt, um einen ver¬
851 1996 2008 2059 Attentat auf Napoleon versucht wurde, als der Kaiser der
81 2026 848 2075 buchstäblich genommen — ausrücken
2000 2009 3180 2081 borgenen Mordstahl gegen den Korsen zu zücken. Nun hört
844 2040 2005 2097 Franzosen zum zweiten Male in Schönbrunn residierte.
56 2065 853 2115 hält der Theaterzettel mehr als sechzig
2001 2041 3188 2122 auch Medardus zu schwanken auf, erst jetzt gewinnt er die
844 2075 1997 2135 Ein deutscher Jüngling, der Pastorssohn Friedrich Staps,
55 2097 848 2161 chen Mitwirkenden. Nicht so vollständig
2001 2094 3177 2153 Heldenpose. Er könnte sich retten, seinen Kopf aus der
854 2107 2011 2173 hatte den Entschluß gefaßt, den Bedrücker seines weiten
63 2138 845 2196 beiblichen Mitglieder des Burgtheaters
2002 2139 3190 2192 Schlinge ziehen, aber er will sterben, gleichsam mit offenen
850 2132 2015 2218 Vaterlandes aus der Welt zu schaffen. Er reiste von Erfurt
63 2177 856 2235 hin konnten wir eineinhalb Dutzend
2005 2171 3189 2240 Augen in den Tod rennen. Medardus gesteht, welche Ob¬
853 2192 2014 2255 nach Wien und näherte sich am 12. Oktober 1809 Napoleon,
73 2218 854 2273 zählen. Dieses Aufgebot hätte schon an
2001 2215 3185 2274 sichten er gehabt, daß auch er Napoleon vernichten wollte.
844 2224 2017 2297 um ihn mit einem scharfen Messer zu erdolchen. Aber ehe
93 2249 852 2300 Publikum in hellen Scharen herbei¬
2001 2260 2434 2320 Und er stirbt dafür.
849 2256 2006 2328 Staps noch an den Sieger von Austerlitz und Wagram
69 2285 854 2351 n jedoch noch der Umstand, daß Arthur
2068 2280 3182 2343 Das ist die Fabel des Stückes, der rote Faden, der
856 2301 2028 2373 herankommen konnte, wurde er von General Rapp erblickt
75 2323 853 2389 einen großen Kreis von Verehrern hat.
2000 2326 3184 2384 durch die Handlung läuft. Indes mehr als diese zu¬
848 2343 2021 2408 und ins Gefängnis geschickt. Aus Friedrich Staps ist der
70 2362 856 2427 weiten prachtvollen Räume des Burg¬
2006 2370 3175 2425 sammengedrängte Inhaltsangabe besagt, hat Schnitzler in
860 2375 2021 2442 junge Medardus geworden; aus einem phantastischen
67 2394 852 2463 um all die zu fassen, die gern bei der
2012 2417 3188 2471 seine dramatische Historie hineingelegt. Wundervolle, echt
856 2428 2016 2483 Jüngling, der sich von Gott zu einer hohen Mission berufen
60 2440 866 2505 wären. Um es gleich zu sagen: der Abend
2016 2447 3188 2507 wienerische Menschen treten auf, schön in ihrer Güte, in
857 2462 2014 2529 fühlte, wurde ein verliebtes, schwankendes Wiener Kind.
69 2480 859 2551 einen starken, rauschenden Erfolg. Auch
2018 2469 3182 2549 ihrem Idealismus, in ihrer treuherzigen Schwärmerei.
923 2496 2007 2552 Seine Mutter, Frau Klähr, hatte ihren Mann ver¬
102 2510 869 2584 die ihres Amtes zu walten hatten,
2007 2514 3191 2580 Daneben gibt es auch viel schlechtes Volk, geldgierige
853 2534 2018 2604 loren, als Napoleon zum ersten Male gegen die Hauptstadt
52 2548 865 2606 lichen Wurfe Schnitzlers und der hin¬
2008 2559 3184 2619 Denunzianten, schleichende Naderer, haltlose Kleinmütige.
864 2563 2009 2638 Österreichs heranrückte. Deshalb blieb in der Familie ein
62 2593 859 2652 gsamen Aufführung des Burgtheaters
2016 2585 3196 2663 Es wird viel gesungen und geschossen, die Kanonen brüllen
859 2612 2024 2677 starler Haß gegen den Emporkömmling, der der Welt
62 2640 867 2695 behaltes volle Anerkennung. Wien hat
2010 2630 3194 2696 und der Tod hält reiche Ernte. Wir befinden uns eben in
859 2650 2020 2717 seinen Willen aufzwingen wollte. Kein Wunder, daß sich
68 2680 869 2732 t ein Anziehungsmittel ersten Ranges,
2007 2670 3199 2728 der rauhen Napoleonischen Zeit, in der die Geschichte zum
866 2686 2019 2755 der junge Medardus Klähr mit unter denen findet, die sich
63 2718 868 2776 ich die Gelegenheit entgehen lassen, die
2010 2711 3193 2773 brausenden Strome anwächst und aufhört, ein friedlich hin¬
855 2726 2028 2802 freiwillig melden, um Österreich im Kampfe gegen den Er¬
71 2748 872 2815 nitzlers und des Burgtheaters zu ge¬
2023 2741 3195 2810 fließendes Bächlein zu sein. Alles dreht sich um den einen,
870 2766 2019 2834 oberer zu unterstützen. Schon ist der junge Medardus in
133 2790 861 2837 t es sehr fraglich, ob der junge
2012 2778 3196 2852 der gleichsam immer über der Bühne schwebt und doch nie¬
870 2813 2027 2875 der schmucken Landwehrtracht ausgerückt, um sich den ab¬
68 2816 865 2892 anderen Bühnen sein Glück versuchen
2023 2822 3188 2886 mals auf die Bühne kommt: um Napoleon. Das ist ein
858 2843 2023 2906 ziehenden Truppen anzuschließen. Doch da schwemmt die
2019 2854 3188 2928 feiner dramatischer Witz, den sich jedoch nur ein so gewiegter
58 2862 871 2927 wenige Theater, die sowohl über die
862 2879 2023 2947 Tonau zwei Leichen an: seine liebreizende Schwester und
67 2907 876 2980 krischen als materiellen Mittel verfügen,
2014 2890 3191 2971 Stimmungsschilderer wie Schnitzler leisten konnte. Den
68 2910 2021 3016 ufzuführen, das in der Buchausgabe den schönen Franz Valois, der ihr lange den Hof gemacht
2015 2929 3198 3002 jungen Medardus hätte Kainz spielen sollen. Jetzt liegt
862 2965 2031 3025 hat. Vergebens freilich! Sein Vater, der in Wien im Exil
97 2975 879 3037 Trotzdem kann jeder das neueste Werl
2016 2975 3192 3047 die Rolle in den Händen des Herrn Gerasch, der sein Bestes
873 3002 2026 3067 lebende ehemalige Herzog von Valois, wollte die Heirat
68 3010 870 3082 ten Verfassers von Anatol, Liebelei usw.
2016 3012 3196 3083 aufbietet, wie ja alle mit heiligem Eifer bei der Sache
873 3036 2026 3103 seines Kindes mit einem Bürgermädel nicht zugeben, denn
69 3052 882 3120 kssen. Die reichlichen Regicangaben, die
2226 3052 3193 3109 Der Sensationsabend ist nun vorüber, das
2019 3065 2151 3123 sind
62 3066 2035 3155 che gemacht hat, gestatten es, sich die Vor= er nahm für sich und sein Haus die Krone Frankreichs in
71 3135 3204 3209 sihne plastisch zu veranschanlichen, auch Anspruch. Durch dieses tragische Erlebnis wird Medardus! Premierensieber ist überwunden, die Sensation aber dauert
