3392 4352
1080 172 1123 238 M
344 163 1508 275 22. Dejunge darins
722 1465 1574 1566 „OBSERVER
834 1548 1526 1614 I. österr. behördl. konzessioniertes
790 1605 1547 1668 Unternehmen für Zeitungs-Ausschnitte
867 1661 1479 1732 WIEN, I., WOLLZEILE 11
931 1715 1402 1775 TELEPHON R-23-0-43
732 1750 782 1818 —
731 1811 1652 1915 Ausschnitt aus zösterreich. Wondanhle#t 7#.
1162 1896 1254 1982 0
995 1957 1554 2060 Salsburger Valberle..
726 2053 1385 2163 vom: W# 1000
1425 2116 1649 2222 N
717 2189 1856 2279 Wahrhaftes Wien bot die Josefstadt, indem sie, zum Ge¬
649 2229 1851 2325 denken an Arthur Schnitzler „Das weite Land“
646 2278 1848 2364 mit Edthofer als Hofreiter und Darvas als Genia in rest¬
648 2329 1862 2423 loser Ausschöpfung dieses Werkes bot. Das Deutsche Volks¬
655 2384 1854 2469 theater brachte in memoriam Schnitzler fünf verschieden¬
656 2435 1848 2519 wertige Einakter des Dichters, die Heinrich Schnitzler,
650 2476 1844 2560 der Sohn, mehr liebevoll als klug, diesem Gedenken über¬
642 2526 1853 2613 lassen und als Regisseur eingerichtet hatse. Wer Schnitzler
652 2579 1847 2648 kennt, empfand ihn da und dort, freute sich der feinen
642 2620 1849 2711 Psychologie und gedämpften Musik, die uns Schnitzler so
649 2677 1844 2745 sehr lieben lassen, im ganzen aber hätte man dieses Erinnern
640 2727 1841 2794 nicht mit Dingen begehen sollen, die letzten Endes doch nur
638 2771 1841 2871 Ahnungen und Reflexe wecken, mit losen Blöttern und
645 2821 1836 2909 Skizzen, die nicht nur, wie zumal „Die Gleitenden“, den
628 2856 1843 2947 virtuosen Meister zeigen, sondern auch den Experimentator,
632 2958 1853 3061 der sich da etwa („Die Mörderin“) auf das dem Dichter ver¬
631 3013 1336 3099 sagte Gebiet des Volksstückes wagt.
1648 171 2105 275 box 27/3
2096 1435 2935 1538 „OBSERVER
2188 1520 2892 1599 I. österr. behördl. konzessioniertes
2153 1573 2914 1652 Unternehmen für Zeitungs-Ausschnitte
2230 1623 2844 1719 WIEN, I., WOLLZEILE 11
2297 1693 2800 1805 TELEPHON R-23-0-43
2087 1811 2477 1889 Ausschnitt aus:
2483 1844 2905 1940 Grazel Tagslaht.
2468 1988 2839 2111 6. APR. 1939
2089 2028 2238 2116 vom:
2050 2103 3220 2191 Direktor Beer meint, für das Volkstümliche in seinem
1991 2172 3219 2237 Spielplan wenig Raum zu haben, und er hat insoferne
1983 2206 3216 2269 recht, als sein eigener Geschmack und der des heutigen
1977 2250 3216 2317 Publikums in eine andere Richtung weisen. Mit den
1982 2291 3226 2375 fünf Einaktern von Schnitzler, die er in den
1976 2349 3210 2415 Spielplan aufnahm, wird er aber wenig Glück haben.
1985 2383 2029 2429 S
2051 2382 3228 2468 nitzler hat diese teils belanglosen, teils mißlungenen
2073 2432 3205 2489 nigkeiten=Einfälle und Entwürfe, die ihn nur
2093 2471 3217 2543 bergehend beschäftigten — mit weisem Bedacht zur
2097 2523 3209 2573 geschoben. Es war eine falschverstandene Treue
2061 2561 2345 2618 es Sohnes,
2414 2554 3214 2626 nun hervorzuholen und auch der
2062 2605 3201 2674 ner kleiner werdenden Schnitzler=Gemeinde recht auf¬
1973 2652 3205 2729 fällig zu zeigen, wie schwächlich diese müde Art ist, in
1966 2690 3200 2763 der Schnitzler sein ganzes Leben lang das sinnliche Be¬
1973 2735 3215 2801 gehren der Menschen und die geschlechtliche Hinfälligkeit
1972 2781 3192 2863 einer bevorzugten Menschenklasse zum Gegenstand nach¬
1962 2829 3191 2892 denklicher Witze und achselzuckender Betrachtung machte.
1961 2864 3195 2942 Ein einziger dieser Einakter, der sogar den Titel „Die
1964 2904 3208 2989 Mörderin“ führt und in sogenannten Volkskreisen
1964 2956 3196 3032 spielt, will stärkere Töne anschlagen. Aber die Hohlheit
1972 3001 3206 3055 des Reißers, der dabei herauskommt, entlarvt den un¬
1967 3050 3199 3106 vermögenden Dichter. Sinnvoller wurde das Gedächtnis
1964 3093 3199 3162 Schnitzlers in der Josefstadt geehrt. Dort hat das
1967 3151 3187 3205 „Weite Land“ wenigstens den Anlaß zu einer unge¬
1958 3168 3200 3255 wöhnlichen Darstellung geboten, in deren Mittelpunkt
1962 3216 2522 3274 Anton Edthofer steht.
