3436 4320
1010 133 1096 204 M
1594 126 2064 244 box 26/5
277 119 1465 245 22. Derjungeedandus
174 974 2289 1076 lle das Parlament die Staatseisenbahn= der normalen Eingänge auf einer vagen Grundlage, neuen Budgets.
187 1087 3024 1167 Stimmungen gewidmet, in einer Fülle der königliche Prinz wirbt um die Hand Kaisers macht. Zufällig trikt sie ihm auf ihrem Gange
923 1154 3029 1200 Agathens, der Schwester des Medardus, und da zu Napoleon, dem sie wie eine russische Nihilistin mit
165 1161 936 1230 Die mit wenigen Worten sicher individuali¬
932 1185 3023 1263 sein unbeugsamer Vater die Zustimmung zur dem Dolch im Gewande naht, entgegen, in ihr Herz
179 1208 925 1276 Er die einzelnen Bilder werden zusehr
1962 1244 3026 1314 fährt sein blinkender Stahl, und erst im Gefängnisse
918 1251 1971 1306 Heirat verweigert, gehen die Liebenden in den
165 1253 923 1335 Eehen nebeneinder, nicht ineinander, und
1965 1296 3014 1352 erfährt er, wie er wider Willen zum Retter des
929 1289 1972 1359 nassen Tod, ein drittes aufkeimendes Leben mit dem
171 1314 921 1382 erliche Höhepunkt, die Barrikadenszene,
1974 1336 3030 1416 Kaisers geworden sei. Die Freiheit winkt, schon grüßen
932 1351 1967 1408 ihren vernichtend, an der Leiche weiht sich der Bruder
171 1351 936 1430 Mosaik von Einzelheiten, ohne in einem
1972 1392 3021 1459 die Glocken des Friedens, Mutter und Freund stehen
930 1403 1976 1464 der Rache. Eine Vorgeschichte, die leicht im Laufe
181 1409 931 1489 ment zu gipfeln. Die ganze, auch in dem
1971 1443 3031 1510 hoffnungsvoll harrend ihm zur Seite, das einfache
921 1448 1970 1512 des Stückes zu rekapitulieren gewesen wäre, hat
199 1457 932 1525 Hasten und Drängen der Figuren,
1968 1488 3034 1566 Wort, er wolle seine Pläne gegen Napoleon, dem er
928 1500 1978 1566 Schnitzler in zwei Szenen der eigentlichen Handlung
184 1512 927 1582 g und Undeutlichkeit der Rufe auf der
1978 1546 3027 1616 sich gar nicht mehr nähern könnte, aufgeben, genügt
928 1553 1974 1615 vorangeschickt, und dieses Präludium, ein vertiefter
170 1556 924 1634 eben klare Szene könnte ohne jede
1964 1594 3027 1674 für seine Rettung— da besinnt er sich, daß er nicht
178 1599 1974 1673 das Verständnis des Hörers fortfallen, Abkömmling der „Liebelei“ offenbart den Dichter wohl
1967 1646 3020 1717 Medardus Klähr, sondern Friedrich Staps ist, und
933 1631 1961 1716 am reinsten und hinterläßt den ausgeglichensten Ein¬
188 1663 935 1723 k ich noch heute ihre Eliminierung für
1971 1693 3024 1760 lenkt in seine historische Mission ein, die ihn im
929 1709 1971 1774 druck des Abends. Er klingt hinüber in die Be¬
176 1704 930 1783 kn. So müssen wir das Drama in dem
1962 1751 3014 1814 Dienste einer Idee sterben heißt. Haltlos schwankt
924 1741 1966 1832 erdigungsszeue, die Schnitzler in seinen Lieblings¬
190 1763 930 1816 auf den sich direkt und indirekt alle
1966 1797 3022 1853 Medardus hin und her, ein Hamlet der Gedanken¬
925 1802 1964 1862 motiven, den Kirchhofsgedanken schwelgen läßt, am
172 1812 933 1895 en, in Medardus Klähr. Was drückt
1965 1840 3021 1911 losigkeit, aber eigentlich mehr ein Cyrano in
935 1856 1966 1917 Grabe von Schwester und Bruder treffen Helene und
197 1864 941 1936 in die Hand zu seinem wahnwitzigen
1974 1893 3034 1967 seinem Abenteurertum, und der wortfrohe Gascogner
926 1897 1975 1965 Medardus zusammen, in Haß und Verachtung, aber
176 1914 934 1987 ächst ist es sein Freund Etzelt, der,
1980 1944 3033 2023 steht dem Wiener Wesen in manchem Zuge
931 1952 1967 2012 auch in durchblitzendem Begehren. Das Weib, das sich
172 1952 939 2030 ur Waffentat, ihn nicht seines Schwures
1971 1997 3030 2053 näher als der tiefsinnige Held Shakespeares.
936 2003 1968 2063 mit kaltem Enthusiasmus als das Gefäß, das einen
169 2016 926 2079 nd seine Ohren erfüllt mit dem Rufe,
929 2054 1971 2113 künftigen König bergen soll, einem Vetter anverlobt,
193 2064 936 2138 in Wien ist. Aber Medardus hört
1973 2098 3029 2167 hält, ist eine Kritik des Stückes und seiner Hauptfigur.
939 2101 1975 2168 lockt den durch ihre Schuld im Zweikampf verwundeten
172 2104 929 2178 ill, der nicht in sein Herz dringt. In
1985 2153 3037 2210 „Gott wollte ihn zum Helden schaffen, der Lauf der
930 2153 1973 2216 Jüngling, und dem zu einer Demütigung des Weibes
208 2165 938 2249 wilde Leidenschaft, und diese hindert
1968 2175 3032 2264 Dinge machte einen Narren aus ihm." Eine solche
929 2191 1972 2262 ausziehenden Phantasten öffnet sich ihr Schlafgemach,
184 2222 558 2285 gleich seine Rache.
1973 2244 3033 2316 Gestalt zu entwickeln, ist Aufgabe des Romans, und
924 2254 1977 2335 das er als beglückter Liebhaber verläßt. Noch belügt er sich
193 2232 940 2336 i begegnen sich: Der Wiener Bürgers¬
1966 2292 3036 2370 es ist ein eigenartiger Zufall, daß der Verlag
932 2311 1967 2371 selbst mit der Vorstellung, ihren Körper nackt über
172 2310 936 2385 em deutschen ehrlichen Herzen und der
1969 2353 3039 2420 S. Fischer in Berlin, der uns die schöne Buchausgabe
934 2349 1983 2420 die Treppe zu zerren und öffentlicher Schande preis¬
208 2361 951 2426 Abkömmling des Königshauses der
1965 2396 3024 2468 des „Medardus“ schenkt, gleichzeitig neben sie die
932 2401 1978 2481 zugeben, aber „die Zwischenzeit ist mein“, spricht er
176 2404 937 2477 #itig bis in die kalten Fingerspitzen. Mit
1979 2435 3024 2523 neue umfangreiche Prosadichtung Gerhard Hauptmanns
945 2428 1980 2514 mit dem Dänen=Prinzen, ein paar wunderbare Nächte
181 2467 931 2531 Vater sind François und Helene nach
1963 2505 3019 2552 legt „Der Narr in Christo“ Wie ein Schwärmer zu¬
944 2506 1976 2574 will er noch genießen. Etzelt kennt ihn genauer als
174 2511 938 2588 n, wo sie im Kreise ihrer Getreuen von
1972 2554 3035 2617 gleich rührend und lächerlich sein kann, das vermag
934 2551 1969 2615 er sich selbst: „In solche Tiefen führt nicht der Haß",
180 2562 937 2635 ie träumen und Napoleon mit kindischen
1973 2594 3032 2669 nur eine Erzählung aufzubauen, die alles Mitleid aus
935 2579 1974 2668 das Weib ist stärker als sein Vorsatz. Helenens ge¬
205 2616 941 2687 zu stürzen suchen. Wiens Geschichte
1967 2653 3038 2716 Dichterherzen, alles Verständnis für Irrtümer einer
935 2647 1974 2716 bieterischer Blick drängt ihm, der racheflammend in
195 2667 935 2730 n dieser erlauchten Familie zu erzählen,
1967 2701 3030 2764 reinen Seele ausströmen lassen darf; das Theater
946 2699 1968 2767 den Kreis der Adeligen eindringt, jedes Wort von den
180 2701 948 2779 le Emigranten haben in Österreich gar
1964 2741 3030 2802 gibt nicht Raum für solche Entwicklungen. Einfach
947 2748 1972 2814 Lippen zurück, sie versucht es, trotzend auf ihre Macht,
172 2767 947 2839 tt gefunden, in der sie sehnsüchtig eines
1972 2798 3024 2859 und schlicht war der Sinn des armen Staps, in
938 2808 1966 2874 ihm den Dolch gegen den Korsen in die Hand zu
181 2812 934 2871 der nie erfolgen sollte; noch die Füns¬
943 2832 3035 2918 spielen, die Hand, die schon das Mordwerkzeug an einer geraden Linie bewegte sich sein einziger
180 2865 938 2931 vorigen Jahrhunderts bargen in Preß¬
1960 2886 3030 2968 Gedanke. Medardus' Tat ist eine überklügelte,
943 2899 1978 2967 der Brust geborgen hält; aber im Dienste der Valos#
190 2903 943 2980 einen Stuart, der niemals auf die
934 2959 3025 3028 kann er die heilige Pflicht, die er dem Vaterlande leisten germotivierte Nichttat. Indem das Burgtheater
177 2962 948 3026 kines Hauses verzichtet und seine An¬
178 3011 3026 3082 Eohn und Tochter überträgt. Frangois will, nicht durchführen, seine Tat wird erst wieder rein, die große Szene zwischen Medardus und Helene,
181 3045 3032 3173 im deutschen Franz geworden, und wo das Gerücht aus der Prinzessin die Geliebte des in der sie ihn zum Morde zu bereden sucht.
2955 3089 3121 3185 4
1951 3159 3369 3237 gänzlich strich, hat es wohl die raffinierte Pfrchoogt##tion, keine
1952 3198 3357 3272 einfacher gestaltet, doch seine mörderischen Absichten sie zustrebt. Der
1953 3260 3368 3341 völlig unverständlich gemacht, wo sie ein langes, im bbild des Werke
1959 3311 3363 3371 Schaustücke des Schönbrunner Schloßgartens unbeachtet die Pfeiser spielen
1946 3363 3006 3430 verhallendes Gespräch nicht deutlich aufklärt. Geschicht¬
2992 3365 3358 3434 das Volk drängt
1961 3402 3238 3484 liche Wahrheit eines Werkes kann nur in seiner öffnen sich¬
1950 3454 3375 3534 geschichtlichen Möglichkeit liegen.  Der Dichter hat nicht sichtbar. Au
2991 3512 3238 3579 Napoleon.
1959 3518 3008 3582 völlige Freiheit, mit den Tatsachen umzuspringen, wie
3044 3536 3371 3638 Der Dichter ha
1953 3549 3012 3624 er sie braucht und wie er sie glaubhaft zu machen
1961 3607 2999 3671 versteht, und niemand rechte um ein paar abgeänderte
2992 3614 3341 3681 das Burgtheater
1962 3670 2997 3731 Fakta. Ich glaube an diese Wiener, die Schnitzler
2993 3659 3345 3732 Patrizierhaus in
1958 3719 2993 3772 hier hingestellt hat, ich nehme auch in einem Märchen¬
3005 3715 3364 3787 Emporkömmling er
1960 3768 2999 3831 reiche, wie es Napoleon geschaffen, einen Märchen¬
2998 3769 3379 3835 Bilder, es gab mi
1958 3812 3003 3886 prinzen mit einem Märchenhofe, der freilich nur sehr
3003 3812 3376 3891 wegung der greßen
1950 3867 2996 3922 schattenhaft geraten ist, hin. Ich gebe ihm das Recht,
2998 3867 3351 3936 versagenden und
1959 3899 3001 3971 Menschen zu deuten und modern zu gestalten, und
2999 3913 3348 3984 fehlte nur Eines
1961 3961 3010 4031 denke an ein schönes Wort Goncourts: „Man belebt
3008 3968 3364 4037 war die schwache
1954 4018 3006 4087 eine Vergangenheit nur, wenn man ihr Herz und
2994 4017 3367 4080 gedrückt, sein w#
1949 4058 3013 4125 Gehirn der Gegenwart gibt, und alles, was
2994 4064 3374 4132 und kräftig, er be
1962 4115 3321 4168 man aus ihr selbst holen kann, sind die für das Stück.
