3392 4384
844 144 2436 276 Zwischen Kulissengassen und Möbelspeichern.
546 367 1633 446 Eine riesige düstere Halle mit schmalen Gängen und
1726 356 2814 467 Bei einem Rundgang, dessen Führung der Transport¬
460 424 1626 495 mächtigen Gestellen, die neben= und übereinander lange
1641 435 2804 517 leiter Josef Hobl, ein auch in den kleinsten Details ver¬
459 460 1624 538 Leinwandrollen aufgewickelt tragen. Dann hochgestellt und
1646 482 2799 558 blüffend genau informierter Beamter, übernimmt, gibt es
461 504 1633 582 zusammengerückt Hunderte von Tür= und Fensterstöcken aus
1646 534 2806 584 mehr als ein überraschendes Wiedersehen. Hier der klassische
460 561 1627 612 Furnierholz, Wände für Schlösser und Elendsquartiere, ge¬
1645 576 2801 655 Streitwagen, in dem man als Aushilfsstatist aus nächster
453 603 1627 678 malter Wald und kaschierte Baumstämme, hoch aufstrebende
1636 621 2815 704 Nähe die prachtvoll einprägsame Julius=Cäsar¬
448 653 1616 717 Säulen und massive Portale Ueber schmale Stiegen in
1642 670 2808 752 Gestalt Max Devrients bewundern durfte, die zwei
459 686 1626 766 höhere Stockwerke, wo ein Allerlei buntester Vielfalt den
1644 712 2797 793 schimmernd weiße Lipizzaner auf die Bühne zogen. Dasselbe
458 741 1632 802 Blick fesselt: Armselige Eisenbetten neben in Gold und
1642 763 2807 845 Fahrzeug wird auch in „Sappho" und in „Sieben gegen
455 782 1629 848 Purpur strotzenden Thronsesseln, Musik und Tod brüderlich
1633 813 2802 891 Theben“ verwendet. Dieser kohlschwarz und feuerrot ge¬
454 819 1622 905 vereint: zwischen Spinett und Pianino stehen Särge. Gleich
1638 849 2806 939 sprenkelte Balken schmetterte auf die Bühne, als man in
454 870 1616 938 gegenüber haben sich Geburt und Wissenschaft verbündet:
1629 896 2804 979 der Nachmittagsvorstellung für Mittelschüler schaudernd den
449 927 1621 981 eine kleine Holzwiege schmiegt sich in den Schatten, den ein
1634 942 2797 1026 Schloßbrand in „Käthchen von Heilbronn“
457 962 1610 1035 Riesenglobus wirft. Daneben ein Stückchen Gartenkultur,
1630 995 2804 1061 erlebte. Die einsame Pracht zweier Doppelsäulen weckt die
441 1004 1623 1086 Rosensträucher, deren Blätter aus Leinwand und deren
1626 1040 2790 1114 Erinnerung an die letzte Neuinszenierung des „Fiesco“.
449 1050 1623 1116 Blüten aus Kreppapier sind, ein Kaktus, der prätentiös seine
1631 1076 2798 1149 Aber gab es damals nicht sechs solcher Säulenpaare? Die
448 1104 1620 1159 stacheligen Arme ausbreitet. Rote Ziegelkamine und bunte
1633 1124 2799 1202 übrigen fünf schmücken jetzt den Saal in „Maria Theresia
445 1153 1619 1226 Bauernöfen, Bibliotheksschränke, zwar ohne Bücher, aber
1625 1180 2802 1262 und Friedrich II“. Vor dieser Friedhofsmauer traf die junge
452 1192 1619 1271 immerhin mit verschiedenfarbigen Bücherrücken aus Pappe,
1629 1219 2815 1306 Glut von Arthur Schnitzlers „Medaxdus“ mit dem
453 1235 1620 1315 Fahnenstangen, an denen man hochklettern könnte, ein
1623 1267 2792 1345 kühren Storz der Prinzessin von Valois zusammen. Dieselbe
439 1292 1616 1355 Baldachin, der sich majestätisch über eine Sänfte breitet, alt¬
1621 1321 2804 1404 Mauer hat dann noch in „Alt=Heidelberg“, in der „Braut
444 1339 1609 1398 ehrwürdige Truhen mit eisernen Beschlägen, Kisten aus
1627 1365 2792 1444 von Messina“ und zwei Dutzend anderen Stücken „mit¬
451 1383 1616 1452 einem Kramladen, von Lafetten drohende Kanonenrohre, die
1635 1409 2788 1486 gespielt". Denn so und nicht anders wird hier die Ver¬
446 1426 1616 1501 sich erst bei vertraulichem Abklopfen als Holzattrappen zu
1624 1460 2792 1538 wendung der Dekorationen bezeichnet. Sie sind für die
434 1476 1611 1545 erkennen geben, primitive Küchenmöbel und hochmoderne
1624 1495 2788 1583 Arbeiter und Aufseher kein toter Fundus, sie spielen
443 1527 1617 1588 Stahlrohrgarnituren. Alle Stile, alle Zeiten und Kulturen
1631 1545 2789 1619 richtig mit wie die Schauspieler, eine Gruppe
446 1558 1611 1622 scheinbar wirr übereinander gehäuft, ineinander geschachtelt
1630 1587 2788 1679 ist auf die andere angewiesen, denn ohne Hintergrund,
466 1622 1605 1676 — der graue Rahmen vieler blendender Bilder, Dekorationen
1631 1634 2790 1735 Treppe, Tisch und Tür kann nicht einmal der Aslan Theater
444 1645 1611 1715 und Requisiten auf Urlaub, die hier keinen Ehrgeiz haben,
1624 1679 1800 1761 spielen.
437 1706 1613 1773 schöner zu scheinen, als sie wirklich sind, die sich gleichsam
437 1744 1621 1805 ungeniert dehnen und räkeln, bis sie aus verstaubter Ruhe
1694 1755 2703 1850 Alte Prospekte werden wieder neu.
435 1793 1611 1875 gerissen, in ratternde Wagen verpackt und in einen ge¬
441 1840 1608 1929 räumigen Palast geschleppt werden, wo sie auf den Glanz
1709 1829 2785 1920 Um also im Bilde zu bleiben, gibt es, wie bei den
439 1885 1606 1959 hergerichtet und, von tausenden grellen Lampen bestrahlt,
1625 1871 2793 1966 Künstlern, stärker und schwächer beschäftigte Exemplare.
443 1935 1605 1997 plötzlich repräsentieren, Prunk vortäuschen müssen und drei
1615 1931 2800 2017 Viel bewährt ist etwa ein Rokokosaal, der für Bahrs
1624 1988 2786 2042 „Krampus“ hergestellt und dann in „Gneisenau“, „Metter¬
441 1974 1598 2051 Stunden lang dem gutgläubigen Publikum als Gold und
439 2012 1597 2111 Marmor imponieren, während sie in Wahrheit doch brav und
1609 2031 2795 2091 nicht", „Der Schwan" und „Disraeli“ verwendet wurde oder,
432 2080 1295 2156 bürgerlich nur Holz und Pappendeckel sind.
1614 2070 2779 2150 wie es hier heißt, „mitspielte" Der für „Iphigenie“ gemalte
1610 2104 2773 2193 Zypressenhain breitete seine Wipfel auch über „Elektra“,
452 2133 1594 2242 Das Labyriuth der 1800 Sühnenbilder.
1638 2167 2784 2255 Phädra, „Julius Cäsar" und Hero und Leander in „Des
1624 2200 2245 2270 Meeres und der Liebe Wellen“.
530 2211 1605 2311 Von außen sieht das Dekorationsmagazin
1709 2245 2784 2335 Aber ein Gegensatz besteht immerhin zwischen den
430 2256 1600 2348 des Burgtheaters in der Dreihufeisengasse mit
1618 2289 2788 2382 sprechenden und schweigenden Mitspielern auf der Bühne.
438 2316 1598 2386 seinem dunkel wuchtenden Gemäuer und den hohen, in kleine
1621 2338 2779 2424 Wenn der Schauspieler ausgedient hat, so geht er, sollte er
436 2365 1598 2429 Quadrate geteilten, beinahe vergitterten Fenstern halb wie
1610 2382 2786 2464 diesen seltenen Tag noch erleben, in Pension. Die Dekoration
433 2403 1596 2466 eine Kaserne, halb wie ein Gefängnis aus. Trotz der ge¬
1618 2429 2782 2517 hingegen wird, wenn sie ausrangiert ist, verwandelt und ver¬
430 2460 1593 2527 waltigen Dimensionen des Bühnenhauses im Burgtheater
1606 2471 2432 2554 jüngt und so wieder in den Dienst gestellt.
439 2498 1597 2559 finden dort auf der Hinterbühne nur wenige Ausstattungen
434 2545 1599 2621 jener Stücke Platz, die mehrmals in einer Woche auf dem
1788 2539 2580 2645 Schutz gegen Feuerogefahr.
434 2594 1608 2667 Spielplan stehen. Alle übrigen Kulissen müssen auf einem
1697 2632 2776 2707 Im obersten Stock sind die Werkstätten unter¬
431 2632 1598 2694 Lastauto mit langen Anhängewagen hin und her trans¬
1611 2657 2776 2754 gebracht. Da ist ein Malersaal von solchem Ausmaße,
435 2683 1600 2761 portiert werden. Das Auto darf aus feuerpolizeilichen
1614 2722 2779 2791 daß die spanische Reitschule bequem hier ihre Produktionen
426 2731 1598 2791 Gründen überhaupt nicht in das Magazin einfahren, in dem
1612 2764 2791 2845 zeigen könnte. Die zu bemalende Leinwand steht auf keiner
430 2785 1592 2846 auch das Rauchen streng verboten ist. Zwölf Arbeiter schieben
1609 2819 2777 2884 Staffelei, sondern liegt auf dem Boden, wie eben jetzt die
417 2818 1587 2886 die eisernen Anhängewagen in den sogenannten Perronhof.
1604 2855 2772 2941 Kulissen zu „Weißer Flieder“, die aufgefrischt werden. Jede
432 2865 1587 2937 Hier werden die Versatzstücke auf einen acht Meter langen
1609 2901 2766 2988 fertiggestellte Dekoration wird mit einer Impräg¬
420 2913 1582 2973 Transportaufzug gebracht und dann in eines der drei Stock¬
1604 2958 2784 3037 nierungsflüssigkeit gegen Feuersgefahr
428 2953 1596 3037 werke, deren jedes noch unterteilt ist, expediert. Jedes Stück
1605 2994 2778 3090 bespritzt, worauf der Löschmeister eine rigorose Prüfung
426 2998 1584 3065 hat seinen bestimmten Platz und ist entsprechend bezeichnet.
1608 3033 1818 3101 vornimmt.
420 3046 1585 3114 Da steht zum Beispiel rückwärts auf einer Wand „16. 9. L.“
1700 3061 2772 3166 In einer Ecke hat der Hexenmeister des Magazins sein
424 3095 1592 3166 Das heißt, diese Wand gehört in die 16. Gasse und dort auf
429 3146 1073 3212 den neunten Stoß linker Hand.
1600 3117 2776 3223 Quartier aufgeschlagen, der Maler und Bildhauer Franz
1604 3179 2772 3239 Renzl. Das ist der Mann, der oft von heute auf morgen
527 3191 1584 3273 Zweierlei Dekorationen unterscheidet der Fachmann:
1602 3225 2772 3304 Figuren, Gruppen oder Ornamente schafft. Er modelliert sie
431 3230 1587 3314 Schlappe Dekorationen, die als Prospokte, Plafonds,
1598 3273 2776 3348 zuerst aus Lehm, stellt dann den Gipsabguß her, aus dem
419 3302 1582 3359 aber auch als Bäume, Gitter und Pfeiler um eine Stange
1594 3320 2772 3390 die Endform herauskaschiert wird. Jetzt fügt er eben paus¬
425 3340 1578 3394 gewickelt sind und vom Schnürboden herabgelassen werden.
1596 3362 2771 3443 bäckige Köpfchen und kleine diche Arme an einen Rumpf:
427 3383 1585 3454 Hieher gehören auch weiße, schwarze und graue Gazeschleier,
1600 3407 2763 3495 Amoretten, die die Kaiserin Maria Theresia zu um¬
422 3427 1590 3502 die bei offenen Verwandlungen Verwendung finden. Die
1601 3444 1924 3519 schweben haben.
419 3475 1586 3535 andere Gruppe bilden die steifen Dekorationen, die auf¬
1693 3485 2771 3588 Daneben die Tischlerei mit Hobelmaschinen,
426 3511 1584 3582 stellbar und rückwärts durch Latten gestützt und verspreizt
1589 3531 2759 3627 Kreis= und Bandsäge, die Schlosserei mit Bohr¬
422 3563 1584 3623 sind. Mit allen hier aufgestapelten Requisiten könnte man
1594 3593 2759 3669 maschine, Schraubstöcken und Amboß. Das Surren der
426 3618 1584 3681 350 komplette Stücke ausstatten, also rechnet man im
1592 3629 2760 3702 Motoren, das Hämmern, Feilen, Farbenreiben, das geschäftige
423 3645 1586 3734 Durchschnitt fünf Bilder per Stück, fast 1800 Szenen
1600 3682 2763 3754 Hin und Her der Arbeiter — all das ist das lebhafte Gegen¬
428 3709 1582 3778 nebeneinanderstellen. „Schwere Stücke“ werden hier
1596 3722 2759 3803 spiel zu der idyllisch verschlafenen Ruhe der hohen weit¬
423 3753 1579 3814 nicht etwa solche genannt, die dem Hörer komplizierte
1591 3768 2761 3844 läufigen Speicherräume, in denen die stummen Helfer an
417 3787 1587 3875 Probleme stellen, sondern verwandlungsreiche Werke. So
1593 3806 2757 3892 dem Gesamtkunstwerk des Bühnenstückes von alten Er¬
420 3848 1580 3920 braucht man für Ibsens „Kronprätendenten“ sieben voll¬
1587 3865 2755 3946 folgen ausruhen und von neuen träumen, sie alle gleichsam
429 3885 1597 3960 bepackte Wagen, den Rekord hält natürlich der
1588 3906 2756 4001 beseelt von ihrer Unentbehrlichkeit und eingefangen in den
421 3952 2330 4026 neue „Faust“, dessen 39 Bilder elf Wagenladungen an] magischen Zauberkreis des Theaters.
425 3978 817 4061 Kulissen benötigen.
2174 4001 2718 4099 Eduard Siebrecht.
