3344 4384
252 105 1427 237 22. herjunge Medandus
1572 115 2018 231 box 27//4
1918 300 2970 418 Abends keinen Platz finden wird, um den Vater als
1912 369 2341 445 „Nathan“ zu sehen.“
2027 424 2954 508 Nun ist das wirklich keine Aufschneiderei. Zu
1910 472 2957 552 den klassischen Montagen des Deutschen Voltsthea¬
1907 530 2952 601 ters ist acht Tage vorher kein Billet zu haben. Wenn
1911 564 2953 648 einer von den Klassikern noch am Leben wäre, könnte
1909 622 2947 694 er sagen, wie seinerzeit unser liebenswürdiger Lands¬
1902 657 2954 751 mann Schnitzer, als man ihn nach der sechzigsten
1908 708 2944 814 Aufführung des „Zigeunerbaron“ fragte, wie die
1894 754 2471 830 Operette jetzt gespielt wird.
2027 794 2954 892 „Mich fragen Sie? Ich konnte bis heute noch
1887 839 2951 940 kein Billet erlangen. Ich fürchte, daß ich sterben
1898 922 2935 1004 werde, ohne mein Wert in Wien gesehen zu haben.“
1373 926 1761 1033 Telephon 12.801.
2009 963 2933 1038 Nun hat er es sogar erlebt, seinen „Zigeuner¬
1897 987 2931 1096 baron“ in der Hofburg zu sehen. Und wie diese Ope¬
1895 1053 2945 1137 reite geht! Man kann sie nicht oft genug aufs Reper¬
811 1009 1568 1182 „OBSERVER
1889 1087 2943 1185 toire setzen. Immer drei Tage vorher ausverkauft.
1887 1148 2933 1221 Die Fülle von Melodien, die märchenhaft schöne Aus¬
658 1141 1756 1242 I. österr. beh. konz. Unternehmen für Zeitungs¬
873 1214 1562 1274 Ausschnitte und Bibliographie.
1889 1202 2931 1302 stattung, die prachtvollen Chöre, dieses einzige Or,
1890 1247 2923 1325 chester — Alles groß und herrlich. Nur die Leistun
839 1244 1617 1350 Wien, I., Concordiaplatz 4.
1884 1286 2933 1383 gen der Solisten stehen hinter jenen der richtigen
1054 1338 1392 1400 Vertretungen
1889 1347 2928 1427 Operettensänger zurück. So viel schöne Stimmen auch
667 1371 1752 1450 in Berlin, Brüssel, Budapest, Chicago, Cleveland, Christiania,
1895 1391 2925 1480 hier aufgeboten werden. Aber das Publikum fragt
671 1420 1758 1487 Genf, Kopenhagen, London, Madrid, Mailand, Minneapolis,
1896 1447 2930 1526 nicht danach. Man rauft um die Karten. Seit Wochen
661 1454 1764 1523 New-Vork, Paris, Rom, San Francisco, Stockholm, St. Peters¬
1062 1501 1360 1555 burg, Toronto.
1893 1489 2930 1580 ist „Der Zigeunerbaron“ das meistgespielte Repertoire¬
1008 1531 1418 1598 Qnellenangabe ohne Gewähr.)
1893 1537 2925 1618 stück der Hofopor und kein Abend hat eine Autoren¬
1897 1592 2781 1675 tantième unter siebenhundet Kronen gebracht.
655 1594 1767 1707 Ausschnitt aus: Ködeeoster Jourhal
1996 1644 2916 1720 Eine interessante Neuigkeit hat den Wiener
821 1654 1269 1763 1.1 FEn. mit
1878 1693 2920 1777 Theaterkreisen die Nachricht gebracht, daß Herr Russo,
659 1718 827 1767 vom:
1878 1732 2919 1817 der bei der Betheiligung am Johann Strauß=Theater
1874 1798 2918 1873 mit 200,000 Kronen geblutet hat, mit Ablauf der
1881 1842 2916 1911 Saison diese kostspielige Passion aufgibt und aus der
941 1833 1799 1937 Wiener Ceulissengeschichten
1871 1875 2908 1970 Direktion des genannten Theaters scheidet. Jode neue
860 1934 1875 2005 (Direktor Brahm in Wien. — Der große Schweiger. —
1874 1940 2918 2016 Operette, die man brachte, sollte der ersehnte Schlager
861 1969 1867 2049 Einen Zettel auf den Tisch legen. — Der Sohn kann
1886 1986 2923 2072 werden. Aber je länger man eine Operette hier spielte,
858 2006 1871 2095 den Vater nicht spielen sehen. — Der zukünftige Zigenner¬
1878 2036 2910 2116 umso größer wurde das Defizit. Jetzt wird Leo
847 2063 1877 2149 baron. — Mit 200,000 Kronen geblutet. — Viktualien
1878 2081 2901 2169 Fall's „Syrene“ gespielt. Charalteristisch für die Zug¬
1155 2109 1602 2189 werden angenommen.)
1858 2128 2906 2213 kraft ist, daß ein Herr, der Sonntag die Abendkasse
1867 2176 2914 2257 verlassen wollte, weil er keinen Sitz für drei Kronen
963 2173 2910 2307 Direktor Brahm aus Berlin weilte einige Tageserhalten konnte, von der Kassierin zurückgerufen wurde.
845 2231 2901 2356 hier, um nach Stücken und Darstellern Umschau zu Ueber Veranlassung des hinter ihr stehenden Direk¬
842 2280 2902 2412 Vhalten. Die Wiener Direktoren gehen zeitwilligk tors Erich Müller bot sie ihm einen Parketsitz, der
850 2328 2903 2453 nach Berlin, um das Gleiche zu thun. Gewöhnlich das Doppelte kostet, um den Preis von drei
853 2378 2907 2507 finden die Berliner Direktoren in Wien nichts und Kronen an. So werden in der Großstadt große Ope¬
848 2427 2894 2555 die Wiener Direktoren kehren resultatlos aus Berlin rettentheater geführt. Bei den reisenden kleinen Trup¬
841 2478 1873 2567 zurück. Wenigstens, was die Darsteller betrifft. Es
1866 2515 2898 2601 pen, wo Frau Direktor persönlich an der Kasse sitzt,
840 2519 1866 2609 dreht sich immer um dieselben paar Schauspieler, die
1861 2570 2903 2650 werden solche Geschäfte entrirt. Sie habens gestern
828 2567 2900 2708 man in die Höhe lizitirt. Die Schauspieler fahren im Kaffeehaus erzählt. Ein Komiker dieses Thea¬
837 2619 2136 2732 dabei sehr gut und bleiben schließlich im Rahmen ters sagte:
836 2669 1822 2734 des Theaters, wo sie ihren sicheren Boden haben.
1976 2696 2911 2809 „Weil unsere Direktoren halt an' Gschäftsgeist#
945 2719 2903 2804 Der Nachwuchs muß immer von außen kommen haben. Nit so hochnasig sein wie andere Direktoren.#
833 2758 1857 2845 und erzogen werden. Brahm klagt ebenso über den
1862 2805 2871 2907 Bei uns nehmen s’ auch Briefmarken und Viktualien.“
823 2816 1860 2909 Mangel an Nachwuchs wie die Wiener Theater¬
2012 2859 2314 2939 10. Februar.
833 2850 1867 2953 leiter. Am Ende sterben die Alten ab und es wird
2740 2896 2848 2981 5—
828 2912 1866 2986 doch weiter gespielt. Die Nachrückenden entwickeln
2729 2965 2859 3032 en
828 2955 1863 3054 sich. Und dieselben Alten, die heute nachdenklich
830 3006 1871 3077 sagen, daß es keine guten Schauspieler mehr gibt,
823 3056 1868 3149 denen die Erinnerung die früheren Größen vergoldet,
829 3103 1864 3197 werden eines Tages kopfschüttelnd hören, daß man
823 3145 1865 3240 die Jungen von heute als das Ideal der Künstler
817 3194 1609 3285 preist, die nicht mehr zu erreichen sind.
929 3265 1861 3352 Direktor Brahm hat sich den „jungen Medar¬
816 3314 1866 3401 dus“ von Schnitzler angesehen und bei Schnitzler zu
816 3354 1865 3435 Mittag gegissenl m ist der große Schweiger des
805 3389 1859 3497 Deutschen Theaters. Es war nicht aus ihm heraus¬
799 3460 1849 3553 zubringen, wie er über den „jungen Medardus“ denkt.
930 3522 1857 3593 „So sagen Sie wenigstens“ frug man ihn
803 3548 1867 3658 beim Souper, „ob Ihnen Schnitzler's Essen oder
802 3609 1678 3685 Schnitzler's Schauspiel mahr zugesagt hat?“
916 3658 1840 3725 Brahm lächelt und schweigt. Das ist die Sig¬
806 3705 1848 3788 natur seiner ganzen Direktionsführung. Er lächelt und
807 3748 1847 3835 schweigt, oder er ist ernst und schweigt. Seine Mit¬
793 3804 1839 3878 glieder wissen, daß mit ihm nicht viel zu reden sei.
801 3849 1846 3922 Wer immer ein Anliegen an ihn hat, heißt es:
796 3905 1847 3966 „Bitte schriftlich!“ Das hat er mit Baron Dingel¬
797 3943 1843 4023 stedt gemein, dem einst so berühmten Leiter der
794 3985 1846 4088 Wiener Hoftheater. Der ließ keinen Schauspieler zu
796 4026 1133 4108 Worte kommen.
908 4065 1845 4164 „Bitte“ sagte er immer verbindlich, „einen
