3344 4352
923 167 997 236 M
1531 161 1963 252 box 27/1
211 163 1366 279 22 Deundardus
1024 1073 2367 1132 zeichnet wird. Diese Gattung hat manches stärkere und tiefere,
1023 1128 2361 1184 manches leuchtendere Werk. Aber keines, in dem aller Vorzug und alle
1030 1168 2378 1232 Schwäche jetziger wiener Dichtung so ausführlich und so nachdrücklich
1035 1221 2361 1286 miteinbezogen wäre. Sieht es doch oft danach aus, als sei diese wiener
1032 1268 2363 1336 Historie nur eine programmatische Ausprägung und Verkündigung der
1034 1321 2363 1387 großen, großen Feinheit, die für das literarische Wien von heute so
1037 1375 2367 1434 rühmlich und so gefährlich geworden ist. In dieser vollkommenen Typik
1033 1421 2386 1479 wird dereinst, so meine ich, der historische Wert dieser Historie gefunden
1034 1477 1217 1543 werden.
1126 1640 2371 1731 Ihr auf der Bühne die volle Atmosphäre ihres dichterischen
1033 1734 2368 1782 Lebens zu geben, dazu würde es der raffiniertesten Mischung entlegener
1033 1767 2384 1820 Stile bedürfen. In ein halb realistisch, halb romantisch getöntes
1038 1816 2375 1874 wiener Sach=Milien müßten Shakespearesche Massenszenen mit
1039 1863 2374 1918 Pointen von Nestroy gestellt, und ein Puppenspiel in balladesken
1040 1934 2365 1981 Rhythmen, lächerlich und fürchterlich zugleich, müßte hindurchgeschlun¬
1034 1986 2377 2028 gen werden. Figuren, deren Wirklichkeit erst stark aufblitzt, dann jäh¬
1042 2015 2375 2073 lings verblaßt; Menschen, die das Heute repräsentieren, Menschen, die
1043 2076 2374 2127 nur von damals sein können, und Menschen, die nie gelebt haben; die
1046 2116 2380 2178 Phantasterei der wirklichen Geschichte (der Schatten des ungeheuern
1033 2161 2386 2238 Napoleon) und die Erfindung des gedankenreichen Dichters müßten un¬
1036 2214 2377 2279 vermittelt und doch zusammengehörig, ganz wie eines Blutes, mitein¬
1038 2273 2386 2330 ander hergehen. So wäre diese Aufführung zu denken; und so wird
1040 2314 2383 2378 sie natürlich nie und nirgends. Auch am Burgtheater nicht, und in
1038 2363 2376 2423 Prag schon gar nicht. Vor allem, weil man dazu etwa fünfzig Schau¬
1043 2415 2379 2472 spieler, wahrhaftige, richtige Schauspieler, brauchen würde; und davon
1045 2461 2378 2528 hat das Burgtheater jetzt etwa ein Dutzend, und das prager Deutsche
1043 2511 2384 2578 Theater hat . . .. auch einige. Dazu kommen die Schwierigkeiten, die
1048 2564 2378 2626 der häufige Wechsel des Schauplatzes, der Umschlag der Stimmung, die
1047 2607 2376 2668 Veränderungen im Ton der Sprache mitbringen. Tüchtige und
1039 2668 2376 2729 fleißige Arbeit kann aus dem ungefügen Koloß etwa das Relief eines
1031 2710 2383 2774 wienerischen Zeitgemäldes herausholen, möglichst bunt im szenischen
1032 2759 2384 2822 und figuralen Detail. Daran ist denn auch hier aller Eifer und alle
1038 2822 2386 2871 Kunst gewendet worden; und nicht vergebens. Diese Vorstellung war
1046 2863 2388 2933 zweifellos das Ausgiebigste und Beste, was der Regisseur Paul Egers
1042 2917 2377 2975 bisher hier geleistet hat. Er ist vor ein paar Jahren als grüner An¬
1053 2959 2383 3026 fänger hergekommen und gleich mit einer so leidenschaftlichen Gier in
1048 3005 2379 3072 sein Handwerk hineingestiegen, daß er im Technischen bald erstannlich
1052 3057 2387 3124 sicher war. Nun steht er mitten in seiner künstlerischen Entfaltung.
1052 3108 2386 3172 Für alle bildmäßige Wirkung, für die Tönungen von Licht und Farben
1047 3157 2378 3238 hat er den Blick des geschulten Kenners. Die charakteristische Aus¬
1049 3230 2392 3282 gestaltung alles Malerischen und sonstwie sichtbar Sinnfälligen auf der
1034 3315 1188 3404 640
