3392 4224
349 134 1508 254 22. Derjunge Medandus
505 1087 1504 1170 Ausschnitt aus:Frankturber Seitung
809 1144 925 1202 JAl.
1004 1166 1444 1244 Frankiurt a. M.
515 1207 683 1261 von:
878 1345 1447 1446 Berliner Theater.
610 1435 1673 1498 Lessing=Theater: „Der junge Medardus“,
714 1473 1595 1528 Dramatische Historie von Arthux Schnitzler.
1266 1525 1689 1601 Br A
644 1581 1713 1648 „Eine Jugend leuchtet dunkelglühend auf — und im Dunst
573 1614 1716 1683 deiner alternden Jahre siehst du nur ihren trüben Flacker¬
580 1655 1707 1738 schein.“ Viel tiefer, als es den Anschein gewinnt, hat sich
573 1699 1563 1760 Arthur Schnitzler in seiner dramatischen Hislorie
1562 1725 1713 1780 „Der
581 1739 1714 1817 junge Medardus“ wiederum in Gedankenland hineinge¬
576 1785 1716 1847 wagt: je lieber uns der Denker Schnitzler, ein Deuter unserer
573 1807 1709 1903 #nur geahnten Gedanken, damit wird, umso schmerzlicher ver¬
582 1854 1187 1916 lieren wir den Dichter Schnitzler.
644 1900 1705 1968 „Der junge Medardus“, und über dieser Jugenb sollie
575 1912 1704 2008 es Teuchten. Was ist Jugend? Wortseligkeit und Wort¬
574 1969 1713 2036 besaugenheit zugleich; wie dem Mannesalker die Tat, so ge¬
572 1995 1712 2080 kt ihr das Wort. Dem Wortschwärmer Medardus tritt der
577 2058 1710 2120 wackere Sattlermeister Eschenbacher gegenüber, der Wortver¬
575 2084 1703 2172 schmäher und Tatensichere, und beide haben einander lieb, ohne
581 2117 1712 2202 einander zu begreifen, und grüßen sich wie Jugend und
574 2172 1705 2246 Mannesalter und finden sich da, wo Wort zu Tat und Tat zu
569 2198 1002 2261 Worte wird: im Ted.
626 2248 1697 2312 Den feinen Verästelungen zwischen Spiel und Wirklichkeit
566 2286 1708 2355 ist Schnitzler früher wohl mannigfach nachgegangen; hier
566 2314 1706 2393 gilt es die gefährlicheren, Schlingpflanzen gleich erdrosselnden,
564 2364 1709 2427 zwischen Tat und Wort. Die Tragödic des Wortes
573 2398 1710 2485 kann man den jungen Medardus“ nennen, und in Mysterien
570 2438 1189 2498 führt Schnitzler denterisch hinein.
620 2482 1689 2549 Die Tragödie des Wortes. Das Wort „Rache“ brennt
560 2492 1701 2585 dem jungen Medardus auf den Lippen, so macht er sich an
554 2553 1697 2626 Helene, Prinzessin von Palois heran, die Schweiter des jungen
550 2596 1690 2650 Prinzen, der mit seiner Schwester in den Tod gegangen ist.
548 2635 1700 2697 Das Wort heißt Rache, und das Erletznis wird Liebe und
556 2675 1692 2734 Eifersuchtsraserei. Das Wort heißt Machtgewinnen über sie.
554 2701 1697 2765 und das Erlebnis ist ihr — Dienstbarwerden. Die Tragödie des
545 2743 1686 2823 Wortes, die das Vielgestaltige unter dem Einfachen nackt und
551 2788 1696 2860 #bloß reißt, hat aber zugleich=Kraft, Zweck in Widerzweck zu
556 2817 1696 2880 wandeln: Napoleon zu erstechen, macht sich Medardus auf —
551 2868 1696 2921 sein Dolch bohrt sich Helene in die Brust. Und wiederum: Der
558 2902 1684 2960 tolle Wirbeltanz der Worte und Erlebnisse, dem Medardus
547 2942 1679 3005 zur Beute fiel, wiederholt sich, gespiegelt und gespenstisch lebend
541 2984 1679 3041 zugleich, in Helenes Brust. Das Wort von den „hochmütig¬
554 3023 1684 3087 mörderischen Fingern einer Valois“ rief Medardus bei erster
546 3059 1683 3123 Begegnung ihr entgegen. Das Wort gebiert die Liebe und
541 3087 1692 3168 die Leidenschaft; es geht aber auch mit dem verbrecherischen
547 3144 1676 3194 Mordplan auf das Leben Napoléons, den Helene ausheckt und
534 3181 1691 3248 zu dem sie Medardus dingt, schwanger und gibt schließlich der
546 3219 1390 3258 den Tod, die die Frucht in sich ausgetragen.
596 3261 1679 3318 Die Tragödie des Wortes. Konsequent bis ins Letzte ist
543 3280 1677 3359 sie durchgeführt. Seiner Tat halber soll Medardus begnadigt
538 3326 1682 3382 werden. Nur mit einem Worte — daß er fürderhin Napo¬
541 3372 1698 3451 leon nach dem Leben trachten wolle, rettet sich Medardus in
547 3402 747 3457 den Tod.
1675 163 2107 243 box 27/2
1807 1341 2862 1400 Man findet den Denker Schnitzler in der „Historie vom
1755 1372 2873 1450 jungen Medardus“ wieder, und er ist reich geblieben und bietet
1756 1428 2878 1490 neue Edelmünze. Doch will sie erspürt sein. Man kann den
1757 1457 2875 1516 „jungen Medardus“ auf der Bühne sehen und von dem
1744 1505 2879 1590 wesentlichen Gehalt der Historie nichts, oder doch beinahe
1748 1536 2087 1597 nichts, gewahren.
1796 1567 2867 1657 Ich hin mir zweifelhaft, ob sich Schnitzler der ungeheuren
1747 1625 2866 1700 Schwierigkeit, seine Gedanken, diese psychologisch überspitzten
1741 1669 2873 1732 Spekulationen, in dramatische Dichtung umzusetzen, überhaupt
1737 1693 2865 1779 bewußt geworden ist. In alter Bühnenpraxis ist das Wort
1740 1738 2862 1819 Vehikel für die Tat: seine Fahrt aber galt der Zerstörung
1746 1781 2866 1854 des Wagens. Und schlimmer noch waren die Hemmungen, die
1735 1823 2864 1899 ihm in seiner eigenen Brust entgegenstanden. Aus der Schule
1736 1864 2870 1933 des Realismus, des wortskeptischen, ist Schnitzler, sind wir alle
1734 1894 2858 1968 mehr oder weniger hervorgegangen. In der Tragödie des
1737 1937 2871 2013 Wortes aber mußte das Wort als solches jung und leuchtend
1733 1987 2872 2055 und meteorgleich aufgehen, um dann ein feuriger Widerschein:
1729 2023 2858 2095 im Meer der kalten Wahrheit zu versinken. Das aber ist bei
1731 2054 2858 2125 Schnitzler nicht der Fall, dies Streben, wenn anders er es
1734 2093 2867 2171 überhaupt begriff, ist ihm ins Nichts zerronnen. Seine Tra¬
1734 2140 2867 2221 gödie des Wortes ist wortnüchtern. Ist darum auch untragisch.
1780 2193 2861 2265 Hat sich Arthur Schnitzler, dem im Gedanklichen unsere
1732 2214 2866 2294 Sympathien zu tiefst gehören, im „jungen Medardus“ neue
1733 2266 2859 2351 Wege gesucht — in die Historie hinein —, so waren das nur
1724 2297 2855 2379 Verlegenheitspfade. Gleichsam das weite und weitere Kreise¬
1727 2342 2864 2424 ziehen eines Verirrten. Nicht nur, daß bei der Kompliziert¬
1734 2382 2857 2457 heit der feelischen Vorgänge hier äußerste Konzentration ge¬
1730 2420 2848 2493 boten war, sie allein das Verständnis ermäglichte: die breite
1721 2462 2851 2536 Historie der Zustandsschilderung des „napoleonischen“ Wien
1716 2494 2846 2582 im Jahre 1809 ist mit der Handlung kaum verflochten, be¬
1725 2538 2857 2599 lichtet sie nicht, ist # bei vielen feinen Einzelzügen — auch
1718 2577 2852 2642 ais deamatische Milienschilderung verfehlt. Sie ermüdet auf
1721 2608 1808 2661 der
1807 2615 2847 2690 Bühne. Sie konnte nicht einmal durch energische Strei¬
1722 2658 2508 2719 chungen (an denen es, aotelos, nicht fehlt:
2517 2669 2847 2725 gerettet werden.
1718 2693 2858 2764 Im Gegenteil: den sehr notwendigen Streichungen mußten
1727 2730 2841 2800 nicht entbehrliche Handlungsmittelglieder zum Opfer fallen,
1710 2756 2750 2840 so sehr ist alles hier gestaltloses In= und Durcheinander.
1765 2813 2844 2901 Die Aufführung des Lessingthealers setzte nicht nur
1717 2844 2849 2939 beste Kräfte an die schwere, doch gewiß würdige Aufgabe,
1709 2882 2845 2977 sie wahrte auch in sich Kraft bis zum weitabliegenden Ende.
1682 2926 2853 2991 Bei bescheidener Ausstattung des Dekorativen war aller Nach¬
1705 2974 2847 3046 druck auf die darstellerische Leistung gelegt; levendiges Men¬
1713 3007 2841 3082 schentum schien durchaus verkörpert. Frl. Lossen durfte
1711 3047 2851 3128 selbst ihre Bewunderer überraschen: aus gebannter Haltung
1711 3091 2844 3164 und kühlem Sichgeben und verschlossenen Mienen wußte sie
1711 3130 2838 3196 Leidenschaftlichkeit des Liebens und Hassens, ja der Sinnlich¬
1704 3162 2833 3227 keit, durchleuchten zu lassen. Herr Lovs war als Medardus
1713 3200 2843 3287 feurig und müde, aufbegehrend und niedergeschlagen zugleich,
1707 3240 2833 3320 stark im Eigenleben, sehr glücklich als Typus der Zeit. Fri.
1709 3282 2834 3348 Grüning als Mutter des Medardus, Herr Salfner als
1711 3313 2838 3386 Sattlermeister Eschenbacher verkörperten solcher Jugend ge¬
1710 3357 2825 3443 genüber die zur Tat Gereiften in reicher Individualisierungs¬
1705 3393 2852 3495 kunst und guter Gemütsart. Herr Kayßler machie als
1705 3434 2834 3516 Adjutant Napoleons Figur, Herr Abel gab die Brackenburg¬
3150 1246 3398 1317 Trucht Burt
2906 1363 3390 1418 gestalt des Etzell nicht ohne
2902 1397 3391 1448 ner Typen durften besond
2901 1444 3389 1496 Adalbert gefallen, der b
2891 1479 3376 1536 Landa prägte sich der
2947 1517 3390 1570 Das Publikum war da
2907 1550 3397 1612 wir alle Schnitzlers Entwich
2902 1600 3397 1649 es, bei der Fahrt zu den M
2897 1646 3398 1703 mal freigaben, seine Helen
2902 1674 3053 1732 Helena.
3017 1742 3397 1819 ——
