3436 4352
322 134 1495 262 22. Denjunge Medandus
485 706 1333 802 „OBSERVER
593 785 1295 841 I. österr. behördl. konzessioniertes
550 836 1326 915 Unternehmen für Zeitungs-Ausschnitte
629 886 1242 965 WIEN, I., WOLLZEILE 11
693 954 1189 1012 TELEPHON R-23-0-43
504 1080 899 1163 Ausschnitt aus:
795 1163 1360 1268 Eligemeine Zeitung, Wien
519 1302 676 1388 vom:
714 1281 1239 1393 FS. WAl 1837
552 1882 1408 1980 IE HNIENATEIEIK
533 2079 1423 2233 „Medardus“ wider
772 2201 1181 2323 Willen?
537 2288 1406 2402 Eigenartiger Schnitzler=Abend des Burg¬
869 2363 1085 2430 theaters
604 2399 1432 2475 Die Absicht war allzu klar: Ein beschä¬
523 2446 1428 2534 mend leeres Haus, Ganze Logenrangreihen
521 2515 1428 2592 unbesetzt. Offenbar strengste Freikarten¬
521 2556 1428 2633 sperre. Diese Freikartensperre ist ein wun¬
515 2601 1422 2703 dervolles Mittel. Gegen Dichter wie gegen
512 2653 1220 2726 lästige geistige Verpflichtungen.
597 2703 1419 2792 Der sehr verspätete Gedächtnisabend
508 2762 1427 2838 für Arthur Schnitzler mußte dem Burg¬
510 2807 1420 2883 theater nämlich erst freundschaftlich abge¬
515 2855 1420 2918 nötigt werden. Dafür hat man 's uns jetzt
505 2914 1415 2986 gründlich gezeigt. Uns und Arthur Schnitz¬
506 2954 1425 3036 ler. Zerknirscht verließ man die Auffüh¬
503 3007 1428 3084 rung noch vor Schluß. Besseres und
501 3050 1154 3115 Würdigeres war nicht zu tun.
591 3102 1417 3177 Welch eine Aufführung! (Der Demon¬
498 3156 1429 3229 stration zweiter Teil!) Schon diese Flicken¬
500 3211 1419 3274 und Fetzen=Inszenierung verriet die lieb¬
498 3251 1413 3323 lose Hand und überdies eine aufreizende
504 3304 1418 3373 Gleichgültigkeit. Hofrat Herterich hätte als
493 3352 1421 3434 Regisseur — obzwar er begreiflicher Weise
498 3407 1425 3475 vom Kleinkrieg des Burgtheaters genug
489 3444 1416 3517 hat — mehr Proben, ein paar Ueber¬
486 3480 1415 3566 malungen und einige Besetzungsfreiheit
496 3545 1418 3623 fordern sollen. Der Besetzungsschlendrian,
487 3600 1415 3681 namentlich bei den kleineren Episoden,
482 3634 1333 3715 macht nämlich erschreckende Fortschritte.
568 3690 1417 3768 Auch sieht es, wenn die Freiwilligen
478 3733 1412 3813 des Erzherzogs Karl dann in friedlicher
484 3788 1410 3867 Uniform wiederkehren, doch gar zu sehr
477 3837 1407 3915 nach St. Pölten aus. (Den Vergleich mit
481 3896 1407 3968 Krems hat mir mein Freund Aslan schon
479 3922 996 4005 vor Jahren untersagt.)
560 3970 1404 4049 Und doch gelang der Beweis daneben.
475 4011 1400 4100 Der „Medardus“, diese Revue aphoristi¬
473 4087 1405 4149 scher Erschütterung, ist noch immer jung als
472 4121 1398 4176 große Theatermagie eines Schicksalsdichters
1657 146 2085 253 box 27/3
2357 1144 2418 1248 M
2001 1210 2819 1371 Allgemeine Zesting
1455 1351 3286 1456 drängtem Nestroy=Akzent, jedenfalls sehr der tief harmonischen österreichischen Un¬
1449 1428 3272 1500 männlich und mit fast launiger Schwermut vollkommenheit. Die Tragödie des verklär¬
1451 1470 3263 1547 aus der kuriosen Affäre. Den Denunzianten## ten Pallawatsch. Das Heldenlied vom herot¬
1457 1502 2353 1572 Wachshuber — noch ist Arnold Korffs
2361 1522 3274 1600 schen Raunzer oder, wenn man will, Anatol
1452 1561 2357 1629 Genievisage der Gemeinheit unvergessen —
2353 1564 2496 1627 1809.
1447 1614 2352 1682 liefert Herr Huber jetzt in subalternerer,
2446 1604 3266 1708 Wundervoll, wie seine gelassene Schick¬
1448 1661 2348 1727 aber schmissig schleichender Ausgabe. Sehr
2363 1664 3268 1744 salsenergie diese saloppe Aufführung über¬
1460 1712 2349 1784 solid und sauber sind. Emmerich Reimers,
2365 1716 3275 1783 strahlt. Wie es da und dort aufblitzt, heiß
1458 1765 2347 1829 nobel gemessen Herr Pranger, mit originel¬
2359 1768 3271 1854 ans Herz greift, wie hoch und leuchtend die
1459 1816 2343 1882 lem Griff niedlich Fräulein Kramer, bild¬
2358 1817 3277 1885 Raketen bittersüßen Geistes steigen. Wie
1454 1859 2346 1922 haft würdig Anna und zart durchseelt
2360 1857 3271 1942 diese Figuren dastehen, marmorkühl und von
1462 1911 2345 1981 Elisabeth Kallina in kleineren, freilich sicht¬
2364 1910 3264 1986 später Sonne abschiedsmild umspielt. Wie
1459 1960 2340 2034 lich rasch gefeilten Chargen. Maria Mayens
2353 1968 3265 2037 der wilde Wind der Jugend durch dunkle!
2353 2011 3250 2093 Wipfel fährt. Wie sich stolz und stumm
1456 2015 2349 2100 drollige und zärtlich schnoddrige Zofe hat
2355 2051 3075 2130 Arme und Wünsche umschlingen.
1455 2057 1958 2129 schon schärfere Kontur.
2434 2098 3263 2185 Als „Zeitbild“ kann man all das frei¬
1530 2102 2341 2186 Da Herr Höbling als General Rapp
2354 2143 3251 2237 lich nicht mehr hinpinseln. Man muß schon
1452 2163 2338 2240 abgegangen, sagt die Prinzeß Helene: „Ein
2355 2207 3255 2282 zu dieser fast fratzenhaften Dämonie vor¬
1452 2216 2337 2287 schlechter Komödiant war va!“ Aber ich
2351 2252 3254 2320 dringen, zu diesem beinahe koketten Blut¬
1445 2263 2337 2337 muß auf die verlockende Polnte leider ver¬
2349 2303 3248 2378 rausch, zum lächelnd mitleidlosen Lebens¬
1447 2322 2336 2385 zichten. Denn inmitten mancher Galopp¬
2348 2355 3220 2417 und Liebesschachspieler Arthur Schnitzler.
1443 2374 2332 2430 entgleisung dieses Abends wahrt Herrn
2430 2399 3245 2458 Das Burgtheater aber sei bescheiden
1443 2425 2341 2481 Höblings selbst= aber auch sprachsichere
2348 2448 3247 2518 gebeten, von solch ostentativ unlustigen
1447 2466 2327 2556 Strammheit die Ehre der Burgtheater¬
2339 2500 3244 2568 Ehrungen abzusehen. Wir widerrufen das
1444 2515 1639 2584 diktion.
2334 2531 3248 2619 voreilige Gelüst reuig. Reuig im Geiste
1518 2561 2328 2633 Dennoch klappert und plappert das
2346 2597 3238 2663 Arthur Schnitzlers, der auf stillen Wegen,
1437 2622 2327 2690 alles nebeneinander her. Wirkt verwischt
2338 2643 3250 2730 herbstumraschelt, sein Werk ruhen und rei¬
1436 2672 2335 2743 und verwackelt. (Gegenbeispiel: Straßnis
2340 2689 2554 2751 fen ließ.
1445 2723 2264 2789 gigantisch gespenstischer „uralter Herr“.)
2412 2727 3233 2817 Keine Sorge, das Burgtheater wird,
1529 2775 2332 2852 Schnitzler, keineswegs verwöhnt durch
2338 2785 3238 2847 würdiger und ehrfurchtsvoller, auf den
1427 2817 2323 2885 Pietätsbeweise, wirds überstehen. Der
2336 2834 3239 2920 „Medardus“ zurückkommen. Oder es wird
1424 2873 2336 2950 „Mebardurs“ schon gar. Er ist Arthur
2329 2887 3067 2961 nicht mehr das Burgtheater sein.
1428 2924 2358 2993 Schnetlers „Peer Gynt“. Das Epos von
2672 2918 3204 3013 Ludwig Ullmann.
2578 2992 2654 3058 —
