3344 4256
941 212 1032 285 Me
1535 214 1998 306 box 26/5
223 214 1402 330 22. Denunenedandus
371 1276 1112 1354 Leiter der Geschille unserer Eie.
372 1317 2703 1394 störende Schüchternheit ganz überwunden und ver= das schönste allgemeine und gleiche Währteche, ienn
1532 1346 3304 1439 jede Partei und jeder Abgeordnete sich seine eigene Me¬ Voltsveriretung getroffen n
368 1374 1547 1448 urteilen das Parlament zu langfeistigen Ruhepausen.
1410 1434 1550 1501 wrdsndstane
2707 1484 3301 1542 Rache und verbraucht sie für
1548 1484 2708 1545 und einen frei erfundenen Sprößling eines französischen
746 1494 1434 1628 Feuilleton.%
2864 1512 3310 1593 Jetzt wird das
2709 1525 2888 1591 Helene.
1551 1534 2700 1589 Prätendentengeschlechts, Helene von Valois. Die Ver¬
421 1499 730 1617 W·
2702 1559 3300 1630 und Rache entsprechend d
1545 1567 2701 1638 bindung beider mit der Historie gelang ihm fast einwand¬
786 1571 1151 1664 Burgtheater.
2702 1599 3319 1678 Stadium des Dramas blitzschne
1541 1612 2708 1674 frei. Dort aber, wo die Geschichte dieses Paares die den
369 1633 1533 1724 („Der junge Medardus“, dramatische Historie von Arthur Schnitter.
2712 1657 3317 1719 Liebe und Nache mit dem 2
1544 1645 2712 1722 Faden bilden soll, an dem die Perlen der dichterischen
676 1679 1227 1736 Erste Aufführung am 24. November.)
2699 1699 3319 1760 und nur das Wort „Tod“ begi
1549 1701 2709 1766 Historiennachschöpfung aufgereiht werden, nur ein wenig
458 1703 1545 1791 „Der Ruf des Lebens“ war ein Markstein ineder
2705 1728 3318 1794 Als aber Medardus erfährt, daß
1544 1740 2700 1806 eigene Bewegungsfeeheit gewinnt, d. h. wo sie ein von
362 1753 1548 1839 Entwicklung Schnitzlers. Dieses vielverlästerte Stück
2696 1775 3313 1849 sie nicht die Geliebte Napoleo
1542 1788 2706 1854 dem großen Geschichtsdrama unabhängiges Leben führen
374 1800 1549 1864 schien mir eine kostbare Verheißung; in seinem letzten,
2697 1824 3306 1896 hat, als sie seinen Weg ging,
1543 1834 2696 1889 will, offenbart sie einen Rückfall in jene Periode des
372 1845 1543 1912 dramatisch und theatralisch schwächsten Akt hielt der
2699 1871 3319 1939 natürlich die Liebe wieder auf.
1547 1874 2700 1937 Dichters, die hier zum erstenmal völlig überwunden
380 1896 1536 1958 Dichter Abrechnung mit sich selbst und seinem bisherigen
2703 1909 3319 1972 mal der Rachegedanke wach, de
1539 1916 2710 1997 werden sollte. Hier hat Schnitzler ganz offensichtlich die
374 1928 1545 1995 Schaffen. Hatte er den Weg zum modernen Schicksals¬
2710 1962 3319 2020 durch betätigen kann, daß er dash
1549 1976 2228 2034 selbstgewählte Aufgabe verfehlt.
371 1975 1539 2038 drama — den suchen alle wahrhaftigen Dichter unserer
2696 2008 3291 2083 Tod für Medardus verstärkt.
1624 1999 2704 2076 Medardus sollte nicht durch den Ruf seines Blutes
369 2025 1544 2087 Zeit — zu finden gehofft, indem er dem Ruf des Blutes
2790 2045 3319 2112 So hat Schnitzler, der au
1542 2059 2702 2117 zum Narren seines Schicksals gemacht werden, sondern
376 2058 1547 2129 folgte, so öffnete er jetzt Kopf und Herz dem Ruf des
2711 2072 3320 2159 aufrechten Helden zu schaffen da
1539 2115 2710 2166 dadurch, daß ihn das Leben in den Wirbel einer anderen
378 2107 1545 2178 Lebens. Und schrieb den „jungen Medardus“. Wie stark
2700 2122 3324 2195 losen Schwächling zwischen Liebc
1548 2158 2697 2209 Tragödie hineinzog, einer Paralleltragödie zur Haupt¬
376 2171 1536 2226 das Bestreben in ihm war, vor neuen Altären zu opfern,
2701 2179 3321 2252 uns diesen Medardus gegeben,
1539 2189 2702 2254 tragödie: Österreich im Jahre 1809. Da Medardus am
369 2200 1544 2272 wie sehr er sich schon äußerlich zwingen wollte, von den
2713 2229 3322 2284 schönen Feindin völlig „verwan
1549 2237 2713 2289 Ende zum Richtplatz geführt wird, sagt sein Freund Etzelt!
377 2247 1541 2306 Permutationen und Potenzierungen des Anatol=Themas
2702 2256 3319 2337 ist, seinen Rausch mit dem Lebe
1547 2283 2700 2345 von ihm: „Gott wollte ihn zum Helden schaffen, der Lauf
378 2287 1542 2348 weitabzurücken, beweist die Wahl eines historischen Vor¬
2699 2315 3316 2381 Freund, an einer der schönsten
1548 2332 2708 2388 der Dinge machte einen Narren aus ihm. Sein Onkel
379 2331 1521 2404 wurfs. Noch fühlte er sich offenbar nicht stark genug, zu
2703 2344 3324 2412 mahnt, daß es nicht genüge, mi
1548 2373 2697 2431 Jakob Eschenbacher aber sieht ihn anders, wenn er von
376 2360 1544 2428 gestalten, was ihm die Stimmen seiner Zeit zurufen,
2704 2388 3314 2468 müsse auch darauf achten, daß d
1548 2405 2708 2473 ihm sagt: „Und gar unser Medardus ist einer. der kaum
377 2414 1544 2483 Alle Gegenwartsstücke, die er bisher geschrieben hatte,
2713 2442 3307 2500 Münze werde, bis es zum Ze
1554 2461 2699 2537 geschaffen ist, anderes zu erleben, als den Klang von
369 2446 1551 2529 sind in der Umarmung der Liebe mit dem Tode gezeugt,
2714 2477 3320 2546 sagt überhaupt, nebenbei bemerkt
1551 2505 2700 2563 Worten.“ Und man kann die Geschichte des Medardus
372 2515 1543 2566 und alle seine Helden werden durch Überhitzung ihres
2709 2534 3326 2603 Medardus und einem aufrechten
1557 2531 2696 2598 wirklich auch so erzählen, daß er als der Narr der Worte:
369 2558 1544 2614 Blutes zu Narren ihres Schicksals. Darum wollte Schnitz¬
2792 2583 3313 2655 Aufrechter ist Helene von
1544 2590 2712 2650 Vaterland, Nache, Liebe und Tod erscheint. So gesehen,
374 2589 1538 2660 ler in das Stahlbad der Geschichte tauchen damit der
2712 2612 3321 2695 Ziel nicht auch sie verblutet
1548 2625 2711 2698 rückt das Schicksal dieses Helden aber wieder sachte von
378 2634 1542 2710 Ruf des Lebens mit ehernen Zungen den Ruf des Blutes
2701 2661 3314 2737 Schwäche stößt ihr den Dolch in
1552 2675 2709 2737 der Historie ab, und da das unglückselige Flötenspiel der
376 2676 1543 2759 übertöne. Hinüber wollte er, mit aller Kraft hinüber!
2697 2715 3318 2785 zeug, am Leben. Auch ihr erspar
1553 2725 2710 2773 Liebe vom Anfang an den Ton angibt, sind wir unver¬
462 2713 1542 2781 Er ist nicht ganz hinübergekommen. Die Geschichte
2710 2753 3304 2819 rausch, aber sie taucht nicht
1545 2766 2701 2825 sehens wieder mitten im Drama der erotischen
378 2757 1546 2819 hat ihm gesprochen, und was er an Historie, im weitesten
2708 2796 3306 2876 Sinnlichkeit. Dem Medardus
1548 2810 2711 2885 Ekstasen. Liebe (die unglückliche Frangois' und
375 2805 1543 2880 Sinne des Wortes, gestaltet hat, hat sich zu einem Ge¬
2708 2829 3325 2900 Armen. Ihr wird die Hingabe
2153 2841 2700 2925 Rache erzeugt Liebe.
1556 2856 2176 2922 Agathen) erzeugt Rache,
372 2854 1543 2923 mälde von prächtiger Gesamtwirkung mit künstlerisch
2709 2896 3319 2951 wenn sie eine Stunde, losgelöst
1547 2902 2707 2958 Diese Liebe erschlägt aber nicht nur die Familien=,
385 2900 1552 2969 vollendeten Details zusammengeschlossen. Das öster¬
2697 2929 3317 2995 Wollen opfert, so stellt sie vorher
1556 2941 2713 3017 sondern auch die Nationalrache, da er seine „Tat“ die
383 2933 1543 3002 reichische Drama des Jahres 1908 zerfiel ihm aber den¬
2713 2976 3311 3042 umarmt der Haß im Auge fun
1551 2975 2707 3034 Ermordung Napoleons, nicht mehr tun zu dürfen glaubt,
379 2976 1554 3056 noch in eine Reihe einzelner Dramoletts und dramati¬
2712 3015 3322 3081 bedarf. Wenn die Gestalt Helenens
1551 3033 2700 3085 weil seine Geliebte, Helene von Valois, sie von ihm für
377 3027 1545 3097 scher Skizzen, die zwar alle der künstlerischen Gesamt¬
2709 3071 3322 3132 gelten darf, als ein Aufschwungd
1543 3071 2703 3131 sich, für ihren Traum vom Königrecht der Valois' fordert.
379 3055 1557 3137 wirkung des Historiengemäldes dienen, dennoch aber, um
2708 3101 3317 3173 lers so drängen sich anderseits
1546 3112 2713 3188 Aus dieser Liebe wird aber wieder Rache, als man ihm
376 3111 1555 3178 sich zu einem Drama zu vereinigen, des Einzelschicksals
2701 3142 3335 3216 denklichsten Schwächen des Stück
1545 3165 2712 3225 sagt, daß Helene die Geliebte Navoleons sei, und er
379 3156 1550 3214 eines Helden bedurften, für den sie Milien und Bestim¬
2701 3196 3336 3255 an, von der Phrase des Meda##
1554 3199 2717 3272 glaubt sich der Tat aufs neue würdig. Und noch einmal
382 3207 1543 3255 mung sein mußten. Er hat zwei Helden in sie hinein¬
377 3248 3332 3329 gestellt: den Wiener Buchhändlerssohn Medardus Klähr, erschlägt die schon zertretene und beschmutzte Liebe die hochmütig=mörderischen Fingern
