3344 4256
1579 117 2015 207 box 26/5
246 105 1421 225 22. Deun Medandus
161 723 441 857 BSERVER“
158 838 516 921 terr. behördl.
153 897 459 976 nzessionirtes
190 958 405 1026 Bureau
150 1002 508 1097 Zeitungsnachrichten
192 1068 397 1134 Wien, 1.
156 1104 478 1186 onkordiaplatz A
522 1548 1271 1656 Münehner Neueste Nachrichte¬
487 1634 539 1675 W
166 1578 499 1716 26.90 1910
332 1726 499 1812 eenen
3100 1723 3268 1813 Mn
1305 1789 3169 1851 Medardus Klähr, „dieses Krieges letzter und zu gering war! Helene von Valois besucht das
3178 1801 3326 1860 Historie
473 1804 1140 1909 „Der junge Medardus“
1287 1827 2212 1893 seltsamster Held,“ wohl hast auch du allerlei Helden¬
2226 1848 3314 1897 Grab ihres Bruders, will Blumen auf den Hügel! chen al
2229 1880 3171 1949 streuen, unter dem er eben mit Agathe gebettet
1280 1877 2227 1923 posen, indes es sind jens, in denen wir unsere ver¬
326 1889 831 1967 Dramatische Historie in
820 1888 1271 1972 fünf Akten und einem
1286 1919 2226 1968 borgensten Gefühle erkennen. Du hast viele und
2230 1921 3338 1970 ward. „Die Blumen fort, oder ich zertrete sie!“, Hebbelsch
461 1936 1172 2014 Vorspiel. Von Artur Schnitzler.
1290 1953 2222 2014 sehr erlauchte Verwandte, überall in den herrlichsten
2231 1958 3173 2009 schreit ihr Medardus zu. Wie sich die To.en da
3162 1959 3328 2013 umso er
1281 1999 2224 2045 Gedichten der Menschheit wohnen deine Vettern.
2221 1997 3181 2051 unten in ihres Wesens Gleichheit fanden, so da oben
333 1982 1283 2064 Uraufführung im Wiener Hofbürgtheatey am
1286 2036 2226 2083 Du hast eine Tat zu wirken, hast dich zu rächen.
2220 2028 3322 2078 nun ihre Geschwister. Zuerst im Haß, dann inFrage,
601 2033 1032 2106 24. November 1910.
2221 2077 3171 2120 der Liebe. Oder in beidem; das läßt sich oft nicht recht
1278 2067 2215 2119 Und zögerst wie Hamlet. Du dringst tollkühn mit¬
3164 2073 3317 2126 der prä
394 2076 1283 2160 * Wir sind reicher geworden, seitdem wer dieses
1290 2112 2215 2155 ten in das Haus deiner Feinde und überkletterst
2220 2117 3165 2171 unterscheiden. .. Bertrand von Valois, der Vetter,
324 2119 651 2195 Werk besitzen.
707 2129 1240 2193 es ein gutes Theaterstück? I
1291 2152 2223 2193 die Mauer zum verwegensten Stelldichein, Romeos
2218 2151 3176 2210 tritt hinzu, fordert den Beleidiger seines Hauses.
330 2173 1255 2220 — auch, zum mindesten fast immer. Indes, wie
3163 2188 3324 2239 glübend
2218 2193 3168 2241 Medardus schlägt sich mit dem berühmten Fechter.
1283 2190 2218 2231 Bruder. Du liegst verwundet im Duell, der erste
333 2213 1250 2273 wenig ist ein gutes Theaterstück! Hier aber is
3169 2224 3335 2283 doch sprl
1277 2226 2225 2274 Augenblick der Ruhe — da bringt dir die Zose
2225 2236 3169 2277 „Ja wahrhaftig in eine wahre Wolke von Parfüm
328 2248 1275 2294 etwas anderes, ist mehr, unvergleichlich mehr!
1281 2260 2234 2324 deiner verhaßten Jeindin Blumen und du springst
3172 2265 3308 2318 Artur
2222 2268 3172 2321 gehüllt kamen sie daher. Es war ein wohlriecher¬
324 2291 1284 2352 Denn dies ist nicht nur ein Drama, das mitten im
3166 2300 3317 2353 derartig
1285 2293 3177 2359 auf zum Abenteuer wie Cyrano. Wie zerrissen ist des Duell, meiner Seel.“ Die Prinzessin läßt sich
325 2332 1286 2391 abscheulichen Gewimmel der flachen, der brüllenden.
3172 2346 3312 2393 ten nich
2223 2339 3173 2398 nach seinem Befinden erkundigen, und hier sieht
1276 2339 2224 2400 deine Seele, wie rätselhaft und doch verständlich
328 2368 382 2409 d
390 2371 1274 2429 r witzigen Komödien unserer Bühne wieder ihre
1283 2381 2233 2434 das heiße Treiben deines Blutes! Nur scheinbar
2222 2381 3172 2432 Medardus die Reche an den Valois und das große
327 2400 1277 2463 Ehre gibt, dies ist ein Drama von einer gedank¬
1288 2422 2230 2468 ist der seltsamste Held anfangs friedlich weil er in
2229 2421 3172 2463 Schicksal. Vom Begräbnis der Schwester, von der
3198 2419 3300 2470 ünstle
329 2439 1278 2494 lichen Freiheit, von einer hinreißenben Buntheit.
1280 2460 2225 2510 den Krieg ziehen darf, dort die Unrast seiner Seele
3170 2459 3324 2521 seelischer
2225 2458 3169 2514 Gefahr des Zweikampfes stürzt er in die Gefahr
331 2485 1276 2532 von einem so ziessinnigen Ernst, daß man hinter
3178 2500 3318 2554 Ibsens
1285 2499 2229 2547 zu beruhigen hofft. Napoleon zieht gegen Wien,
2227 2495 3172 2543 der Liebe. Setzt das Leben ein und gewinnt das
328 2518 1283 2570 ihm schon wieder die losgelöste Heiterkeit aller letz¬
1280 2533 2217 2592 auf zum Heere des Erzherzogs Karll Nichts ist
2217 2534 3164 2580 Spiel, verbringt die Nacht bei der Prinzessin.
3173 2525 3298 2587 Nicht
334 2560 1276 2615 ten Dinge darüber schwebend erschant. Ich kenne
3176 2570 3324 2626 Dichtun
1280 2571 2228 2633 laut in dem stillen altwiener Bürgerhause, und
2224 2577 3169 2618 Hofft auf andere Nächte. „Die Prinzessin wünscht,
334 2594 1287 2648 keine Schöpfung, die wie diese so sparsam in ihrer
1281 2606 2213 2660 doch ist schon der erzene Schritt des Schicksals zu
2219 2615 3174 2680 daß von heute an beim Eintritt der Dunkelheit die
3163 2616 3330 2668 gemeine
325 2640 1276 2694 Verschwendung wäre, so viel ausspricht und so un¬
1282 2649 2219 2703 hören, das eintritt. Ganz ruhig geht die junge
2217 2649 3167 2705 Hunde los sein sollen. Dennoch findet Medardus
3163 2654 3320 2716 fühle de
330 2673 1280 2731 endlich mehr erraten läßt. Manchmal scheint es.
1285 2685 2212 2738 Agathe, des Medardus Schwester, in den Tod. Sie
2217 2692 3172 2748 wieder den Weg. Helene von Valois hat sich ver¬
3164 2695 3282 2745 ganz
335 2719 1275 2776 als ob für diese Historie nicht ihr schönar Satz gel¬
3173 2720 3324 2782 sie pre
1291 2718 2228 2782 kann ihren Liebsten, den Sohn eines emigrierten
2222 2731 3167 2782 lobt, ihr Bräutigam ist nun der Prätendent nach
335 2749 1285 2825 ten würde: „Deine Sprache ist doch nur aus
1288 2770 2215 2814 französischen Kronprätendenten nicht heiraten. nun
2222 2766 3322 2812 dem alten blinden Herzog, seine Braut wird ihm schicke
342 2791 712 2852 Worten gemacht!“
1279 2799 2229 2860 kommt der liebe Junge lächelnd, lügt der Mutter
2222 2810 3328 2861 erst angehören, wenn sie weiß, daß ihr Sohn König Kinuvoll
1287 2846 2219 2897 vor morgen würde hier sein Vater, der Herzog von
2223 2839 3173 2903 von Frankreich wird. Die letzten Getreuen raten.
3160 2846 3319 2909 gehande
372 2841 1282 2900 Deshalb ist die Knappheit des „Jungen Medar¬
2222 2878 3167 2937 dlanen schmieden an der Kette einer Verschwörnng
1292 2884 2214 2928 Valois, um ihre Hand anhalten, und sie schreiten
3172 2885 3328 2934 reizvoll
323 2867 444 2934 bus“
450 2889 1285 2935 so erstaunlich. Knappheit, trotzdem das Buch
2226 2925 3166 2973 gegen Napoleon, der immer näher heranrückt. Das
1285 2919 2220 2980 hinaus, der adelige Knabe, das Mädchen mit dem
3171 2924 3319 2974 unendli
328 2929 1285 2969 reichlich den doppelten Umfang eines gewöhnlichen
2222 2944 3172 3019 Bombardement beginnt, Medardus steht Wache auf
1280 2966 2215 3017 ungeborenen Kinde, in die Donauauen in den
3169 2960 3328 3014 dann geh
329 2968 1284 3007 Stückes umfaßt. Aber preßt es nicht einen hun¬
1283 2988 2215 3064 Strom. „Wie zu einem Feste“, sagt Onkel Eschen¬
2227 3002 3324 3048 der Bastei. neugierig, ängstlich drängen sich die wird in
331 3006 1283 3053 dertfachen Inhalt hinein? Allerbings, wie konnte
2225 3040 3163 3089 Leute offenbaren sich, schimpfen, schwatzen, krakehlen.
1285 3034 2201 3100 bacher, der ihnen nachblickt. Brautleute. „So
3162 3039 3311 3093 eine za
320 3038 1283 3101 das Theater sich vor der quellenden Fülle des neuen
2221 3076 3164 3128 die Gerüchte fliegen auf rascher noch als die Ku¬
1280 3074 2223 3139 jung, so jung", lächelt sanft die ernste Mutter...
3164 3078 3333 3131 eine sel
336 3080 1289 3138 Schnitzler retten? Es galt zu streichen, zu kürzen!
2225 3109 3172 3173 geln. Wien kapituliert. Bei der Trauung der
3177 3117 3333 3171 ein wen
335 3114 1283 3173 Und während man sich des Gebotenen freut, sucht
1317 3117 2226 3171 Aber in den Donau# uen nehmen all die jungen
2227 3147 3174 3197 Valois erscheinen zwei ungeladene Gäste. Den
338 3157 1285 3224 man nach dem Vermißten. Noch immer bleiber.
1286 3148 2226 3216 Krieger Abschied von „Lien. Da dampft es vor
3203 3157 3324 3215 Wie
2222 3194 3172 3240 einen, Medardus Klähr, können die Diener ent¬
331 3199 1281 3243 mehr als vier Stunden und zehn Bilder und sieb¬
1283 3201 2228 3249 Tollheit, Lärm und Jugend. Und spüren doch alle,
3164 3197 3327 3258 Es ist e
2237 3227 3161 3278 fernen, den anderen nicht; denn er heißt General
339 3240 1273 3291 zig Gestalten, von denen eine jede gerade an ihrer
1278 3242 2215 3298 daß es vergeblich ist, daß der Napoleon siegen wird.
3164 3237 3328 3289 wie es
2225 3270 3162 3321 Rapp und er kommt als Abgesandter Napoleons.
331 3273 1275 3327 Seele gefaßt scheint. Zwei Jahre lang haben der
1296 3264 2231 3332 Selbst spotten sie über ihre Ohnmacht. Der eine
3161 3279 3332 3336 man be
2226 3301 3160 3356 der die Prätendenten=Familie nach Schönbrunn be¬
336 3306 1281 3366 Dichter und das Burgtheater gekämpft, um die
3167 3317 3321 3371 auch nu
1285 3311 2217 3367 schreit vor Angst. Aber er zieht in die Schlacht,
2225 3354 3157 3402 fiehlt, zum Zeichen ihrer Unterwerfung. Helene
337 3348 1279 3400 Majestöt dieses fast unübersehbaren Poesiestromes
3170 3347 3327 3403 Ton so
1281 3351 2220 3405 läßt sich nicht abhalten: „Was ware denn die ganze
2221 3391 3168 3445 allein geht zum Tyrannen, er, den sie zu lieben
334 3386 1281 3446 in ein geregeltes, wenn auch breites Theaterbett zu
3162 3372 3338 3442 iummen
1291 3395 2200 3444 Conrage wert, wenn man nicht Angst hätte?“
2226 3422 3163 3475 beginnt, wird der Rivale von Medardus. Aber
3161 3432 3329 3481 Mahler=
324 3410 1290 3481 dämmen. Ein jeder spürte, daß dies ein großer,
1285 3425 2227 3481 Rechte Oesterreicher sind diese unpaihetischen Hel¬
2223 3455 3331 3520 darüber vergißt sie nicht den Feind zu hassen. In.Wirkung
323 3464 1285 3509 einer der so selten wichtigen Abende des Theaters
1293 3466 2225 3528 den, die scherzen. Aber da begibt es sich, daß der
2229 3490 3334 3553 des Medarbus, der dem Kaiser auflauert tötet sie] Orcheste
493 3510 1278 3551 er Dichter Baron Berger, der hier seine
1278 3507 2226 3555 Wirt zwei Leichen auffischt, und daß Medardus
2219 3540 3167 3589 eifersüchtig gerade noch bevor sie ihm seine welt¬
323 3540 1281 3604 erste bedeutende Tat zu tun hatte, das Burgtheckter.
3160 3540 3341 3596 lebt ein
1290 3546 2214 3600 Klähr seine Schwester derart wieder sieht. Warum
2229 3575 3159 3634 geschichtliche Mordaufgabe entreißen kann, und der.
325 3576 1287 3619 das als verspätete Jahrhundertfeier von Aspern
3164 3582 3335 3636 doch in
1279 3584 2223 3644 tat sie ihm das? Ihm, wie dem Homburger Prin.
2314 3605 3170 3673 ist er des Kaisers Lebensretter. Jede Hult
335 3614 1284 3677 dies Wiener Spiel aus ber Franzosenzeit von 1809
1289 3610 1852 3683 zen, schaudert vor dem Tod.
2052 3622 2220 3678 e lebte!
3165 3623 3316 3673 großer
2229 3655 3155 3699 winkt ihm, er aber wirft sie hin, er will keine
335 3657 458 3705 gab.
533 3653 1287 3716 bebeutet den Versuch eines mobernen
3164 3657 3329 3718 tigen T
1289 3646 2226 3713 „Schande? Erloschnes Wort!“ Dansoen steht
2219 3689 3157 3745 Gnode, er erzwingt seinen Tod von dem großen
328 3697 1291 3764 Künstlers, die österreichische Geschichte zu erobern.
3165 3698 3318 3748 banken
1286 3701 2233 3752 einer, der das Mädchen begehrte. und dieser will
2229 3723 3345 3797 Feind. Und fällt, während braußen die GlockenAbends.
335 3738 1293 3802 den Stil der Klassik für uns neu zu finden. Schon
1281 3743 2219 3791 ihn trösten. „Du. verstehst“ schreit Medardus
1020 3773 2683 3825 ist eine Tat.; ihm vorwurfsvoll zu. Nun zieht er nicht mit in die den Frieden einläuten.
339 3772 998 3823 das Wagnis eines solchen Zieles
3202 3777 3338 3822 Ueber
337 3804 1081 3879 Mun ober ist gar das Wagnis geglückt.
1278 3802 3338 3878 Schlacht, gun h##t er sie zu rächen, die den Volois! Man könnte finden, daß die seelischen Fäden der i ner gest
