<?xml version="1.0" encoding="UTF-8" standalone="yes"?>
<PcGts xmlns="http://schema.primaresearch.org/PAGE/gts/pagecontent/2013-07-15" xmlns:xsi="http://www.w3.org/2001/XMLSchema-instance" xsi:schemaLocation="http://schema.primaresearch.org/PAGE/gts/pagecontent/2013-07-15 http://schema.primaresearch.org/PAGE/gts/pagecontent/2013-07-15/pagecontent.xsd">
    <Metadata>
        <Creator>prov=University of Rostock/Institute of Mathematics/CITlab/Gundram Leifert/gundram.leifert@uni-rostock.de:name=ONB_Newseye_GT_M1+(htr_id=10810)::::v=2.4.2
prov=University of Rostock/Institute of Mathematics/CITlab/Tobias Gruening/tobias.gruening@uni-rostock.de:name=de.uros.citlab.module.baseline2polygon.B2PSeamMultiOriented:v=2.4.2
prov=University of Rostock/Institute of Mathematics/CITlab/Tobias Gruening/tobias.gruening@uni-rostock.de:name=/mnt/transkribus/LA/DEA/URO/LA_news_onb_att.pb:de.uros.citlab.segmentation.CITlab_LA_ML:v=2.4.2
Transkribus</Creator>
        <Created>2019-10-07T11:15:15.823+02:00</Created>
        <LastChange>2019-10-08T00:45:08.994+02:00</LastChange>
        <TranskribusMetadata docId="223966" pageId="9496707" pageNr="203" tsid="16492657" status="IN_PROGRESS" userId="40391" imgUrl="https://files.transkribus.eu/Get?id=KJHQEACOEKDDYGEFDQFPBSXL&amp;fileType=view" xmlUrl="https://files.transkribus.eu/Get?id=IZDRTJZEOOYINVMFFLODHMZS" imageId="6186934"/>
    </Metadata>
    <Page imageFilename="223966_0203.jpeg" imageWidth="3392" imageHeight="4256">
        <ReadingOrder>
            <OrderedGroup id="ro_1711440554486" caption="Regions reading order">
                <RegionRefIndexed index="0" regionRef="r1"/>
            </OrderedGroup>
        </ReadingOrder>
        <TextRegion orientation="0.0" id="r1" custom="readingOrder {index:0;}">
            <Coords points="155,271 155,3145 3063,3145 3063,271"/>
            <TextLine id="r1l1" custom="readingOrder {index:0;}">
                <Coords points="1540,305 1652,327 1684,313 1724,335 1774,299 1828,335 1915,300 1965,318 1990,293 2016,297 2016,232 1760,241 1738,256 1587,226 1540,247"/>
                <Baseline points="1559,299 1584,298 1610,298 1636,298 1662,298 1687,299 1713,300 1739,301 1765,301 1790,302 1816,303 1842,303 1868,303 1893,303 1919,302 1945,300 1971,298 1997,295"/>
                <TextEquiv>
                    <Unicode>box 26/5</Unicode>
                </TextEquiv>
            </TextLine>
            <TextLine id="r1l2" custom="readingOrder {index:1;}">
                <Coords points="226,338 367,308 406,344 1404,347 1373,238 926,268 472,230 400,272 227,244"/>
                <Baseline points="244,294 301,299 358,303 415,307 472,309 529,312 586,313 643,315 700,316 757,316 814,317 871,317 928,317 985,317 1042,316 1099,316 1156,316 1213,316 1270,316 1327,316 1385,317"/>
                <TextEquiv>
                    <Unicode>22. Derjunge Medandus</Unicode>
                </TextEquiv>
            </TextLine>
            <TextLine id="r1l3" custom="readingOrder {index:2;}">
                <Coords points="1939,1454 1978,1432 2378,1428 2377,1377 2287,1385 2233,1368 2219,1383 2193,1368 2143,1391 2132,1380 2089,1391 2035,1359 1974,1374 1938,1360"/>
                <Baseline points="1957,1423 1982,1422 2007,1422 2032,1422 2057,1422 2082,1422 2107,1422 2132,1422 2158,1422 2183,1421 2208,1421 2233,1421 2258,1420 2283,1420 2308,1419 2333,1419 2359,1417"/>
                <TextEquiv>
                    <Unicode>feskbuher torrben son.</Unicode>
                </TextEquiv>
            </TextLine>
            <TextLine id="r1l4" custom="readingOrder {index:3;}">
                <Coords points="141,1568 2838,1523 3057,1443 140,1529"/>
                <Baseline points="160,1558 304,1555 448,1552 592,1550 736,1547 880,1544 1024,1541 1168,1538 1312,1536 1456,1533 1600,1530 1744,1527 1888,1524 2032,1521 2176,1518 2320,1515 2464,1511 2608,1508 2752,1505 2896,1501 3041,1497"/>
                <TextEquiv>
                    <Unicode>welche Schrecken auf Hamlet ein= hier bleibt die Erfindung des Dichters hinter der gemalt. Viele andere hatten so wenig zu sagen und</Unicode>
                </TextEquiv>
            </TextLine>
            <TextLine id="r1l5" custom="readingOrder {index:4;}">
                <Coords points="1951,1581 3028,1570 3052,1512 1950,1531"/>
                <Baseline points="1967,1571 2020,1570 2073,1569 2127,1568 2180,1568 2234,1568 2287,1567 2340,1567 2394,1567 2447,1566 2501,1566 2554,1565 2607,1565 2661,1563 2714,1562 2768,1561 2821,1559 2874,1557 2928,1554 2981,1551 3035,1548"/>
                <TextEquiv>
                    <Unicode>zu tnn, daß man gar nicht dazu kam, die auf dem</Unicode>
                </TextEquiv>
            </TextLine>
            <TextLine id="r1l6" custom="readingOrder {index:5;}">
                <Coords points="144,1644 1537,1599 1587,1551 142,1568"/>
                <Baseline points="160,1609 230,1607 301,1605 371,1603 442,1602 512,1600 583,1599 653,1597 724,1595 794,1594 865,1592 936,1591 1006,1590 1077,1588 1147,1587 1218,1586 1288,1585 1359,1584 1429,1583 1500,1583 1571,1582"/>
                <TextEquiv>
                    <Unicode>sum seinen jungen Geist ins Wanken überlieferten Wirklichkeit zurück.</Unicode>
                </TextEquiv>
            </TextLine>
            <TextLine id="r1l7" custom="readingOrder {index:6;}">
                <Coords points="967,1644 2750,1622 3048,1555 966,1600"/>
                <Baseline points="986,1640 1088,1637 1190,1634 1292,1632 1394,1629 1497,1627 1599,1625 1701,1624 1803,1622 1905,1621 2008,1619 2110,1617 2212,1616 2314,1615 2416,1613 2519,1611 2621,1609 2723,1607 2825,1604 2927,1601 3030,1598"/>
                <TextEquiv>
                    <Unicode>Die Darstellung am k. k. Hofburgtheater bot Theaterzettel angemertte Ideutität festzustellen. Der</Unicode>
                </TextEquiv>
            </TextLine>
            <TextLine id="r1l8" custom="readingOrder {index:7;}">
                <Coords points="927,1679 3038,1659 3036,1598 925,1621"/>
                <Baseline points="944,1684 1047,1684 1151,1683 1255,1682 1359,1681 1463,1679 1566,1678 1670,1676 1774,1673 1878,1671 1982,1668 2085,1666 2189,1663 2293,1661 2397,1658 2501,1657 2604,1654 2708,1653 2812,1651 2916,1650 3020,1649"/>
                <TextEquiv>
                    <Unicode>Bilder, fünfzeln abgerissene Bildchen ohne logi Schablone des dämonischen Weibes, als das die Prin¬</Unicode>
                </TextEquiv>
            </TextLine>
            <TextLine id="r1l9" custom="readingOrder {index:8;}">
                <Coords points="870,1750 3057,1707 2900,1649 869,1693"/>
                <Baseline points="887,1737 994,1736 1102,1735 1209,1734 1317,1732 1424,1730 1532,1728 1639,1726 1747,1723 1854,1721 1962,1718 2070,1715 2177,1713 2285,1710 2392,1708 2500,1705 2607,1702 2715,1700 2822,1698 2930,1696 3038,1695"/>
                <TextEquiv>
                    <Unicode>schen Gang und inneren Zusammenhang, hübschelzessin Helene von Valois gedacht ist, lieh Fräulein</Unicode>
                </TextEquiv>
            </TextLine>
            <TextLine id="r1l10" custom="readingOrder {index:9;}">
                <Coords points="146,1741 877,1732 876,1649 718,1681 537,1655 426,1690 346,1658 145,1666"/>
                <Baseline points="165,1728 199,1728 234,1728 269,1729 303,1729 338,1728 373,1728 407,1728 442,1727 477,1727 512,1726 546,1725 581,1724 616,1723 650,1722 685,1721 720,1721 754,1720 789,1719 824,1718 859,1717"/>
                <TextEquiv>
                    <Unicode>ser Prüfung des historischen Requi¬</Unicode>
                </TextEquiv>
            </TextLine>
            <TextLine id="r1l11" custom="readingOrder {index:10;}">
                <Coords points="878,1805 2743,1773 3048,1705 876,1751"/>
                <Baseline points="894,1788 1000,1786 1107,1785 1214,1783 1321,1781 1428,1778 1535,1776 1641,1774 1748,1771 1855,1769 1962,1766 2069,1764 2176,1761 2283,1758 2389,1756 2496,1754 2603,1752 2710,1751 2817,1749 2924,1748 3031,1747"/>
                <TextEquiv>
                    <Unicode>Bildchen, reichlich wechselnde Dekorationen, inter [Wollgemuth den Zauber ihrer schönen Gestalt.</Unicode>
                </TextEquiv>
            </TextLine>
            <TextLine id="r1l12" custom="readingOrder {index:11;}">
                <Coords points="140,1788 191,1805 882,1770 881,1734 831,1724 139,1738"/>
                <Baseline points="159,1781 194,1780 229,1779 264,1779 299,1778 335,1778 370,1777 405,1776 440,1776 475,1775 511,1775 546,1774 581,1774 616,1773 651,1772 687,1771 722,1770 757,1769 792,1768 827,1767 863,1765"/>
                <TextEquiv>
                    <Unicode>fugenehm berühren, daß der Dichter</Unicode>
                </TextEquiv>
            </TextLine>
            <TextLine id="r1l13" custom="readingOrder {index:12;}">
                <Coords points="876,1842 3012,1808 3054,1745 875,1795"/>
                <Baseline points="894,1839 1001,1836 1108,1833 1215,1830 1322,1827 1429,1825 1536,1822 1643,1820 1750,1818 1857,1816 1964,1814 2071,1812 2178,1810 2285,1809 2392,1807 2499,1805 2606,1803 2713,1801 2820,1799 2927,1797 3035,1795"/>
                <TextEquiv>
                    <Unicode>bessante Zivil und Militärkostüme, gut einstudierte Mehrere Herren, wie Tanegger, Paulsen,</Unicode>
                </TextEquiv>
            </TextLine>
            <TextLine id="r1l14" custom="readingOrder {index:13;}">
                <Coords points="141,1849 284,1828 825,1829 875,1817 874,1778 139,1788"/>
                <Baseline points="157,1836 192,1834 227,1833 262,1830 297,1829 332,1828 367,1827 402,1826 437,1826 472,1825 507,1824 542,1824 577,1823 612,1823 647,1822 682,1822 717,1821 752,1820 787,1819 822,1817 857,1816"/>
                <TextEquiv>
                    <Unicode>g des bekannten Naumburger Pre¬</Unicode>
                </TextEquiv>
            </TextLine>
            <TextLine id="r1l15" custom="readingOrder {index:14;}">
                <Coords points="1965,1871 3060,1846 3059,1810 2976,1793 1964,1820"/>
                <Baseline points="1982,1865 2034,1863 2087,1860 2140,1859 2193,1857 2246,1855 2299,1854 2352,1853 2405,1853 2458,1852 2511,1852 2563,1851 2616,1851 2669,1850 2722,1850 2775,1849 2828,1849 2881,1848 2934,1846 2987,1845 3040,1843"/>
                <TextEquiv>
                    <Unicode>Basch und Muratori, mußten in zwei Rollen</Unicode>
                </TextEquiv>
            </TextLine>
            <TextLine id="r1l16" custom="readingOrder {index:15;}">
                <Coords points="138,1893 876,1871 875,1828 760,1819 137,1839"/>
                <Baseline points="157,1879 192,1878 227,1878 262,1878 297,1877 332,1877 367,1876 402,1876 437,1875 472,1875 507,1874 542,1873 577,1872 612,1872 647,1871 682,1870 717,1869 752,1868 787,1867 822,1866 857,1865"/>
                <TextEquiv>
                    <Unicode>fedrich Stapß auf seinen Helden</Unicode>
                </TextEquiv>
            </TextLine>
            <TextLine id="r1l17" custom="readingOrder {index:16;}">
                <Coords points="873,1902 1971,1878 1970,1832 1927,1822 872,1841"/>
                <Baseline points="892,1886 945,1886 998,1885 1051,1885 1104,1884 1157,1883 1210,1882 1263,1881 1316,1880 1369,1878 1422,1876 1475,1875 1528,1874 1581,1872 1634,1871 1687,1870 1740,1869 1793,1868 1846,1868 1899,1867 1952,1868"/>
                <TextEquiv>
                    <Unicode>Massenszenen, sehr gut besetzte Einzelrollen, kurz</Unicode>
                </TextEquiv>
            </TextLine>
            <TextLine id="r1l18" custom="readingOrder {index:17;}">
                <Coords points="876,1949 3044,1894 875,1892"/>
                <Baseline points="894,1937 1000,1935 1107,1933 1213,1930 1320,1928 1427,1926 1533,1923 1640,1920 1746,1918 1853,1916 1960,1913 2066,1911 2173,1909 2279,1906 2386,1905 2493,1903 2599,1901 2706,1899 2812,1898 2919,1897 3026,1896"/>
                <TextEquiv>
                    <Unicode>eine Menge kleiner Dinge statt des einen großen. sanstreten. Es zeigte sich wieder, daß das Burg¬</Unicode>
                </TextEquiv>
            </TextLine>
            <TextLine id="r1l19" custom="readingOrder {index:18;}">
                <Coords points="139,1939 874,1920 873,1873 138,1878"/>
                <Baseline points="157,1928 191,1927 226,1926 261,1926 296,1925 331,1924 366,1924 401,1923 436,1922 471,1922 506,1921 540,1921 575,1920 610,1919 645,1918 680,1917 715,1917 750,1915 785,1914 820,1913 855,1911"/>
                <TextEquiv>
                    <Unicode>um diesen mit Anstand aus der</Unicode>
                </TextEquiv>
            </TextLine>
            <TextLine id="r1l20" custom="readingOrder {index:19;}">
                <Coords points="1960,1968 3015,1954 3062,1950 3061,1878 2986,1908 1959,1925"/>
                <Baseline points="1976,1962 2029,1961 2082,1959 2136,1958 2189,1957 2242,1956 2296,1954 2349,1953 2402,1952 2456,1951 2509,1951 2562,1950 2616,1949 2669,1948 2722,1948 2776,1947 2829,1946 2882,1946 2936,1945 2989,1945 3043,1945"/>
                <TextEquiv>
                    <Unicode>theater eine große Menge guter Episodisten besitzt.</Unicode>
                </TextEquiv>
            </TextLine>
            <TextLine id="r1l21" custom="readingOrder {index:20;}">
                <Coords points="165,1989 882,1979 881,1922 164,1935"/>
                <Baseline points="183,1976 217,1976 251,1976 285,1976 319,1976 353,1976 387,1975 421,1974 455,1974 489,1973 523,1972 557,1971 591,1970 625,1969 659,1968 693,1967 727,1966 761,1965 795,1964 829,1962 863,1961"/>
                <TextEquiv>
                    <Unicode>Jener Stapß, der im Herbst 1809</Unicode>
                </TextEquiv>
            </TextLine>
            <TextLine id="r1l22" custom="readingOrder {index:21;}">
                <Coords points="885,1991 1969,1981 1979,1919 884,1940"/>
                <Baseline points="902,1983 954,1982 1007,1982 1060,1981 1113,1980 1166,1980 1219,1979 1272,1977 1325,1976 1378,1974 1431,1973 1483,1972 1536,1970 1589,1969 1642,1967 1695,1966 1748,1965 1801,1964 1854,1963 1907,1962 1960,1962"/>
                <TextEquiv>
                    <Unicode>über dessen Fehler nichts hinwegtäuschen konnte. Der</Unicode>
                </TextEquiv>
            </TextLine>
            <TextLine id="r1l23" custom="readingOrder {index:22;}">
                <Coords points="1957,2011 3056,2003 3055,1949 1956,1964"/>
                <Baseline points="1975,2007 2028,2007 2081,2007 2134,2006 2187,2006 2241,2005 2294,2005 2347,2004 2400,2003 2453,2002 2507,2001 2560,2000 2613,1999 2666,1998 2719,1997 2773,1996 2826,1994 2879,1994 2932,1993 2985,1992 3039,1991"/>
                <TextEquiv>
                    <Unicode>Wir nennen sie nicht alle, nur noch die Herren</Unicode>
                </TextEquiv>
            </TextLine>
            <TextLine id="r1l24" custom="readingOrder {index:23;}">
                <Coords points="137,2044 882,2014 881,1963 460,1990 212,1985 186,1963 136,1983"/>
                <Baseline points="155,2026 190,2026 226,2026 261,2025 297,2025 332,2024 368,2024 403,2023 439,2022 474,2021 510,2020 545,2020 581,2019 616,2018 652,2017 687,2016 723,2015 758,2014 794,2014 829,2013 865,2013"/>
                <TextEquiv>
                    <Unicode>önbrunn kam, dem Napoleon auf¬</Unicode>
                </TextEquiv>
            </TextLine>
            <TextLine id="r1l25" custom="readingOrder {index:24;}">
                <Coords points="883,2046 1967,2027 1966,1973 881,1992"/>
                <Baseline points="902,2033 954,2032 1006,2031 1058,2030 1111,2029 1163,2028 1215,2027 1267,2027 1320,2026 1372,2025 1424,2024 1476,2023 1529,2022 1581,2020 1633,2019 1685,2018 1738,2016 1790,2015 1842,2013 1894,2012 1947,2010"/>
                <TextEquiv>
                    <Unicode>Text war stellenweise gekürzt und muß für die</Unicode>
                </TextEquiv>
            </TextLine>
            <TextLine id="r1l26" custom="readingOrder {index:25;}">
                <Coords points="1959,2061 3058,2055 3056,1986 1958,2010"/>
                <Baseline points="1977,2059 2030,2058 2083,2057 2136,2056 2189,2054 2242,2053 2295,2052 2348,2051 2401,2050 2454,2049 2508,2048 2561,2047 2614,2046 2667,2045 2720,2044 2773,2044 2826,2043 2879,2042 2932,2041 2985,2040 3039,2039"/>
                <TextEquiv>
                    <Unicode>Moser, Baumgartner, Straßni als alte</Unicode>
                </TextEquiv>
            </TextLine>
            <TextLine id="r1l27" custom="readingOrder {index:26;}">
                <Coords points="151,2087 241,2096 349,2062 374,2087 457,2068 486,2089 543,2062 861,2075 882,2071 881,2013 150,2033"/>
                <Baseline points="170,2076 204,2074 239,2073 274,2072 309,2071 343,2071 378,2070 413,2070 448,2070 482,2069 517,2069 552,2069 587,2069 621,2068 656,2068 691,2067 726,2066 760,2065 795,2063 830,2061 865,2059"/>
                <TextEquiv>
                    <Unicode>ffangener vor den Kaiser geführt</Unicode>
                </TextEquiv>
            </TextLine>
            <TextLine id="r1l28" custom="readingOrder {index:27;}">
                <Coords points="876,2093 1967,2071 1966,2016 875,2043"/>
                <Baseline points="895,2082 947,2081 1000,2080 1053,2079 1106,2078 1158,2077 1211,2077 1264,2075 1317,2074 1369,2073 1422,2072 1475,2071 1528,2070 1580,2069 1633,2068 1686,2066 1739,2065 1791,2064 1844,2062 1897,2061 1950,2060"/>
                <TextEquiv>
                    <Unicode>weiteren Aufführungen noch mehr gekürzt werden.</Unicode>
                </TextEquiv>
            </TextLine>
            <TextLine id="r1l29" custom="readingOrder {index:28;}">
                <Coords points="1969,2117 2476,2088 2888,2112 3067,2075 3066,2039 1968,2066"/>
                <Baseline points="1987,2108 2040,2107 2093,2106 2146,2105 2199,2104 2252,2103 2305,2102 2359,2101 2412,2100 2465,2099 2518,2098 2571,2097 2624,2095 2677,2094 2731,2093 2784,2092 2837,2090 2890,2089 2943,2088 2996,2087 3050,2086"/>
                <TextEquiv>
                    <Unicode>Wiener. Die Herren Devrient und Zeska</Unicode>
                </TextEquiv>
            </TextLine>
            <TextLine id="r1l30" custom="readingOrder {index:29;}">
                <Coords points="157,2133 881,2125 880,2075 848,2065 156,2076"/>
                <Baseline points="175,2120 209,2120 243,2121 278,2121 312,2121 347,2121 381,2120 415,2120 450,2120 484,2119 519,2118 553,2117 587,2116 622,2116 656,2114 691,2113 725,2112 759,2110 794,2109 828,2108 863,2106"/>
                <TextEquiv>
                    <Unicode>die Erklärung, auf seinem Vorsatz</Unicode>
                </TextEquiv>
            </TextLine>
            <TextLine id="r1l31" custom="readingOrder {index:30;}">
                <Coords points="872,2137 1678,2113 1939,2139 1966,2066 871,2090"/>
                <Baseline points="891,2133 943,2132 996,2131 1049,2130 1102,2129 1155,2128 1208,2127 1261,2125 1314,2124 1367,2123 1420,2122 1472,2120 1525,2119 1578,2118 1631,2116 1684,2114 1737,2113 1790,2111 1843,2110 1896,2108 1949,2107"/>
                <TextEquiv>
                    <Unicode>gleichviel wo. Die Szene am Grabe Eschenbachers</Unicode>
                </TextEquiv>
            </TextLine>
            <TextLine id="r1l32" custom="readingOrder {index:31;}">
                <Coords points="1965,2164 3053,2124 3052,2081 1964,2114"/>
                <Baseline points="1983,2160 2035,2158 2088,2157 2140,2155 2193,2153 2246,2151 2298,2150 2351,2149 2404,2147 2456,2146 2509,2145 2562,2144 2614,2143 2667,2142 2720,2141 2772,2141 2825,2140 2878,2139 2930,2139 2983,2139 3036,2138"/>
                <TextEquiv>
                    <Unicode>hatten undankbare Emigranteurollen; die dank¬</Unicode>
                </TextEquiv>
            </TextLine>
            <TextLine id="r1l33" custom="readingOrder {index:32;}">
                <Coords points="156,2188 887,2158 886,2126 828,2116 155,2130"/>
                <Baseline points="173,2170 207,2170 242,2170 277,2170 312,2170 347,2169 381,2168 416,2167 451,2166 486,2165 521,2164 555,2163 590,2162 625,2161 660,2160 695,2160 729,2159 764,2159 799,2159 834,2160 869,2161"/>
                <TextEquiv>
                    <Unicode>selbst zum Tode verurteilte (mög¬</Unicode>
                </TextEquiv>
            </TextLine>
            <TextLine id="r1l34" custom="readingOrder {index:33;}">
                <Coords points="868,2187 959,2207 1034,2170 1096,2198 1744,2169 1743,2137 1685,2120 867,2133"/>
                <Baseline points="887,2178 928,2177 970,2175 1012,2174 1054,2173 1096,2172 1138,2172 1180,2171 1222,2170 1264,2170 1306,2169 1347,2169 1389,2168 1431,2168 1473,2167 1515,2167 1557,2166 1599,2165 1641,2164 1683,2163 1725,2161"/>
                <TextEquiv>
                    <Unicode>entfiel schon bei der ersten Vorstellung.</Unicode>
                </TextEquiv>
            </TextLine>
            <TextLine id="r1l35" custom="readingOrder {index:34;}">
                <Coords points="1969,2213 3053,2193 3051,2124 1968,2166"/>
                <Baseline points="1987,2205 2039,2204 2091,2204 2144,2203 2196,2202 2249,2201 2301,2200 2353,2200 2406,2199 2458,2198 2511,2197 2563,2196 2615,2195 2668,2193 2720,2192 2773,2191 2825,2189 2877,2187 2930,2185 2982,2183 3035,2181"/>
                <TextEquiv>
                    <Unicode>barere des Generals Rapp war bei Herrn Reimers</Unicode>
                </TextEquiv>
            </TextLine>
            <TextLine id="r1l36" custom="readingOrder {index:35;}">
                <Coords points="148,2230 904,2218 903,2175 863,2162 147,2187"/>
                <Baseline points="167,2219 203,2219 239,2219 275,2219 311,2219 347,2218 383,2218 419,2217 455,2216 491,2214 527,2213 563,2212 599,2211 635,2210 671,2209 707,2208 743,2206 779,2205 815,2205 851,2204 887,2203"/>
                <TextEquiv>
                    <Unicode>er auch sonst erschossen worden, da</Unicode>
                </TextEquiv>
            </TextLine>
            <TextLine id="r1l37" custom="readingOrder {index:36;}">
                <Coords points="981,2233 1975,2222 1973,2142 1894,2173 1764,2136 1689,2181 979,2187"/>
                <Baseline points="998,2228 1045,2227 1093,2227 1141,2225 1189,2224 1237,2223 1285,2222 1332,2221 1380,2220 1428,2218 1476,2217 1524,2215 1572,2214 1620,2213 1667,2212 1715,2211 1763,2210 1811,2210 1859,2209 1907,2209 1955,2209"/>
                <TextEquiv>
                    <Unicode>Von den Darstellern der Einzelrollen, deren</Unicode>
                </TextEquiv>
            </TextLine>
            <TextLine id="r1l38" custom="readingOrder {index:37;}">
                <Coords points="1975,2260 2757,2272 3066,2248 3065,2198 1974,2214"/>
                <Baseline points="1993,2253 2045,2252 2098,2251 2151,2251 2203,2250 2256,2248 2309,2247 2361,2246 2414,2245 2467,2244 2520,2243 2572,2242 2625,2241 2678,2240 2730,2239 2783,2238 2836,2238 2888,2237 2941,2237 2994,2236 3047,2236"/>
                <TextEquiv>
                    <Unicode>in den rechten Händen, ebenso die des Kerkermeisters</Unicode>
                </TextEquiv>
            </TextLine>
            <TextLine id="r1l39" custom="readingOrder {index:38;}">
                <Coords points="142,2285 895,2257 893,2207 141,2224"/>
                <Baseline points="159,2269 194,2269 230,2269 266,2269 302,2268 338,2268 373,2268 409,2267 445,2266 481,2266 517,2265 552,2264 588,2264 624,2262 660,2261 696,2260 731,2259 767,2257 803,2256 839,2254 875,2253"/>
                <TextEquiv>
                    <Unicode>die Freilassung nicht bestimmt in</Unicode>
                </TextEquiv>
            </TextLine>
            <TextLine id="r1l40" custom="readingOrder {index:39;}">
                <Coords points="883,2281 1968,2284 1941,2216 882,2227"/>
                <Baseline points="901,2277 953,2277 1005,2277 1058,2276 1110,2275 1162,2275 1215,2273 1267,2272 1319,2271 1372,2270 1424,2269 1476,2267 1529,2266 1581,2265 1633,2263 1686,2262 1738,2261 1790,2260 1843,2260 1895,2259 1948,2259"/>
                <TextEquiv>
                    <Unicode>enorme Zahl einen statistischen Rekord bildet, war</Unicode>
                </TextEquiv>
            </TextLine>
            <TextLine id="r1l41" custom="readingOrder {index:40;}">
                <Coords points="1953,2330 1989,2337 2035,2311 2061,2325 2089,2311 2162,2321 2201,2303 2331,2320 2352,2302 2410,2323 2446,2312 2446,2269 2186,2245 2096,2271 2078,2257 1952,2261"/>
                <Baseline points="1971,2305 1996,2303 2021,2302 2047,2300 2072,2299 2097,2298 2123,2297 2148,2296 2173,2296 2199,2296 2224,2296 2249,2296 2275,2297 2300,2297 2325,2298 2351,2299 2376,2299 2401,2300 2427,2301"/>
                <TextEquiv>
                    <Unicode>bei Herrn Thimig.</Unicode>
                </TextEquiv>
            </TextLine>
            <TextLine id="r1l42" custom="readingOrder {index:41;}">
                <Coords points="168,2324 233,2340 589,2308 892,2315 890,2261 167,2277"/>
                <Baseline points="185,2318 219,2318 254,2318 288,2318 323,2318 357,2318 392,2317 426,2316 461,2316 495,2315 530,2313 564,2313 599,2311 633,2310 668,2309 702,2307 737,2306 771,2305 806,2303 840,2302 875,2301"/>
                <TextEquiv>
                    <Unicode>war ein einfacher und ehrlicher</Unicode>
                </TextEquiv>
            </TextLine>
            <TextLine id="r1l43" custom="readingOrder {index:42;}">
                <Coords points="881,2330 1977,2323 1975,2265 1871,2260 880,2283"/>
                <Baseline points="901,2328 953,2327 1006,2326 1059,2325 1112,2324 1165,2323 1217,2322 1270,2321 1323,2320 1376,2319 1429,2318 1481,2316 1534,2315 1587,2314 1640,2313 1693,2312 1745,2310 1798,2309 1851,2307 1904,2305 1957,2303"/>
                <TextEquiv>
                    <Unicode>Herr Gerasch als Medardus oft ganz unverständ</Unicode>
                </TextEquiv>
            </TextLine>
            <TextLine id="r1l44" custom="readingOrder {index:43;}">
                <Coords points="2053,2378 3018,2360 3057,2338 3056,2270 2052,2316"/>
                <Baseline points="2069,2354 2117,2356 2166,2357 2214,2357 2263,2357 2311,2357 2360,2357 2408,2356 2457,2355 2505,2354 2554,2353 2603,2351 2651,2350 2700,2349 2748,2348 2797,2346 2845,2345 2894,2344 2942,2343 2991,2343 3040,2342"/>
                <TextEquiv>
                    <Unicode>Der Beifall, den das Stück bei der ersten Auf¬</Unicode>
                </TextEquiv>
            </TextLine>
            <TextLine id="r1l45" custom="readingOrder {index:44;}">
                <Coords points="149,2386 880,2360 879,2321 846,2311 148,2328"/>
                <Baseline points="166,2366 200,2367 235,2367 270,2368 305,2367 339,2367 374,2366 409,2365 444,2364 478,2363 513,2362 548,2361 583,2359 617,2358 652,2357 687,2356 722,2355 756,2354 791,2354 826,2354 861,2354"/>
                <TextEquiv>
                    <Unicode>ifes gegen den Unterdrücker Deutsch¬</Unicode>
                </TextEquiv>
            </TextLine>
            <TextLine id="r1l46" custom="readingOrder {index:45;}">
                <Coords points="880,2384 1827,2353 1983,2379 1985,2292 1744,2330 879,2327"/>
                <Baseline points="897,2376 950,2375 1004,2373 1057,2373 1111,2371 1164,2371 1218,2369 1271,2369 1325,2368 1378,2367 1432,2366 1485,2365 1539,2364 1592,2362 1646,2361 1699,2360 1753,2358 1806,2357 1860,2355 1913,2353 1967,2351"/>
                <TextEquiv>
                    <Unicode>lich: so sehr harmoniert dieser Part mit seiner</Unicode>
                </TextEquiv>
            </TextLine>
            <TextLine id="r1l47" custom="readingOrder {index:46;}">
                <Coords points="1973,2422 3057,2391 3056,2337 2278,2376 1972,2350"/>
                <Baseline points="1992,2412 2044,2411 2096,2411 2149,2410 2201,2409 2254,2409 2306,2408 2358,2407 2411,2405 2463,2405 2516,2403 2568,2402 2620,2401 2673,2400 2725,2398 2778,2397 2830,2395 2882,2394 2935,2393 2987,2391 3040,2390"/>
                <TextEquiv>
                    <Unicode>führung fand, war, wie schon bemerkt, ein leb¬</Unicode>
                </TextEquiv>
            </TextLine>
            <TextLine id="r1l48" custom="readingOrder {index:47;}">
                <Coords points="151,2432 893,2409 891,2351 625,2380 448,2363 150,2382"/>
                <Baseline points="170,2419 205,2419 240,2419 275,2419 311,2418 346,2418 381,2417 416,2416 452,2415 487,2414 522,2413 557,2411 593,2410 628,2409 663,2408 698,2407 734,2406 769,2405 804,2404 839,2404 875,2404"/>
                <TextEquiv>
                    <Unicode>hu will, ein Antipode zu der von</Unicode>
                </TextEquiv>
            </TextLine>
            <TextLine id="r1l49" custom="readingOrder {index:48;}">
                <Coords points="885,2425 1973,2414 1972,2371 1874,2358 884,2386"/>
                <Baseline points="902,2424 954,2424 1007,2423 1059,2422 1112,2421 1165,2420 1217,2419 1270,2418 1322,2417 1375,2416 1428,2415 1480,2413 1533,2412 1585,2411 1638,2410 1691,2409 1743,2408 1796,2407 1848,2406 1901,2405 1954,2405"/>
                <TextEquiv>
                    <Unicode>Manier künstlich entflammter Leidenschaftlichkeit.</Unicode>
                </TextEquiv>
            </TextLine>
            <TextLine id="r1l50" custom="readingOrder {index:49;}">
                <Coords points="1972,2469 2851,2459 3009,2448 3066,2429 3065,2393 1970,2422"/>
                <Baseline points="1988,2465 2041,2463 2094,2461 2147,2460 2200,2459 2253,2457 2306,2456 2359,2455 2412,2455 2465,2454 2518,2453 2571,2452 2624,2451 2677,2450 2730,2449 2783,2447 2836,2445 2889,2443 2942,2441 2995,2438 3048,2436"/>
                <TextEquiv>
                    <Unicode>hafter, stellenweise heftiger und nach meinem Ge¬</Unicode>
                </TextEquiv>
            </TextLine>
            <TextLine id="r1l51" custom="readingOrder {index:50;}">
                <Coords points="141,2473 552,2478 754,2467 782,2445 887,2461 886,2410 854,2407 141,2426"/>
                <Baseline points="159,2468 194,2468 230,2467 265,2467 301,2466 336,2465 372,2465 407,2464 443,2463 478,2463 514,2462 549,2461 585,2461 620,2460 656,2459 691,2459 727,2458 762,2456 798,2455 833,2454 869,2453"/>
                <TextEquiv>
                    <Unicode>mmenen Stellung, vielleicht mit</Unicode>
                </TextEquiv>
            </TextLine>
            <TextLine id="r1l52" custom="readingOrder {index:51;}">
                <Coords points="881,2491 1972,2466 1935,2409 880,2440"/>
                <Baseline points="899,2470 951,2470 1004,2471 1057,2470 1110,2470 1163,2470 1215,2469 1268,2468 1321,2467 1374,2466 1427,2465 1479,2464 1532,2462 1585,2461 1638,2460 1691,2458 1743,2457 1796,2456 1849,2454 1902,2453 1955,2451"/>
                <TextEquiv>
                    <Unicode>Wohltuend natürlich spielten dagegen Herr Treß</Unicode>
                </TextEquiv>
            </TextLine>
            <TextLine id="r1l53" custom="readingOrder {index:52;}">
                <Coords points="1964,2516 3002,2504 3066,2492 3065,2427 1963,2462"/>
                <Baseline points="1983,2513 2036,2511 2089,2509 2142,2508 2196,2506 2249,2505 2302,2504 2355,2503 2409,2503 2462,2502 2515,2501 2568,2500 2622,2499 2675,2498 2728,2497 2781,2495 2835,2494 2888,2492 2941,2490 2994,2489 3048,2486"/>
                <TextEquiv>
                    <Unicode>schmack übertriebener. Wenn es nach dem Wunsche</Unicode>
                </TextEquiv>
            </TextLine>
            <TextLine id="r1l54" custom="readingOrder {index:53;}">
                <Coords points="142,2548 243,2521 898,2499 897,2449 141,2473"/>
                <Baseline points="161,2516 196,2516 232,2515 268,2514 304,2513 340,2512 376,2512 412,2511 448,2510 484,2510 520,2509 555,2509 591,2508 627,2508 663,2507 699,2507 735,2506 771,2505 807,2504 843,2504 879,2503"/>
                <TextEquiv>
                    <Unicode>ostratischer Triebe. Jedenfalls war</Unicode>
                </TextEquiv>
            </TextLine>
            <TextLine id="r1l55" custom="readingOrder {index:54;}">
                <Coords points="897,2530 1917,2516 1974,2507 1973,2450 896,2483"/>
                <Baseline points="914,2525 966,2523 1018,2522 1070,2520 1122,2519 1174,2517 1226,2516 1279,2515 1331,2514 1383,2513 1435,2512 1487,2511 1539,2510 1591,2508 1644,2508 1696,2506 1748,2505 1800,2503 1852,2501 1904,2499 1957,2497"/>
                <TextEquiv>
                    <Unicode>ler seinen Freund Etzelt, Frau Römpler¬</Unicode>
                </TextEquiv>
            </TextLine>
            <TextLine id="r1l56" custom="readingOrder {index:55;}">
                <Coords points="1966,2560 2867,2561 3072,2524 3039,2489 1965,2517"/>
                <Baseline points="1986,2560 2039,2559 2092,2557 2146,2556 2199,2555 2253,2553 2306,2552 2360,2551 2413,2550 2467,2549 2520,2548 2573,2547 2627,2546 2680,2545 2734,2544 2787,2543 2841,2542 2894,2542 2948,2541 3001,2540 3055,2539"/>
                <TextEquiv>
                    <Unicode>einzelner kleiner Gruppen des Publikums gegangen</Unicode>
                </TextEquiv>
            </TextLine>
            <TextLine id="r1l57" custom="readingOrder {index:56;}">
                <Coords points="154,2577 337,2577 377,2554 431,2578 896,2569 895,2515 152,2523"/>
                <Baseline points="171,2563 206,2562 241,2562 276,2561 312,2561 347,2560 382,2559 418,2558 453,2557 488,2557 524,2556 559,2555 594,2554 629,2554 665,2553 700,2552 735,2551 771,2551 806,2550 841,2550 877,2550"/>
                <TextEquiv>
                    <Unicode>noch eine von ihren Rachegelüsten</Unicode>
                </TextEquiv>
            </TextLine>
            <TextLine id="r1l58" custom="readingOrder {index:57;}">
                <Coords points="897,2579 1941,2566 1977,2561 1976,2504 896,2532"/>
                <Baseline points="913,2569 965,2569 1017,2568 1069,2567 1122,2566 1174,2566 1226,2565 1279,2564 1331,2563 1383,2562 1436,2561 1488,2561 1540,2560 1592,2559 1645,2558 1697,2557 1749,2556 1802,2555 1854,2554 1906,2553 1959,2552"/>
                <TextEquiv>
                    <Unicode>Bleibtren seine Mutter, Hexr Heine den Arzt</Unicode>
                </TextEquiv>
            </TextLine>
            <TextLine id="r1l59" custom="readingOrder {index:58;}">
                <Coords points="1967,2619 3076,2582 3075,2531 1966,2561"/>
                <Baseline points="1984,2610 2037,2609 2091,2607 2145,2606 2198,2605 2252,2604 2306,2603 2359,2602 2413,2600 2467,2599 2521,2598 2574,2597 2628,2596 2682,2595 2735,2593 2789,2593 2843,2592 2896,2591 2950,2590 3004,2589 3058,2588"/>
                <TextEquiv>
                    <Unicode>wäre, hätte der Dichter noch ein bis zwei Dutzend</Unicode>
                </TextEquiv>
            </TextLine>
            <TextLine id="r1l60" custom="readingOrder {index:59;}">
                <Coords points="159,2627 890,2604 889,2553 158,2566"/>
                <Baseline points="177,2612 211,2612 246,2611 281,2611 315,2611 350,2610 385,2610 419,2609 454,2608 489,2608 524,2607 558,2606 593,2605 628,2605 662,2604 697,2603 732,2603 766,2602 801,2602 836,2601 871,2601"/>
                <TextEquiv>
                    <Unicode>ni so wild hin= und hergerissene Na¬</Unicode>
                </TextEquiv>
            </TextLine>
            <TextLine id="r1l61" custom="readingOrder {index:60;}">
                <Coords points="898,2625 1784,2627 1982,2598 1981,2551 897,2578"/>
                <Baseline points="914,2620 966,2619 1018,2618 1071,2617 1123,2616 1176,2615 1228,2614 1281,2613 1333,2612 1386,2612 1438,2611 1490,2610 1543,2609 1595,2608 1648,2607 1700,2606 1753,2605 1805,2604 1858,2603 1910,2601 1963,2600"/>
                <TextEquiv>
                    <Unicode>des Herzogs von Valois und Herr Gimnig einen</Unicode>
                </TextEquiv>
            </TextLine>
            <TextLine id="r1l62" custom="readingOrder {index:61;}">
                <Coords points="892,2686 3068,2655 3066,2572 891,2625"/>
                <Baseline points="909,2672 1016,2669 1123,2666 1230,2663 1337,2661 1444,2659 1551,2658 1658,2656 1765,2655 1872,2654 1980,2653 2087,2652 2194,2651 2301,2650 2408,2648 2515,2647 2622,2645 2729,2643 2836,2641 2943,2639 3051,2636"/>
                <TextEquiv>
                    <Unicode>französischen Husarenmajor, sowie Herr Arndt Mal öfter erscheinen können als er es wirklich tat.</Unicode>
                </TextEquiv>
            </TextLine>
            <TextLine id="r1l63" custom="readingOrder {index:62;}">
                <Coords points="148,2670 843,2663 890,2655 889,2604 146,2616"/>
                <Baseline points="165,2660 200,2661 235,2662 271,2662 306,2662 341,2661 377,2661 412,2660 447,2659 483,2658 518,2656 553,2655 589,2654 624,2653 659,2652 695,2651 730,2651 765,2650 801,2650 836,2650 872,2651"/>
                <TextEquiv>
                    <Unicode>ers Medardus. Zum Helden eines</Unicode>
                </TextEquiv>
            </TextLine>
            <TextLine id="r1l64" custom="readingOrder {index:63;}">
                <Coords points="892,2719 3068,2677 892,2680"/>
                <Baseline points="910,2721 1022,2716 1135,2712 1247,2709 1360,2707 1472,2705 1585,2703 1698,2702 1810,2702 1923,2701 2035,2700 2148,2700 2260,2699 2373,2698 2486,2697 2598,2695 2711,2693 2823,2690 2936,2687 3049,2682"/>
                <TextEquiv>
                    <Unicode>einen Wiener Arzt. Von Balajthy als Eschen Man darf aber nicht vergessen, daß er mit diesem</Unicode>
                </TextEquiv>
            </TextLine>
            <TextLine id="r1l65" custom="readingOrder {index:64;}">
                <Coords points="146,2721 892,2708 890,2654 145,2671"/>
                <Baseline points="165,2710 200,2710 236,2709 271,2708 307,2708 342,2707 378,2707 413,2706 449,2705 484,2705 520,2704 555,2703 591,2703 626,2702 662,2701 697,2700 733,2699 768,2698 804,2696 839,2695 875,2694"/>
                <TextEquiv>
                    <Unicode>sichen Dramas hätte er sich übrigens</Unicode>
                </TextEquiv>
            </TextLine>
            <TextLine id="r1l66" custom="readingOrder {index:65;}">
                <Coords points="888,2779 2991,2748 3066,2675 887,2732"/>
                <Baseline points="904,2770 1011,2767 1118,2763 1225,2760 1332,2758 1440,2756 1547,2755 1654,2754 1761,2752 1868,2751 1976,2750 2083,2750 2190,2749 2297,2748 2404,2746 2512,2745 2619,2742 2726,2740 2833,2737 2940,2734 3048,2730"/>
                <TextEquiv>
                    <Unicode>bacher hätten wir noch Besseres erwartet, als er Stücke doch allen Wienern eine willkommene Gabe</Unicode>
                </TextEquiv>
            </TextLine>
            <TextLine id="r1l67" custom="readingOrder {index:66;}">
                <Coords points="150,2788 190,2798 247,2771 276,2791 383,2759 499,2780 578,2766 629,2783 661,2767 659,2710 148,2720"/>
                <Baseline points="169,2765 195,2764 221,2763 247,2762 273,2761 300,2760 326,2758 352,2757 378,2756 405,2755 431,2754 457,2754 483,2753 509,2752 536,2752 562,2751 588,2750 614,2750 641,2749"/>
                <TextEquiv>
                    <Unicode>lignet, wie der letztere.</Unicode>
                </TextEquiv>
            </TextLine>
            <TextLine id="r1l68" custom="readingOrder {index:67;}">
                <Coords points="902,2832 2919,2804 3073,2784 3072,2719 901,2778"/>
                <Baseline points="918,2818 1024,2815 1131,2812 1238,2810 1345,2808 1452,2807 1559,2805 1666,2804 1773,2802 1880,2801 1987,2800 2093,2799 2200,2798 2307,2796 2414,2794 2521,2793 2628,2791 2735,2788 2842,2785 2949,2782 3056,2778"/>
                <TextEquiv>
                    <Unicode>tatsächlich bot. Herr Korff markierte den Intribot, die man, trotz ihres beschwerlichen Umfanges</Unicode>
                </TextEquiv>
            </TextLine>
            <TextLine id="r1l69" custom="readingOrder {index:68;}">
                <Coords points="148,2843 893,2834 895,2747 719,2787 578,2765 471,2786 384,2759 147,2793"/>
                <Baseline points="165,2834 200,2833 236,2833 271,2833 307,2832 343,2832 378,2832 414,2831 449,2831 485,2830 521,2830 556,2829 592,2828 627,2827 663,2826 699,2825 734,2823 770,2822 805,2820 841,2818 877,2815"/>
                <TextEquiv>
                    <Unicode>sne Eschenbacher nur ein paar Atlasse</Unicode>
                </TextEquiv>
            </TextLine>
            <TextLine id="r1l70" custom="readingOrder {index:69;}">
                <Coords points="904,2876 2943,2849 3068,2775 903,2826"/>
                <Baseline points="921,2868 1027,2864 1133,2861 1240,2858 1346,2856 1453,2854 1559,2853 1665,2851 1772,2850 1878,2850 1985,2849 2091,2848 2197,2847 2304,2846 2410,2845 2517,2843 2623,2841 2729,2838 2836,2835 2942,2830 3049,2826"/>
                <TextEquiv>
                    <Unicode>ganten Wachshuber vielleicht etwas zu auffallend und trotz der oben gerügten Mängel, wird sehen</Unicode>
                </TextEquiv>
            </TextLine>
            <TextLine id="r1l71" custom="readingOrder {index:70;}">
                <Coords points="147,2901 284,2905 341,2874 511,2899 561,2869 612,2889 907,2871 906,2825 884,2821 146,2843"/>
                <Baseline points="165,2886 201,2886 237,2885 273,2884 309,2884 345,2883 381,2882 417,2880 453,2879 489,2878 526,2877 562,2876 598,2875 634,2874 670,2874 706,2873 742,2872 778,2871 814,2871 850,2871 887,2871"/>
                <TextEquiv>
                    <Unicode>kanonen, und dafür erschossen wird,</Unicode>
                </TextEquiv>
            </TextLine>
            <TextLine id="r1l72" custom="readingOrder {index:71;}">
                <Coords points="1981,2911 3073,2898 3043,2823 1981,2867"/>
                <Baseline points="2001,2899 2053,2899 2106,2898 2159,2898 2211,2897 2264,2896 2317,2896 2369,2895 2422,2894 2475,2893 2528,2892 2580,2891 2633,2890 2686,2889 2738,2888 2791,2887 2844,2885 2896,2884 2949,2883 3002,2881 3055,2880"/>
                <TextEquiv>
                    <Unicode>wollen, bis sich die Schaulust daran gesättigt hat.</Unicode>
                </TextEquiv>
            </TextLine>
            <TextLine id="r1l73" custom="readingOrder {index:72;}">
                <Coords points="901,2921 1986,2906 1984,2852 1920,2849 900,2878"/>
                <Baseline points="919,2913 971,2913 1023,2912 1076,2912 1128,2911 1181,2910 1233,2909 1285,2908 1338,2907 1390,2905 1443,2904 1495,2903 1547,2901 1600,2900 1652,2899 1705,2897 1757,2897 1809,2896 1862,2895 1914,2894 1967,2894"/>
                <TextEquiv>
                    <Unicode>Die meisten Herren und Damen, welche dieses Stück</Unicode>
                </TextEquiv>
            </TextLine>
            <TextLine id="r1l74" custom="readingOrder {index:73;}">
                <Coords points="155,2952 284,2928 475,2951 514,2921 626,2916 875,2930 907,2919 906,2857 154,2898"/>
                <Baseline points="174,2932 209,2931 245,2930 281,2929 317,2928 352,2927 388,2927 424,2926 460,2926 495,2925 531,2925 567,2925 603,2924 638,2924 674,2924 710,2923 746,2922 781,2922 817,2921 853,2919 889,2918"/>
                <TextEquiv>
                    <Unicode>zosen schlimmer und die Wiener</Unicode>
                </TextEquiv>
            </TextLine>
            <TextLine id="r1l75" custom="readingOrder {index:74;}">
                <Coords points="907,2971 3080,2964 3079,2885 907,2921"/>
                <Baseline points="924,2965 1036,2961 1149,2958 1261,2956 1374,2954 1486,2952 1599,2950 1712,2949 1824,2948 1937,2947 2049,2946 2162,2946 2274,2945 2387,2943 2500,2942 2612,2940 2725,2938 2837,2936 2950,2933 3063,2929"/>
                <TextEquiv>
                    <Unicode>in Altwiener Trachten und malerische Uniformen Was sie dann und darüber hinaus bedeuten mag,</Unicode>
                </TextEquiv>
            </TextLine>
            <TextLine id="r1l76" custom="readingOrder {index:75;}">
                <Coords points="160,2994 779,2966 851,2983 901,2971 900,2924 158,2937"/>
                <Baseline points="179,2977 214,2978 249,2979 284,2979 320,2979 355,2978 390,2978 425,2977 461,2976 496,2975 531,2973 566,2973 602,2971 637,2970 672,2969 707,2968 743,2967 778,2967 813,2967 848,2967 884,2967"/>
                <TextEquiv>
                    <Unicode>wirklich waren. Was hätte er denn</Unicode>
                </TextEquiv>
            </TextLine>
            <TextLine id="r1l77" custom="readingOrder {index:76;}">
                <Coords points="2631,3018 2678,3004 2692,3018 2710,3004 2793,3004 2822,3018 2836,3007 2883,3018 2912,3000 2933,3018 3049,3004 3049,2946 2948,2942 2926,2924 2905,2942 2631,2939"/>
                <Baseline points="2647,2983 2672,2985 2697,2985 2723,2986 2748,2987 2774,2986 2799,2986 2825,2985 2850,2985 2876,2984 2901,2984 2927,2984 2952,2984 2978,2985 3003,2986 3029,2988"/>
                <TextEquiv>
                    <Unicode>M. Hvernes.</Unicode>
                </TextEquiv>
            </TextLine>
            <TextLine id="r1l78" custom="readingOrder {index:77;}">
                <Coords points="902,3031 1839,2991 2419,3031 2418,2945 902,2969"/>
                <Baseline points="920,3014 994,3010 1068,3008 1142,3005 1216,3003 1290,3001 1364,2999 1438,2998 1512,2997 1586,2996 1660,2995 1734,2995 1808,2995 1882,2994 1956,2994 2030,2994 2104,2994 2178,2994 2252,2994 2326,2994 2400,2994"/>
                <TextEquiv>
                    <Unicode>bemühte, waren auch nur „Bilder“ fast ohne Worte bleibe dahingestellt.</Unicode>
                </TextEquiv>
            </TextLine>
            <TextLine id="r1l79" custom="readingOrder {index:78;}">
                <Coords points="148,3045 440,3029 469,3050 703,3034 724,3012 872,3031 908,3023 907,2965 147,2991"/>
                <Baseline points="167,3029 203,3029 239,3028 275,3027 311,3026 348,3025 384,3024 420,3023 456,3023 492,3022 529,3021 565,3021 601,3020 637,3019 673,3019 710,3018 746,3017 782,3017 818,3016 854,3015 891,3015"/>
                <TextEquiv>
                    <Unicode>en Landkarten angefangen? Lag es</Unicode>
                </TextEquiv>
            </TextLine>
            <TextLine id="r1l80" custom="readingOrder {index:79;}">
                <Coords points="180,3084 2003,3069 2001,2979 179,3034"/>
                <Baseline points="198,3077 287,3076 376,3075 466,3074 555,3072 644,3070 734,3069 823,3066 912,3064 1002,3062 1091,3060 1180,3058 1270,3055 1359,3053 1448,3051 1538,3049 1627,3047 1716,3045 1806,3044 1895,3042 1985,3041"/>
                <TextEquiv>
                    <Unicode>näher, diese zu verbrennen oder oder mit wenig Worten. So vor allem der Herzog</Unicode>
                </TextEquiv>
            </TextLine>
            <TextLine id="r1l81" custom="readingOrder {index:80;}">
                <Coords points="161,3149 2013,3114 1989,3035 160,3084"/>
                <Baseline points="178,3134 268,3133 359,3132 450,3130 541,3128 632,3126 723,3123 813,3120 904,3118 995,3115 1086,3112 1177,3109 1268,3107 1359,3104 1449,3102 1540,3100 1631,3098 1722,3097 1813,3096 1904,3096 1995,3096"/>
                <TextEquiv>
                    <Unicode>ffern, als sie zu verstecken? Auch von Valois, von Herrn Hartmann großartig nach¬</Unicode>
                </TextEquiv>
            </TextLine>
            <TextEquiv>
                <Unicode>box 26/5
22. Derjunge Medandus
feskbuher torrben son.
welche Schrecken auf Hamlet ein= hier bleibt die Erfindung des Dichters hinter der gemalt. Viele andere hatten so wenig zu sagen und
zu tnn, daß man gar nicht dazu kam, die auf dem
sum seinen jungen Geist ins Wanken überlieferten Wirklichkeit zurück.
Die Darstellung am k. k. Hofburgtheater bot Theaterzettel angemertte Ideutität festzustellen. Der
Bilder, fünfzeln abgerissene Bildchen ohne logi Schablone des dämonischen Weibes, als das die Prin¬
schen Gang und inneren Zusammenhang, hübschelzessin Helene von Valois gedacht ist, lieh Fräulein
ser Prüfung des historischen Requi¬
Bildchen, reichlich wechselnde Dekorationen, inter [Wollgemuth den Zauber ihrer schönen Gestalt.
fugenehm berühren, daß der Dichter
bessante Zivil und Militärkostüme, gut einstudierte Mehrere Herren, wie Tanegger, Paulsen,
g des bekannten Naumburger Pre¬
Basch und Muratori, mußten in zwei Rollen
fedrich Stapß auf seinen Helden
Massenszenen, sehr gut besetzte Einzelrollen, kurz
eine Menge kleiner Dinge statt des einen großen. sanstreten. Es zeigte sich wieder, daß das Burg¬
um diesen mit Anstand aus der
theater eine große Menge guter Episodisten besitzt.
Jener Stapß, der im Herbst 1809
über dessen Fehler nichts hinwegtäuschen konnte. Der
Wir nennen sie nicht alle, nur noch die Herren
önbrunn kam, dem Napoleon auf¬
Text war stellenweise gekürzt und muß für die
Moser, Baumgartner, Straßni als alte
ffangener vor den Kaiser geführt
weiteren Aufführungen noch mehr gekürzt werden.
Wiener. Die Herren Devrient und Zeska
die Erklärung, auf seinem Vorsatz
gleichviel wo. Die Szene am Grabe Eschenbachers
hatten undankbare Emigranteurollen; die dank¬
selbst zum Tode verurteilte (mög¬
entfiel schon bei der ersten Vorstellung.
barere des Generals Rapp war bei Herrn Reimers
er auch sonst erschossen worden, da
Von den Darstellern der Einzelrollen, deren
in den rechten Händen, ebenso die des Kerkermeisters
die Freilassung nicht bestimmt in
enorme Zahl einen statistischen Rekord bildet, war
bei Herrn Thimig.
war ein einfacher und ehrlicher
Herr Gerasch als Medardus oft ganz unverständ
Der Beifall, den das Stück bei der ersten Auf¬
ifes gegen den Unterdrücker Deutsch¬
lich: so sehr harmoniert dieser Part mit seiner
führung fand, war, wie schon bemerkt, ein leb¬
hu will, ein Antipode zu der von
Manier künstlich entflammter Leidenschaftlichkeit.
hafter, stellenweise heftiger und nach meinem Ge¬
mmenen Stellung, vielleicht mit
Wohltuend natürlich spielten dagegen Herr Treß
schmack übertriebener. Wenn es nach dem Wunsche
ostratischer Triebe. Jedenfalls war
ler seinen Freund Etzelt, Frau Römpler¬
einzelner kleiner Gruppen des Publikums gegangen
noch eine von ihren Rachegelüsten
Bleibtren seine Mutter, Hexr Heine den Arzt
wäre, hätte der Dichter noch ein bis zwei Dutzend
ni so wild hin= und hergerissene Na¬
des Herzogs von Valois und Herr Gimnig einen
französischen Husarenmajor, sowie Herr Arndt Mal öfter erscheinen können als er es wirklich tat.
ers Medardus. Zum Helden eines
einen Wiener Arzt. Von Balajthy als Eschen Man darf aber nicht vergessen, daß er mit diesem
sichen Dramas hätte er sich übrigens
bacher hätten wir noch Besseres erwartet, als er Stücke doch allen Wienern eine willkommene Gabe
lignet, wie der letztere.
tatsächlich bot. Herr Korff markierte den Intribot, die man, trotz ihres beschwerlichen Umfanges
sne Eschenbacher nur ein paar Atlasse
ganten Wachshuber vielleicht etwas zu auffallend und trotz der oben gerügten Mängel, wird sehen
kanonen, und dafür erschossen wird,
wollen, bis sich die Schaulust daran gesättigt hat.
Die meisten Herren und Damen, welche dieses Stück
zosen schlimmer und die Wiener
in Altwiener Trachten und malerische Uniformen Was sie dann und darüber hinaus bedeuten mag,
wirklich waren. Was hätte er denn
M. Hvernes.
bemühte, waren auch nur „Bilder“ fast ohne Worte bleibe dahingestellt.
en Landkarten angefangen? Lag es
näher, diese zu verbrennen oder oder mit wenig Worten. So vor allem der Herzog
ffern, als sie zu verstecken? Auch von Valois, von Herrn Hartmann großartig nach¬</Unicode>
            </TextEquiv>
        </TextRegion>
    </Page>
</PcGts>
