3392 4352
3121 120 3289 190 S
2029 123 3038 200 eilent in e hereche de en  e e  1e 1 e
3036 179 3298 242 „Husaren
1550 185 3024 254 DOX 26//7wie wir es heuer besitzen, ist die Besetzung des
961 194 1026 262 M
238 184 1403 310 22. Derjunge -edardus
3035 226 3315 293 kauften Haustl
2036 237 2793 305 Stückes überhaupt möglich gewesen.)
3033 269 3317 343 des Herrn v
2120 290 3026 354 Selbstverständlich konnte weder erwartet wer¬
2026 318 3315 417 den, daß dieser, wenn das Wort erlaubt ist: histo=lichen „Nipp
3034 376 3305 443 Personal mit
2029 393 3045 453 risch=moderne Stil allen Mitwirkenden, die ja
3037 424 3297 488 daß es an
2034 439 3036 509 größtenteils sehr selten zu solchen Aufgaben her¬
3047 470 3310 551 Beifall nicht
2033 496 3034 550 angezogen werden, in Fleisch und Blut überge¬
2037 540 3048 605 gangen sein sollte, noch aber, daß für jede die¬
2036 561 3053 662 ser vom Dichter mit individuellen Zügen bedachten und
2026 626 3045 714 in einem besonderen Sinn zum Stück gestellten Fi¬
2040 683 3046 752 guren die völlig geeignete Vertretung gefunden
2036 725 3045 813 hätte werden können. (Ich will hier gleich zwei
2038 778 3054 845 Beispiele dafür anführen: Herr Walter ist an
2041 816 3057 894 dem tieferen Sinn des Jakob Eschenbacher, einer
2042 866 3057 946 der markantesten Rollen des Stückes, achtlos vor¬
2037 932 3061 986 übergegangen und Herr Blaß hat zwar in der
2031 965 3043 1044 Figur eines raunzenden Angstmeiers eine unge¬
2041 1038 3055 1090 mein echte und belustigende Charge gezeichnet, der
2034 1077 3045 1140 ich herzlich gerne in einer Posse oder Operette wie¬
2039 1116 3046 1189 der begegnen möchte, aber mit Rücksicht auf das
2044 1167 3059 1240 (hier auch innerlich gemeinte) Milieu der betref¬
2047 1220 3061 1305 fenden Szenen wäre eine kleine Retousche der
2038 1271 2629 1352 Gestalt von Vorteil gewesen.)
2125 1300 3066 1395 Die an Umfang und Bedeutung größte Rolle,
2029 1375 3053 1446 den Medardus Klähr, gab Herr Raul mit vol¬
2035 1420 3064 1496 lem Gelingen. Der überragenden Gestalt, in der
2047 1465 3053 1544 Züge des Hamlet und des Jungsiegfried in unge¬
2046 1529 3068 1602 mein reizvoller Weise verwebt sind, hat er frisches,
2033 1566 3057 1642 pulsierendes Leben gegeben und sein starker The¬
2040 1607 3064 1688 aterinstinkt half ihm auch über Stellen glücklich
2035 1665 3065 1746 hinüber, die vielleicht nur von einem Kainz oder
2045 1708 3067 1798 Mitterwurzer in ihrer vollen, glanzvollen Plastik
2051 1776 2695 1853 hätten geboten werden können.
2129 1802 3073 1896 Minder günstig liegt die Gestalt der zwischen
2040 1875 3076 1939 brennendem Ehrgeiz und leidenschaftlicher Liebe
2041 1934 3067 1990 schwankenden Prinzessin Helene dem Frl. Bruck¬
2064 1973 3067 2046 schewska. Jedenfalls muß sie sich aber diese
2049 2005 3070 2094 seltsame Art, manchmal die Sätze mit starrer
2041 2061 3063 2154 Miene rauh und ohne Nüancierung wie aus einer
2048 2125 3065 2186 Pistole zu schießen, im eigenen Interesse schleu¬
2042 2174 3066 2231 nigst albgewöhnen. Daneben hatte sie aber sehr!
2048 2205 3068 2297 schöne Momente von dramatischer Wucht und dann
2061 2272 2695 2336 wieder von poetischer Feinheit.
2135 2293 3076 2372 Von einer entzückenden Anmut war Fräulein
1094 2326 1402 2437 Wenden!
2049 2365 3072 2437 [Marco in der von ihr im besten Sinne des
1613 2355 2004 2463 Telephon 12801.
2046 2417 3070 2500 Wortes idealistisch gefaßten Rolle der „Agathe“,
2052 2462 3076 2543 Frl. Huber sekundierte, ebenfalls im Bieder¬
1828 2454 2004 2560 “
1068 2476 1917 2592 „ODSEKVEK
2062 2505 3066 2578 meierstil, gewinnend im Spiel, warm und klug in
2051 2559 3080 2628 der Rede, und der Francois von Valois des Herrn
1144 2554 1945 2642 I. österr. behördl. konz. Unternehmen
1067 2587 1979 2704 für Zeitungs-Ausschnitte und Blbliographien
2051 2621 3067 2678 Anderssen war von der rechten Moriturus¬
2062 2655 3081 2728 Stimmung umwittert. Frl. Sablee hielt sich auch
1120 2659 1962 2776 Wien, I. Concordiaplatz 4
2063 2696 3077 2773 auf einem ihr nicht ganz homogenen Posten wacker
1334 2736 1726 2815 Vertretungen
2067 2749 3067 2824 und wirksam, mit gewohnter Tüchtigkeit gab Herr
1062 2773 1979 2867 in Berlin, Budapest, Chicago, Christiania, Genf,
2064 2811 3078 2874 Horn den „Etzelt“, aber auch die andern zeigten!
1062 2825 1993 2910 Kopenhagen, London, Madrid, Mailand, Minne¬
2076 2837 3078 2932 durch die Tat, daß sie mit Achtung vor dem Werk
1062 2863 1979 2969 apolis, New-York, Paris, Rom, San Francisco,
2073 2894 3085 2981 und mit dem Streben, ihr Bestes zu geben, an
1260 2910 1783 2988 Stockholm, St. Petersburg.
2076 2960 2803 3034 ihre Aufgaben herangetreten waren.
1274 2956 1762 3051 (Quellenangahe ohne Gewähr.)
2153 2963 3086 3071 Die Wirkung des Abends war verschieden:
2048 3038 3070 3136 das wunderschöne, stimmungsvolle, auch besonders
1044 3005 2048 3160 Auschakbabergisch Deutsches Taghie
2053 3092 3077 3179 gut gegebene Vorspiel machte tiefen Eindruck, auch
1395 3109 1812 3232 Hermannstadt
1051 3136 1203 3202 vom:
2058 3149 3079 3221 die vom Dichter ausgezeichnet konzipierte und von
1070 3186 1119 3247 8
2063 3194 3073 3273 den Darstellern lebendig wiedergegebene Szene in
2062 3253 3071 3314 der Schenke hat kräftig eingeschlagen; von da ab
2067 3295 3088 3361 bewegte sich der Erfolg in einer mittlern Wellen¬
2064 3317 3086 3414 linie, die am Schluß bedeutend emporschnellte.
1400 3362 1747 3472 Theater.
2070 3373 3092 3467 Es wäre aber unrichtig, die Senkungen dieser Linie
2068 3436 3075 3511 einzig den nicht durchwegs bewältigten Schwierig¬
1313 3442 2079 3532 „Der junge Medardus“, eine!
1167 3456 1260 3544 (3—
2076 3492 3093 3564 keiten, von denen oben die Rede war, zuzuschreiben;
1043 3511 2065 3572 dramatische Historie von Arthur Schnitzler über
2065 3545 3092 3615 es liegt doch wohl auch darin, daß es in diesem
1057 3549 2062 3624 deren Inhalt und Bedeutung ui bereits in un¬
2071 3590 3092 3659 Buch Subtilitäten gibt, deren zarte Konturen im
1063 3606 2065 3676 serer Freitagnummer ausführlich berichtet haben,
1056 3633 3096 3720 ist am Sonnabend zum erstenmal über unsere Bühne Rampenlicht verblassen; daß solchen Szenen die
1053 3694 3096 3790 gegangen, ein Wagestück, das insoferne als ge=Trechte Bühnenplastik von Haus aus fehlt; daß
