3344 4192
1511 99 1987 191 box 26/5
185 112 1358 202 22. Benjunge Medandus
684 880 866 974 Aür Zolten
700 975 1074 1103 Kenkereispiats 4
764 1250 1025 1329 sche Lnd
473 1547 952 1637 2.5 NOV 1910
1414 1660 2545 1723 h##iter sich abgebrochen, da tritt rasch der Umschwung ein.!
1459 1722 2531 1765 Gar schlägt der Pöbel den Begleiter eines französischen
376 1711 1336 1834 ## Feuilleton.
1458 1754 2536 1816 rlamentärs, der in die Stadt eingeritten ist, noch tot
1444 1790 1896 1861 K hundert gegen einen
1942 1801 2537 1857 aber dann wird schneller und
1876 1803 1955 1852 —
1406 1828 2318 1895 schneller das Zagen und Zittern übermächtig.
2305 1837 2536 1894 Sinnlose
413 1829 1253 1912 Die Tragödie des Wienertums.
1420 1873 2540 1933 Gerüchte jagen einander: der Trattnerhof brennt, das
255 1910 1404 1976 „Der junge Medardus“, dramatische Historie in einem
1408 1910 2543 1961 Palfsy'sche Palais desgleichen, in der Hosburg sollen aus Ver¬
1413 1952 2527 2001 sehen ungeheure Pulvervorräte liegen gelassen worden sein,
249 1955 1401 2021 Vorspiel und fünf Aufzügen von Arthur Schnipler.
1398 1994 2524 2040 überdies waren die Franzosen und Napoleon anno 1805
258 2011 1393 2068 Uraufführung im Wiener Burgtheater am 24. Nov. 1910.
1406 2024 2538 2088 ganz nett — warum soll man Krieg führen? Ist es nicht
762 2060 1359 2134 Wien, 24. November (Tel.).
1409 2070 2529 2117 gescheiter, die Stadt zu übergeben? Zur rechten Zeit wird
1399 2111 2528 2161 der Erzherzog Karl mit seiner Armee doch nicht zum Ent¬
345 2113 1394 2178 Nach den vielen Wiener Tragödien des Wienertums
1398 2151 2530 2205 satz heranrücken! Denn bei uns geschieht nie etwas zur
253 2158 1390 2226 die uns Arthur Schnitzler in der Form von Dialogen,
1407 2187 2536 2242 rechten Zeit, steht nie der rechte Mann am rechten Platz...
260 2188 1397 2266 Novellen, Schauspielen und Romanen bisher geschenkt hat
1480 2235 2529 2296 Es ist wundervoll, wie es Schnitzler gelungen ist, in
256 2241 1407 2293 wagte sich dieser wienerischste unter den heutigen Poeten an
1410 2265 2539 2331 einigen Massenszenen all dies künstlerish lebendig zu machen.
256 2283 1390 2335 die große Aufgab „eine Tragöde des Wienert ms zu schreiben.
1398 2317 2533 2372 Da ist eine Szene im Vorspiel, wo die jungen Landwehr¬
248 2303 1394 2377 Ganz ist dem Dichter das, was ihm bei seiner Arbeit vor¬
1393 2358 2527 2406 leute vor ihrem Abmarsch in einem kleinen Wirtshaus in
258 2351 1387 2401 schwebte, wohl nicht gelungen. Vielleicht ist unsere ver¬
1409 2392 2532 2447 den Donau=Auen ein Liebesmahl feiern: alles ist voller
256 2396 1397 2453 grübelte und skeptische Zeit überhaupt nicht eine solche, auf
1400 2432 2537 2470 Begeisterung, die Wehrlieder Collins werden gesungen und
254 2440 1391 2478 deren Boden der Riesenbaum der gewaltigen Tragödie auf¬
1398 2467 2524 2542 der Jubel errricht seinen Höhepunkt, als machtvoll ange¬
253 2468 1405 2522 wächst. Immerhin aber hat unser Dichter — er ist unser!
252 2515 312 2557 —
1391 2511 1677 2576 stimmt wird:
323 2521 1392 2568 auf einem bisher von ihm nicht bearbeiteten Boden einen
1486 2532 2526 2607 „Habsburgs Thron soll dauernd stehn, Oesterreich soll
246 2555 1395 2605 Baum gezogen, prangend in reichem Blätter= und Blüten¬
1397 2571 2531 2646 nicht suntergehn. Auf, ihr Völker, bildet Heere, an die
258 2596 1384 2650 schmück einer vielästigen, herrlichen Krone. Wenn man den
1396 2626 2534 2686 Grenze, fort zur Wehre, daß dem Kaiser in den Hallen,
255 2618 1401 2690 „jungen Medardus“ liest, so ergeht es einem damit
1397 2663 1963 2734 Siegesjubel einst erschallen.“
263 2672 1397 2732 wie mit Gerhart Hauptmanns „Florian Geyer“, den man
257 2709 1398 2766 auch von einem zum anderen Mal lieber gewinnt. Wien,
1474 2701 2529 2767 Dann ist eine Szene auf einer der Basteien, hohen
256 2739 1394 2794 das Prohlem dieser von einer freundlichen Natur reich be¬
1388 2752 2526 2807 Mauern, die die innere Stadt Wiens von den Vorstädten
255 2790 1395 2839 schenkten, in einer tausendjährigen Kultur wurzelnden Stadt
1400 2795 2532 2847 schieden. Das Bürgermilitär hält Wache, das Zivilvolk treibt
262 2827 1391 2881 die es durch Oberflächlichket, Schwäche und Selbstgenügsam¬
1395 2835 2515 2889 sich bewaffnet und unbewaffnet auf den Basteien herum,
259 2865 1393 2912 leit auf keinem Gebiete menschlichen Wirkens zu den höchsten
1390 2863 2517 2923 Deutschmeister Grenadiere marschieren vorüber, ein französi¬
253 2909 1399 2961 Ergebnissen bringt, ist der Mittelpunkt dieser dramatischen
1397 2915 2521 2966 scher Adjutant und sein Trompeter reiten durchs geöffnete
253 2945 1397 3002 Hestorie, und weil für das Wien der Gegenwart nicht leicht
1394 2954 2520 3001 Tor herein, Frauen bringen Wein und Eßwaren, hernach
239 2985 1388 3042 Eeine Personifikation zu finden wäre und weil auch farbige
1392 2990 2527 3041 beginnt die Kanonade, in den Vorstädten des Hinrergrundes
251 3020 1391 3067 Geschichtsbilder vor des Dichters Phanta ie verführerisch auf¬
1388 3029 2522 3074 wird der Feuerschein heller und heller, Fliehende laufen
241 3056 1384 3112 leuchteten, so wurde die Handlung in das Kriegsjahr 1809
1390 3076 2522 3122 vorüber, ein Grenadier, der den Mob verhindern will, auf
250 3105 1388 3153 verlegt. Zum zweiten Mal ist ein Heer des großen Napoleen
1394 3106 2523 3158 der Bastei die weiße Fahne der Feigheit und Uebergabe
249 3137 1397 3204 auf dem Wege nach der Kaiserstadt. Napoleon selbst hat!
1385 3153 2529 3210 aufzupflanzen, wird gelyncht, just vorher hat sich ein elegantes
257 3179 1380 3231 so verlautet, Spanien, wo er eben noch kämpfte, ver en
1391 3190 2528 3230 Ehepaar die Vorgänge wie ein interessantes Schauspiel an¬
245 3210 808 3274 und wird vor Wien ziehen.
803 3211 1391 3273 In Wien schwankt die Sim¬
1393 3228 2513 3274 gesehen, und gleich darnach erfolgt die Uebergabe der Stadt.
246 3251 1392 3307 mung der Bevölkerung von Stunde zu Stunde. Juerst
1396 3261 2525 3318 Schließlich die Szene im Schönbrunner Schloßhof, die Wiener,
249 3294 1393 3351 ist die Kriegsbegeisterung allgemein. Regimenter werden
1401 3306 2516 3350 nach Wallenstein für jedes Spektakel heiß entbrannt, drängen
250 3338 1390 3390 ergänzt junge Mannschaftuerden ausgehoben, niemand
1392 3330 2524 3388 und stoßen einander, den im Lustschloß residierenden Na¬
259 3379 1388 3429 will zurückbleiben; ein Schaster, der in der Stadt als Türg r¬
1395 3383 2518 3431 poleon, seine Dinergäste, und seine buntsarbigen Soldaten
256 3415 1382 3464 gardist bleiben soll, erschießt sich, weil er nicht mit ins
1388 3420 2523 3478 zu schauen. Alles andere ist vergessen. Gleich darauf aber
254 3444 1391 3502 Feld darf, und ein Student, den das gleiche Los traf, bietet
1398 3457 2524 3505 wird ein erkannter Denunziant halb totgeschlagen und tags
243 3493 1389 3551 alles auf, einen zum Ausrücken Bestimmten dazu zu be¬
1390 3485 2536 3551 zuvor hat sich im Applaus einer Theatervorstellung der
245 3531 1394 3585 wegen, ihn an seiner Stelle in die Schlacht gehen zu lassen.
1398 3533 2524 3587 mächtigste Patriorismus kundgegeben. Nochmals: es ist ganz
249 3570 1387 3624 Auch die Zurückbleibenden sind voller Kampfeslust. Als
1390 3574 2524 3623 wundervoll, wie es Schnitzler gelungen ist, jene Zeit und
250 3603 1393 3658 die Niederlagen von Ingolstadt und Eckmühl gemeldet wer¬
1386 3596 2246 3670 unser Wien grausam echt nachzugestalten. ...
251 3650 1392 3702 den, als die französische Armee Wien zu beschieten anfängt,
1462 3634 2525 3705 Von diesem Hintergrund hebt sich nun das Schicksal des
243 3696 1392 3741 als verlautet, der kommandierende Erzherzog habe die Sadet
1394 3680 2529 3749 Medardus Klähr ab, den Napoleons General Rapp „dieses
248 3725 2563 3789 verlassen, sei über die Donau gezogen und habe die Brücken! Krieges letzten und seltsamsten Helden“ nennt. Dem jungen!
2672 1610 2847 1695 M
2537 1685 3254 1745 tapferen Bürgersohn Medardus fehlt z
2539 1724 3271 1774 er dürfte kein Wiener sein. Anders
2537 1767 3261 1818 sich selbst oder hätte ihn das Geschick
2546 1803 3266 1868 gestellt. Aber er ist Wiener, und so
2530 1835 3253 1897 Wille. Erst ist er kriegsbereit. Doch zu
2535 1886 3241 1933 zwei Selbstmörder gebracht, die der
2535 1919 3276 1979 Donanwirtshaus ans Land gespült hat
2536 1955 3265 2014 des Medardus und ihr Geliebter, de
2535 1993 3261 2046 die gemeinsam starben, weil die Valo
2538 2036 3267 2085 Frankreichs Krone, die Mésalliance de
2531 2073 3268 2140 laubten. Umsonst sagt dem Medardu##
2540 2113 3271 2173 „Mitstürzen in die Vernichtung ode
2535 2158 3250 2210 weitergehen — es gibt keine andere
2533 2193 3264 2253 abänderliche.“ Medardus bleibt in W
2536 2235 3265 2296 nicht mitentgegen. Vaterland Ruhm
2544 2262 3250 2320 ihm leerer Schall geworden. Er will
2533 2315 3262 2362 gräbnis des Selbstmörderpaares lernt
2540 2355 3263 2412 ster kennen die, verlobt mit einem Vett
2532 2391 3258 2442 Tod die Nächste ist zu Frankreichs K
2525 2429 3260 2481 flammt mit kühnem Ansturm der Prin
2528 2466 3259 2523 sie zu seiner Geliebten um ihre Schand
2536 2517 3262 2563 ganzen Welt ins Gesicht zu schreien. All
2535 2547 3258 2601 bleiot sein Wille nicht auf der erkorenen
2523 2578 3261 2650 selbtst der Leidenschaft zur Prinzessin
2533 2628 3271 2683 ihrer Hand. Aber er möchte sich befreie##
2532 2667 3272 2724 großen Tat. Napoléon ist schuld an sei
2537 2710 3260 2753 Oheims Tod. Medardus beschließt, der
2539 2747 3273 2798 Kaum hat er den Plan gefaßt, da ford
2531 2785 3260 2835 gleiche Tat von ihm. Soll er ihrem kün
2527 2824 3265 2872 den Weg zum Thron bereiten? Er
2527 2867 3268 2914 Da wird die Prinzessin plötzlich zu Na###
2527 2907 3250 2958 in der Stadt raunt man, sie sei des §
2535 2930 3249 2996 dardus löst sich innerlich von ihr los
2534 2981 3254 3027 brunn, Napoléon doch zu töten. An
2535 3025 3255 3068 dardus inmitten des Volkes lauert, kom
2534 3056 3260 3109 Dinergästen Napoléons die Prinzessin
2526 3100 3226 3157 abermals läßt er sich von außen her l
2529 3138 3240 3189 Geliebten den Dolch in die Brust. M
2533 3181 3256 3229 fängnis; und dort erst gelingt es ihm
2520 3224 3257 3277 zu überwinden. Es hat sich herausgeste
2524 3252 3250 3306 selbst bei jenem Diner Napoléon mord
2532 3295 3266 3353 ist Medardus der Retter des Kaisers g
2532 3335 3269 3387 für dankbar Leben und Freiheit schei
2530 3377 3259 3429 aber bekennt seine wahre Attentatsabsi
2535 3418 3253 3461 und Freiheit von Napoléon selbst für d
2534 3455 3254 3503 künftig nichts gegen den Kaiser zu un
2531 3480 3265 3545 Er schwört vielmehr, er werde Napoléon
2526 3534 3255 3580 er ihn erreichen könne. So muß er
2531 3572 3251 3626 wehrsalve des Hochverräters empfangen
2521 3606 3258 3672 ren Leben ganz erfolglos, ein Opfer sei
2532 3651 3260 3712 er aber innerlich doch überwunden hat,
2594 3727 3260 3811 Es ist nicht wahrscheinlich, daß
2679 3774 2797 3818 —
