3436 4224
407 68 1616 146 Kunst. Kein Wunder, daß sie überall im Gefälligen triumphiert,
418 149 1622 221 überall, wo die Geister der Ironie und der Melancholie sich ver¬
417 202 1611 274 mählen. Kein Wunder aber auch, daß sie bisher noch immer vor
429 234 1206 300 den Aufgaben der Tragik versagen mußte.
452 339 1606 421 So waren auch die Hände des Dichters nicht stark genug, um
421 381 1617 457 einen großen historischen Stoff zu packen. Die Erhebung des
418 411 1619 504 Jahres 1809 gegen Napoleon trägt das Heldentum des jungen
423 475 1606 550 Medardus aufwärts, nach Treitschkes Zeugnis das schönste Jahr
417 508 1624 589 der österreichischen Geschichte. In ungeheurer, figurenreicher Breite
418 551 1618 630 soll das Bild einer ganzen Stadt ausgerollt werden. Zwei Lebens¬
414 601 1606 676 kreise stehen im Vordergrunde, von der Welt abgrundtief geschieden,
409 646 1619 719 vom Drama allzu gewaltsam verknüpft. Aus dem Kleinbürgertum
402 676 1622 746 stammt der frische Student Medardus, eines Sortimenters Sohn.
402 734 1623 804 Zur höchsten Aristokratie gehört die Familie des französischen
410 786 1607 846 Emigranten und Thronprätendenten, des Herzogs von Valois. Als
401 823 1612 898 Medardus eben ins Feld rücken will, den Franzosen entgegen,
402 851 1608 920 ertränkt sich seine Schwester Agathe mit dem jungen Sohn des
402 903 1612 983 vertriebenen Herzogs, weil er sie nicht heiraten darf. Nun bleibt
398 946 1607 1007 Medardus in Wien, um der Selbstmörderin seltsame Rache zu
406 993 1600 1057 bereiten. Die hochmütige Prinzessin Helene, des Herzogs Tochter,
407 1032 1610 1088 soll Agathes Schande teilen. Das tolle Unterfangen gelingt, aber
401 1087 1596 1147 nur zur Hälfte. Wohl erobert der Student, durch ein Duell in
400 1124 1606 1198 seiner Haltung legitimiert, das Bett einer jungen Fürstkn. Doch
405 1175 1598 1240 von nun an ist sein Entschluß, anfangs so spannkräftig, gelähmt.
400 1201 1606 1291 Als ein Verliebter wird er der Prinzessin hörig, und sie verwirrt
392 1256 1604 1326 sogar seinen Plan, Napoleon zu töten, indem sie verlangt, daß er
388 1305 1606 1372 die Tat im Interesse ihres Hauses vollbringe. Aber auch die Prin¬
394 1356 1600 1415 zessin, die Judiths Tat an dem Franzosenkaiser erproben will,
393 1399 1594 1466 erliegt einer lähmenden Gewalt. Sie wird Napoleons Geliebte,
394 1430 1598 1495 und Medardus ersticht sie mit dem Dolche, der für den Eroberer
395 1487 1602 1547 Wiens geschliffen ist. Im Kerker winkt ihm die Befreiung. Helden¬
388 1510 1604 1573 tum und Narrentum wirbeln durcheinander, und einen Augenblick
389 1551 1597 1623 lang glänzt Peter Schlemihls Nimbus um das Haupt des jungen
376 1607 1597 1678 Studenten. Denn Helenes ursprüngliche Absichten gegen Napoleons
372 1655 1590 1711 Leben sind entdeckt worden, und Medardus muß sich fast als
387 1700 1581 1755 Erretter seines Todfeindes feiern lassen. Er rafft sich aus den
377 1742 1594 1815 Verlockungen auf und schreitet freiwillig, als sein eigener Ankläger,
389 1773 1025 1848 vor die Gewehre der Franzosen.
415 1825 1568 1903 Schnitzler war nicht gut beraten, als er dieses Werk gerade unserer
379 1876 1575 1948 kriegerischen Gegenwart anvertraute. Im Anfang, beim Auszuge
373 1925 1581 1995 junger Soldaten, klingen zwar Töne an, die jedem Zuhörer jetzt in
381 1972 1586 2038 vertrauter Melodie schwingen. Aber der leise Zug zum Spiele¬
371 2005 1576 2064 rischen ist uns nun verdächtiger als in friedlichen Tagen. „Gott wollte
367 2052 1586 2115 ihn zum Helden schaffen, der Lauf der Dinge machte einen Narren
373 2102 1598 2166 aus ihm“, so hält sein bester Freund dem Studenten Medardus die
382 2181 1587 2232 Leichenrede. „Das kann in solcher Zeit ein Ehrenname sein wie
371 2228 1575 2294 ein anderer“, antwortet ihm der Vertreter der bonapartischen Autori¬
378 2278 1575 2326 tät. Das Leben ein Spiel: eine Weisheit, die zur Stunde nicht
372 2314 1579 2400 befriedigen mag, zur Stunde, da echtes Heldentum kein Wort, sondern
369 2351 968 2417 Leben und Wirklichkeit bedeutet.
408 2397 1581 2474 Vor allem jedoch raubte man im Lessingtheater, auch wohl dem
378 2452 1566 2517 Gebote der Stunde gehorsam, dem Werke das Beste. Schnitzler
378 2484 1576 2565 hat rein technisch die Breite seines Stoffes nicht bewältigen kön¬
379 2544 1568 2600 nen. Aber die lokalen Episoden bringen die frischesten Farben
373 2580 1571 2655 ins Bild. Episoden, die zum großen Teil gestern gestrichen waren.
364 2624 1566 2683 Sie bedeuten zumeist keine Komplimente für die Wiener, für ihren
365 2657 1573 2728 Mangel an Ernst, für ihre Sucht, im Gewaltigen noch die Zer¬
361 2721 1581 2783 streuung, die „Hetz“ zu suchen. Aber auch sie sind die Herzens¬
371 2769 1563 2827 entladung eines guten Wieners, wie Schnitzlers „Weg ins Freie“
360 2808 1571 2861 die Erleichterung eines getreuen Juden darstellte. Von der Folie
364 2831 1572 2914 der Spießbürger hebt sich ja deutlich genug der österreichische
370 2891 1572 2944 Märtyrer, Meister Eschenbacher, ab, der scheinbar kühle, von keiner
362 2922 860 2992 Phrase benebelte Patriot.
396 2979 1567 3056 Im unbarmherzigen Rampenlichte erschienen gestern die Szenen
370 3019 1562 3082 im Emigrantenkreise doppelt grell, schmerzlich theatralisch. Eine
356 3057 1558 3129 Romanfigur wie die Prinzessin Helene, so primitiv als Vampyr
358 3111 1568 3188 charakterisiert, verlor zudem durch die Streichungen allmählich jede
354 3163 1562 3214 Fühlung mit dem Publikum. Seltsamerweise lag gerade hier der
364 3202 1559 3248 schauspielerische Gewinn des Abends. Denn Lina Lossen trotzte
351 3245 1562 3306 ihrer Natur die erstaunliche Fertigkeit ab, eine ausgesprochene
356 3289 1072 3353 Durieux=Rolle vortrefflich zu spielen.
388 3340 1561 3417 Kälte bei wildem Blut mit Hochmut gepaart: so beherrschte sie als
366 3394 1557 3451 eine Starke die schwächsten Szenen des zerflatternden Dramas. Sie
361 3419 1553 3502 hatte eine doppelte Hemmung zu überwinden. Denn ihr Partner
348 3466 1549 3546 konnte ihren Eifer fürwahr nicht beflügeln. Der Medardus des Herrn
354 3511 1549 3588 Theodor Loos war nämlich ein Kopfhänger, ein Dekadent, ein
351 3554 1554 3625 Nervenbündel ohne jenen Fonds von Jugend und Frische, der allein
359 3607 1545 3684 Schnitzlers Mängel hätte ausgleichen können. Für Meister Eschen¬
349 3650 1558 3715 bacher wäre wohl Kayßler der rechte Mann gewesen, der nun in
356 3685 1562 3768 barscher Wucht Napoleons Stellvetreter auf den Brettern sein mußte.
359 3737 1549 3812 In den Bürgerszenen erwarben sich Ilka Grüning, Abel und
351 3784 1560 3863 Herzfeld Verdienste. Aber die Stimme der Stadt Wien, der
352 3824 1544 3891 eigentlichen Heldin der Schauspiels, konnte Barnowskys Regie nicht
355 3868 1547 3947 heraufbeschwören. Sie schien ihre beste Kraft bereits in er zweiten
351 3918 1538 3980 Szene, beim Abschiedsfest der ins Feld rückenden Freiwilligen, aus¬
351 3955 680 4032 gegeben zu haben.
1355 3975 1509 4035 M. J.
2180 113 2602 197 Ausschnitt aus:
2354 187 2837 293 To OkfoBER 1917
2185 227 2331 283 vom:
2294 327 3109 450 Cheater und Konzerte
2189 403 3255 511 Das Lessingtheater brachte am Samstag abend Arthur
2169 440 3261 544 Schnitzlers dramatische Historie „Der junge Medardus“ in Ver¬
2375 515 3252 588 Wanf die Bühne. Dier Jahre alt ist das
2157 527 3253 629 Stück, ursprünglich wohl geducht als ein Beitrag des Wiener
2149 567 3254 670 Dichters zu der Hundertjahrfeier von 1809, wo Oesterreich
2153 608 3253 704 seinen Krieg mit Napoleon führte, ohne dem großen Korsen
2129 646 3248 732 den entscheidenden Schlag beibringen zu können, den man im
2136 676 3239 783 Jahre 1806 versäumt hatte. Eine dramatische Historie nennt
2140 732 3236 816 sich das Stück, und es ist in der Tat ein Zeitbild voll
2131 758 3248 853 historischen Kolorits, ist dramatisierte Historie. Nur geht
2134 794 3240 898 Schnitzler mit der Geschichte anders um, als es sonst die Ver¬
2124 828 3234 931 fasser geschichtlicher Dramen zu tun pflegen. Er gestaltet nicht
2124 873 3226 986 das Tun und Lassen eines „Helden“ nach der üblichen Weise,
2133 920 3230 1020 vielmehr sucht er die Stimmung des ganzen Volkes, ganz Wien
2120 955 3224 1051 in allen seinen Gesellschaftsschichten und in allen Ständen zu
2129 996 3222 1101 schildern und aus der Darstellung den Verlauf der Ereignisse
2115 1037 2363 1094 zu erklären.
2161 1076 3226 1167 Dieser ursprüngliche und wirklich geniale Plan — das Wort
2106 1117 3230 1209 genial paßt sonst auf Schnitzlers Schaffen keineswegs — mußte
2108 1154 3222 1246 auf irgend eine Weise Fleisch und Bein gewinnen, wenn er
2117 1193 3215 1287 nicht einfach eine Erzählung von Napoleons Siegeszug werden
2113 1233 3206 1312 sollte. In der Ausführung der Idee aber zeigt sich Schnitzler
2107 1273 3206 1354 als der Novellist, als der Dramatiker der kleinen seinen, psycho¬
2109 1297 3212 1399 logisch durchgearbeiteten Episode. So groß er sich von dem üb¬
2105 1352 3218 1440 lichen Napoleondrama mit Geschützdonner und Pankenkrach
2102 1382 3212 1478 fernhält, so bescheiden ist er in dem, was er eigentlich auf der
2091 1428 3217 1519 Bühne vorführt. Von Nupoleon und seinem Siege handelt das
2095 1478 3208 1543 Stück — seine Bewegung, sein Leben aber erhält es von einer
2097 1502 3207 1593 Liebes= und Intrigantengeschichte. Der junge Medardus, der
2093 1540 3204 1621 Buchhändlerssohn, zerflattert den großen Vorsatz, mit dem
2088 1580 3188 1678 Heere gegen den Feind zu gehen, in dem Augenblick in die
2093 1618 3200 1707 Winde, weil er zwischen Haß und Liebe hin= und herschwankt;
2084 1649 3195 1754 sein Verderben ist eine Prinzessin von Valois, dexen Bruder
2091 1700 3192 1786 Franz die eigene Schwester des jungen „Helden“ mit sich in
2089 1739 3190 1828 den Tod genommen hat. Am Grabe sah Medardus die Prin¬
2084 1778 3195 1871 zessin Helene zum erstenmal. Er haßte sie, blutete
2075 1812 2671 1879 um dieses Hasses willen
2769 1836 3059 1896 einem Duell
3081 1854 3182 1899 und
2074 1852 3194 1940 muß sich schließlich doch von Liebe zu ihr überwältigt sehen.
2072 1897 3187 1978 Aber die stolze Prinzessin will mehr als Liebe. Sie hofft den
2068 1936 3187 2005 jungen Medardus zum Morde des inzwischen in Schönbrunn
2075 1978 3173 2055 weilenden Kaiser Napoleon bewegen zu können. Medardus hat
2073 1999 3188 2095 selbst diesen Plan schon erwogen gehabt. Aber da er nun
2066 2048 3193 2109 Wertzeug der Valois, der alten Gegner der Republik sein soll,
2067 2081 3205 2171 ekelt ihn die Tat an, und er ermordet in einer Auswallung &
2070 2121 3178 2206 seines Herzens die Prinzessin, gerade als diese selbst auf dem
2068 2157 3169 2244 Wege ist, Napolcons Siegeslauf mit dem Dolch zu beenden.
2051 2198 3176 2273 Im Gefängnis fühnt Medardus seine zwiefache Schuld, die
2056 2245 3170 2314 gegen das Vaterland durch ein offenes Geständnis seines An¬
2052 2275 3168 2374 schlages gegen Napoleon, die gegen die Valois durch den Tod,
2057 2317 3160 2397 den ihm Napoleons Adjutant General Rapp als hartnäckigem
2053 2356 3158 2431 Feinde diktiert. Zwischen diese vielfältigen Handlungen schiebt
2044 2389 3162 2473 sich die eines echten Patrioten, des Sattlermeisters Jakob
2047 2426 3160 2523 Eschenmacher, der, ein Oheim des jungen Medardus, als Opfer
2053 2469 3148 2545 seiner Vaterlandsliebe fällt. Das Ganze ist umwoben von un¬
2050 2515 3162 2596 zähligen Szenen, die das Wiener Bürgectum zu Napoleons
2047 2536 3155 2628 Zeit und wohl auch noch ein Jahrhundert später schildern.
2052 2571 3152 2678 Alles Einzelne ist da ebensogul beobachtet wie novellistisch sein
2038 2615 3155 2717 herausgearbeitet. Viel Leben breitet sich in den Bildern aus,
2039 2666 3151 2748 und aus dem Leben wachsen einzelne Figuren zu persönlicher.
2042 2705 3147 2790 Bedeutung. So der eben genannte Eschenbacher, oder Karl
2033 2732 3140 2827 Etzelt, der großdenkende Geschäftsleiter der Buchhandlung.
2028 2769 3149 2864 oder der geschwätzig neugierige Drechslermeister Berger. Auch
2031 2826 3143 2913 die Hauptpersonen des Stückes haben viel Leben und viel
2037 2852 3133 2944 Wahrheit, so der Herzog von Valois und vor allem Helene,
2023 2897 3132 2981 die Schmalheit des Ausgeführten nur schwer vergessen. Um
2025 2936 3138 3024 sie unzweifelhaft hinterlassen, macht die Größe des Planes und
2022 2973 3132 3060 die Schmeichelheit des Ausgeführten nur schwer vergessen. Um
2019 3017 3132 3086 so schwerer, als doch Schnitzler bei seiner Schilderung des
2019 3056 3123 3128 Wienerischen Oesterreich vieles Aeußerliche ausgezeichnet be¬
2019 3084 3124 3187 merkt und geschildert, nicht aber die in unserer Zeit erwiesenen
2015 3119 3028 3209 Fähigkeiten kraftvollen Aufschwungs vorausgeahnt hat.
2063 3167 3121 3258 Der Umfang des Werkes veranlaßte die Regie, die Victor
2007 3200 3122 3282 Barnowsky selbst mit sicherer Hand führte, zu energischen
2016 3243 3121 3319 Strichen. Der Rotstift hat das Gerippe der Handlung natür¬
2018 3284 3122 3366 lich stehen lassen und nach theatralischen Gesichtspunkten von
2014 3306 3124 3407 dem poetischen Fleisch nur das genommen, was nicht entbehr¬
2013 3346 3119 3443 lich schien. Dadurch hat sich der Eindruck des Stückes ein
2012 3397 3115 3467 wenig zu des Dichters Ungunsten verschoben, der Novellist und
2001 3439 3113 3522 Schilderer ist ein wenig gewaltsam zum starken Dramatiker
2002 3480 3103 3563 gepreßt worden. Vielleicht geht es mit dem „Jungen Me¬
2002 3513 3105 3603 dardus“ so wie mit Ibsen, daß man nämlich nach und nach
2007 3552 3104 3631 noch einiges aus dem breiten Text nachträglich wieder einfügt,
2003 3595 3112 3669 was bei der Premièxre aufzuführen aus praktischen Gründen
1999 3626 2358 3693 untunlich erschien.
2003 3703 3049 3768 Die Aufführung erwies in ihrem Ernst und ihrer Kraft,
1965 3731 3057 3799 daß man sich alle Mühe gegeben, mehr als ein Schaustück
1955 3774 3048 3835 herauszustellen. Zwar vermochte Theodor Loos dem jungen
1962 3811 3060 3876 Medardus weder die Feuerseele eines Retters des Vaterlandes
1951 3861 3055 3917 zu geben, noch den romantischen Widerstreit zwischen Liebe
1956 3895 3055 3960 und Haß mehr als äußerlich darzustellen. Dafür versieh Lina
1960 3933 3055 4002 Losson der Prinzessin Helene Kraft, Innerlichkeit und Hoheit,
1963 3966 3052 4036 vielleicht aber zu viel Reinheit und Geradheit. Sie war
1959 4013 3054 4081 „jeder Zoll eine Königin“ nicht aber eine intrigierende
1951 4039 3049 4107 Thronprätendentin, die mit niederen Mitteln zu arbeiten
1960 4085 3055 4156 weiß. Ganz im Sinne des hohei'svollen Entthronten spielte
1961 4115 2462 4157 Mar Lande den alten O##.„
2491 4135 2561 4170 und
2580 4135 2700 4171 mit 1#
