3344 4256
1521 151 1999 254 box 26/6
210 167 1395 254 22. Denjunge-Medandus
2925 1285 3127 1381 We
121 1319 2023 1413 ssteue eingerichten is dus Fleischj und Landwirtschaftskammer kauften, schlachteten uns
870 1394 3183 1445 verkauften Fleischermeister etliche Tiere. Das Ergeb=1 mäßig klein anfängt, lassen sich Geschick und Sorgfalt
129 1392 526 1461 gverkauft wurde.
874 1395 3182 1493 nis war überraschend. Zum Teil ergab sich ein Minus, wohl erlernen. Besonders ist auch die getrennte
127 1417 863 1500 gesellschaft hat nicht viel erreicht.
2018 1456 3185 1524 Mülleinsammlung zu empfehlen. Denn hier
124 1466 1607 1549 s Fleisches hat sie kaum etwas bei= zum Teil ein ganz geringes Plus.
2028 1539 3175 1618 Wien durch Granaten, heimlich auf die Holfershelfer der
859 1564 2026 1641 kreuz, ihr herrlichen Konturen der dunklen ehrwürdigen!
2019 1595 3178 1669 Palois, kriegsgerichtlich auf verdächtige Wiener Bürger
878 1597 2014 1671 Burg in hellen Sternennächten, du alter Steffelturm und ihr
506 1603 836 1695 a #
127 1610 501 1709 euilleton.
2024 1627 3175 1699 usw. Endlich reift in Medardus die Tat. Er will Napo¬
869 1658 2020 1725 lieben Leute — vom guten Kaiser hinab bis zu den
2028 1669 3183 1747 leon erschießen. Unglücklicherweise hat Holene von Valois
465 1680 817 1777 (Nachdruck verboten.)
879 1681 2031 1760 Gaunern, den Fiakern, wie lieb seid's ihr alle! Und du
2020 1722 3183 1786 dieselbe Idee und will Medardus zu dem beredten, wozu
874 1740 2022 1806 Peter Altenberg und du Luise Kartousch vom
2025 1756 3187 1842 sein Herz schon entschlossen war. Dadurch verliert der junge
138 1762 709 1869 rStreiflichter.
874 1787 2025 1846 Theater an der Wien ... (doch von dieser später!) Wo
2034 1807 3181 1876 Medardus wieder alle Lust. Im fünften Akt erzählt man
878 1842 1591 1902 verzeiht man lieber als in Wien?
184 1836 358 1919 Gn
2034 1858 3174 1925 sich, Helene sei die Geliebte Napoleons geworden. Medar¬
945 1861 2021 1943 Und wam verzeiht man leichter als Artur Schnitz¬
124 1883 868 1956 einen Chantecler, New York
2031 1901 3182 1966 dus glaubt das, während Helene Napoleon nun selbst er¬
867 1920 2025 1984 ler, dem Antor des „Anatol“, der „Libelle“, dem
118 1935 874 2015 Fuccini und Wien — anscheinend
2026 1945 3181 2014 stechen will, und ersticht Helene. Napoleon will Medardus
875 1965 2026 2043 himmlischen Maler der Welt des süßen Mädels, dem
147 1987 830 2042 ts. Das Burgtheater ausverkauft —
2559 1994 3182 2058 aufgeklärt über die Absicht
2031 2003 2529 2055 begnadigen, dieser aber
878 2005 2021 2073 Schenter von allerhand Köstlichkeiten, die unvergeßlich
117 2023 876 2088 jeder Vorstellung dieses Schauspiels
2029 2011 3187 2110 Helenens — droht, Napoleon zu töten, und — wind er¬
885 2054 2025 2129 bleiben, dem Wiener Träumer und Poeten Artur Schnitzler!
122 2066 874 2130 nem Vorspiel. Für die Dauer eines
2025 2090 2252 2167 schossen! —
948 2106 2023 2172 „Der junge Medardus“: im Vorspiel schon
122 2103 878 2180 Don Carlos“ sitzen die Wiener und
2103 2107 3183 2186 Das Stück hat 68 nennenswerte Rollen — ohne
879 2157 2019 2224 gehen zwei ins Wasser, der Prinz von Valois und die bür¬
118 2159 880 2220 on Berger reibt sich vergnügt die
2024 2169 3183 2229 Napoleon, der allerdings nicht auftritt, von dem aber min¬
879 2198 2018 2268 gerliche Buchhöndlerstochter Agathe, Medardus' Schwester.
120 2195 879 2269 # genug — um nach ihren Ursachen zu
2039 2215 3182 2282 destens zehn verschiedene Leute berichten. Von seinen ent¬
870 2237 2029 2294 Standesvorurteile, unglückliche Liebe, Selbstmord. Außer¬
110 2246 872 2315 en, — denn darüber ist die literarische
2036 2256 3183 2320 setzlichen Augen berichten sie. Und Ahnliches. Das Stück
879 2286 2026 2348 dem schreibt man 1809. Die Franzosen sind vor Wien
119 2293 886 2353 fe poetische Worte, erschütternde Ge¬
2036 2296 3183 2363 hat ferner als dramatische Momente: Selbstmorbe, Morde,
884 2322 2024 2398 Alles zieht in den Krieg. Medardus auch. Das heißt jetzt,
122 2336 881 2408 die von 7 bis um 11½ Uhr das Publi¬
2032 2349 3191 2411 Erschießungen, Beschießungen, Verschwörungen, Volksge¬
878 2360 2022 2434 da seine Schwester tot ist, bleibt er zurück, — sie zu rächen.
129 2378 873 2450 sem — glaubt mir — wären solche vor¬
2024 2392 3190 2448 murmel in allen Variationen, Massenkämpfe, Einzelkämpfe,
878 2420 2025 2481 An wem, da der Prinz auch tot ist?! An den Standesvor¬
128 2431 876 2483 nicht bannen, nicht so viele wenig¬
2026 2437 2799 2517 Liebesabenteuer, Begräbnisse ... uff!
886 2461 2030 2530 urteilen, an den Valois — sagt Schnitzler. Zunächst jedoch
148 2464 880 2537 vielleicht hineingehen, der Mode
2104 2466 3187 2551 Geradezu ein Sensationsfall für die Regie. Und
936 2505 2038 2573 im ersten Akt — verliebt er sich auf Tod und Leben
134 2517 881 2574 e Sach' halt von unsrem Schnitz¬
2032 2522 3191 2610 Berger, dieser eminent begabte Regisseur für Außerlich¬
876 2546 2028 2618 in die Prinzessin Helene, die Schwester des Prinzen von
133 2566 876 2624 der dritten, vierten Aufführung wür¬
2030 2579 2977 2641 keiten, hat ihn mit Enthusiasmus aufgegrissen.
890 2591 2038 2655 Valois — anläßlich der Beerdigung der beiderseitigen Ge¬
127 2594 881 2662 bedenkliche Lücken klaffen — endlich
2106 2606 3185 2682 Man merkt schon, wo des Pudels Kern steckt! Der
873 2649 2032 2707 schwister. Helene liebt ihn wieder. Natürlich! Nebenbei
139 2644 879 2708 rschönheitshungriger Seelen erscheinen
2025 2658 3187 2733 dankbare Wiener bewundert die Meisterleistung — denn eine
876 2688 2031 2756 ist sie in eine Verschwörung verwickelt. Der Herzog, ihr
141 2704 877 2758 wieder. Leider! Es geht in Wien
2033 2705 3191 2788 solche ist es — seines neuen Burgtheaterdirektors, sieht an
875 2719 1996 2793 Vater, aspiriert auf den französischen Königsthron. Hofst
121 2738 891 2803 eute wollen sich amüsieren und lachen
2033 2760 3187 2823 einem Abend fast das ganze Personal, alle seine Lieblinge,
872 2769 2030 2830 auf eine Verschwörung in Frankreich, während Napoleon
135 2774 890 2839 auskosten. Nur keine leisen Herrlich¬
2030 2809 3200 2889 und von 7 bis nach 11½ Uhr passiert ununterbrochen irgend
884 2815 2027 2880 vor Wien steht. Aufregende Fäden von Wien nach Paris.
129 2813 880 2900 egenen Tiefen! Ein Blick auf die Ver¬
2045 2841 2686 2911 etwas „furchtbar Aufregendes“.
888 2854 2035 2920 Belagerung von Wien. Einzug Napoleons. Prinzessin
147 2863 894 2930 Von ca. 20 Theatern sind knapp vier
2114 2887 3194 2953 Nur wenn er, wie jener alte König in der „schönen
882 2904 2025 2978 Helene heiratet den jungen Marquis von Valois, entsendet
135 2913 886 2974 ,Schwänke oder Schmarren eingestellt!
2027 2925 3189 2993 Risette“, fragen wollte, „warum“ das alles eigentlich
882 2951 2030 3016 ihn aber vor der Brautnacht nach Paris, zur letzten
133 2943 885 3015 t man das lieber, als gerade in Wien.
2043 2978 3186 3044 „geschicht", — ein Glück, daß es im nächsten Augenblick
879 2982 2042 3047 Rettung der Verschwörung Inzwischen ruht sie in den
130 2991 885 3063 k ist an Holdseligkeiten des Lebens als
2040 3022 3191 3090 irgendwo schießen oder stechen würde und der Nachbar einer
876 3029 2038 3089 Armen von Medardus. Doch dieser hat im dritten Akt genug
136 3043 891 3104 der Welt, reich an alter Kultur und
2042 3073 3110 3153 Antwort enthoben wäre, die — er nicht geben könnte!
885 3087 2040 3155 daran. Das heißt: man ##iß das nicht genau. Ob es nur
117 3089 884 3146 n Frauen und süßen Mädeln, an weh¬
2096 3095 3194 3167 Und doch ist vieles nicht ungeschickt gemacht. Es finden
874 3116 2044 3202 die Rachegedanken sind, die mit der Liebe kämpfen, ob er
132 3128 891 3196 bgoldigem Humor. Verstehst du ihren
2035 3156 3189 3217 sich wundervolle Skizzen von Volksstimmungen und er¬
888 3173 1341 3251 etwas anderes sinnt?
120 3181 890 3249 nungen nachzugehen wie einerGeliebten,
2038 3206 3192 3268 greifende, rührende Einzelheiten. Z. B. wenn der alte fast
958 3191 2041 3272 „Mir ist, als hätten unbekannte Mächte mich bis heute
129 3222 895 3282 bt in ihre weichen Arme nehmen und
2027 3233 3185 3301 I blinde Herr mit dem kleinen Mädchen an der Hand auf der
877 3255 2040 3324 durch einen rätsolhaften Dämmergang getrieben.“ Dis
129 3264 895 3331 neue Schönheiten offenbaren. O ihr
133 3293 3189 3360 Prater, zum blauen Donaustrom, ihr] heute, da Napeleen seinen Outel erschießen läßt. Napoleon] Bastei erscheint während der Belagerung, das Kind schilt,
136 3340 3188 3421 wvälder von Meyerlink und Heiligen= hat inzwischen überhaupt sehr viel schießen lassen, auf weil es nicht weitergehen will, und gar nicht merkt, daß
