3344 4224
1528 129 2013 210 box 26/5
219 125 1393 229 22. Der junge Medandus
3075 770 3300 837 2 unre
282 806 3316 897 hapen Ein derartiger Fall erregt im Bezirke Hernals! Landesverbandes für Fremdenverkehr kaiserl. Rat due Gesellschaft den Rekurs an den Stadtrat. Derselbe
297 867 2937 943 Wictes Aufsehen. Unter dem ausbrücklichen HinweisBeschörner und der Prasident des Exeluliokomitees hat nun den=Returs abgewiesen.
1260 943 3270 1007 tisierte Historie, in der sich Fortsetzungsroman und] Liebschaft willen eine Krone hingegeben. Medardus
1256 991 1965 1056 Psychologie als Verlobte empfehlen!
2260 992 3287 1063 erhebt sich und fordert höhnisch die Entfernung der
364 937 1209 1077 „Der junge Medardus.“
1365 1020 2273 1088 Der Kritiker. Das Drama beginnt im
2252 1031 3280 1095 Blumen, die er sonst zu zertreten droht. Sie sollen in
351 1039 2267 1129 Dramatische Historie von Artur Schnitzler. Hause der Buchhändlerswitwe Franziska Klähr. Es
197 1080 349 1155 ##
2257 1089 3284 1134 den hochmütigen mörderischen Fingern“ einer Valois
355 1112 1275 1182 Einer allein kann die vielverschlungene Hund¬
1251 1116 2268 1176 ist ein Schicksalshaus. Ihr Mann starb an einer
2259 1130 3275 1178 verwelken. In diesem heißdramatischen Augenblicke
246 1143 1263 1222 lung dieses figurenreichen Dramas kaum wieder¬
1263 1157 2261 1220 Lungenentzündung, die er sich bei einem militärischen
2268 1171 3273 1238 erscheint der Vetter der Prinzessin, Bertrand
1255 1196 2261 1260 Paradedienst zu Ehren Napoleons geholt. Ihr Bruder
240 1208 1264 1274 erzählen. Einer allein kann die blendenden Vorzüge
2262 1213 3282 1269 Marquis von Valois. Herausforderung zum Duell.
1255 1246 2261 1310 und ihr Sohn werden auf Befehl Napoleons erschossen
237 1249 1268 1315 nicht preisen und die auffallenden Schwächen nicht
2252 1268 3276 1312 Medardus wird zur Stelle sein. Helene von Valois
1261 1296 2259 1350 und ihre Tochter geht aus unglücklicher Liebe und in
249 1287 1259 1360 tadeln. Einer allein kann der Armee von Darstellern,
2261 1305 3274 1351 zum Marquis: „Töten Sie den jungen Menschen, der
1262 1324 2264 1407 schwangerem Zustande in die Donau, was ausnahms¬
247 1324 1267 1398 die das Burgtheater mobilisierte, unmöglich gerecht
2253 1347 3284 1394 da eben fortging, und ich will die Ihre sein!" Drei
249 1373 1266 1437 werden. Ich habe mir deshalb einen Hilfskritiker
1263 1379 2253 1435 weise nicht Napoleon, sondern ein Valois ver¬
2261 1387 3273 1447 Stunden später erhält Bertrand einen Degenstich in
1254 1416 1517 1486 schuldet hat.
250 1411 1266 1483 aufgenommen. Wenn einem von uns der Atem aus¬
2257 1427 3269 1477 den Arm und Medardus einen nahe beim Herzen. Die
1362 1455 2270 1541 Der Hilfskritiker. Sie greifen ja den
256 1462 1262 1526 geht, setzt der andere die Arbeit fort. Es beginnt
2253 1467 3277 1536 Prinzessin hat diesen Ausgang nicht erwartet. Oder
1251 1482 1579 1568 Ereignissen vor.
359 1504 767 1566 Der Kritiker.
747 1505 1268 1573 Ein großer Erfolg.
2252 1512 3280 1576 doch? Sie schickt die Blumen, die das Grab des
247 1528 821 1608 Artur Schnitzler wurde
1357 1542 2266 1608 Der Kritiker. Weil es gleich gesagt werden
1134 1549 1266 1607 Akt¬
826 1550 1122 1611 nach allen
2261 1558 3277 1614 Bruders hätten schmücken sollen, an den Wiener Stu¬
255 1586 1260 1650 schlüssen stürmisch gerufen. Erst um ½12 Uhr
1257 1572 2263 1656 muß, daß der Verlust von Gatten, Bruder, Tochter
2267 1600 3280 1657 denten mit dem flammenden Blick und der einwand¬
251 1635 1264 1690 war die Sensationspremière des Burgtheaters
1248 1622 2261 1694 und Sohn selbst im Jahre 1809 ein bisserl viel ist für
2250 1642 3282 1711 freien Haltung. Medardus ist von dem duftigen Gruß
256 1676 1258 1733 zu Ende. Das Werk hat in der Buchausgabe
1262 1674 3276 1743 eine einzige Wiener Bürgersfrau. Freilich erträgt sie höchlich überrascht. Er verläßt trotz seiner Wunde
240 1706 1260 1768 290 engebedruckte Seiten und besteht aus einem Vor¬
1257 1715 2262 1776 alles mit einer Standhaftigkeit, als ob sie die Mutter
2251 1731 3272 1788 heinlich die Krankenstube, um der Blumenspenderin
246 1760 1259 1818 spiel und fünf Akten, die zusammen siebzehn Bilder
1253 1757 2277 1827 der Gracchen wäre. Mit dem Heroismus einer
2253 1772 3273 1825 zu danken. Umsonst hatte ihm kurz vorher die spar¬
1255 1799 2268 1869 Spartanierin stachelt sie ihren Sohn Medardus zu
251 1799 1264 1866 geben. Der Regisseur mußte dem Drama zwei Bilder
2245 1818 3276 1877 tanische Mutter aus der innern Stadt den zarten Wink
245 1848 1262 1908 und unzählige Sätze aus dem Leibe reißen, um es
1253 1853 2265 1898 einer Tat für das Vaterland auf, und ist von so
2259 1864 3265 1920 gegeben: „Die Franzosen marschieren heran, und
250 1894 1252 1952 in den Rahmen einer Bühnenaufführung zu zwängen
1257 1888 2255 1954 hohem Stolze erfüllt, daß sie die Hand ihrer
2261 1901 3270 1965 ich habe einen Sohn, der indes ein Mann ge¬
248 1927 1257 2001 Trotzdem erstreckte sich die Spieldauer auf volle fünf
1259 1930 2261 1993 Tochter einem Prinzen von Valois verweigert,
2259 1936 3268 1996 worden ist.“ Umsonst! Der hoffnungsvolle Sohn er¬
249 1973 1250 2037 Stunden! Das haben wir uns bisher nur von
1260 1978 2258 2050 wenn nicht seine Eltern für ihn persönlich als
2244 1982 3276 2056 klettert bereits die Gartenmauer des Schlosses Valois
248 2009 1253 2076 Shakespeare, Goethe und Schiller gefallen lassen. Ja,
1244 2005 2261 2087 Brautwerber in das Bürgerhaus kommen. Der
2246 2035 3267 2090 und fällt erschöpft der Prinzessin zu Füßen, die sich
243 2051 1252 2125 haben denn die allein das Privilegium? So sagte
1257 2057 2263 2127 Vater des Prinzen ist ein vom Dichter frei
2254 2072 3271 2132 gerade mit ihrem Vetter verlobt hat. Das hindert sie
243 2092 1256 2162 sich vielleicht Artur Schnitzler, und er dichtete in die
1248 2102 2254 2165 erfundener Prätendent auf die Krone Frankreichs, da
2256 2118 3272 2171 nicht, den Eindringling in ihrem Schlafgemach zu
248 2145 1261 2212 Höhe und in die Tiefe, aber auch in die Breite. Er
1246 2140 2251 2205 die Valois, wie man weiß, schon Ende des sechzehnten
2245 2155 3265 2220 verbergen, wo ihr königlicher Hochmut pünklich zu
239 2180 1260 2248 fing gewissermaßen den großen Wind ein, der nach
1251 2187 2260 2252 Jahrhunderts ausgestorben waren. Manhat dem alten
2257 2202 3273 2247 Falle kommt. Medardus, der sich eingeredet hatte,
237 2225 1247 2287 der Versicherung des Volksmundes Anno Neun
1254 2214 2256 2294 Manne ein Asyl in Wien gewährt, woer in einem ein¬
2247 2245 3271 2302 das Abenteuer nur zu dem Zwecke zu unternehmen,
239 2283 1249 2336 gegangen ist. Die zweite Franzoseninvasion in Wien
1257 2271 2270 2324 samen Schlößchen die Tage des Usurpators zählt. Der
2246 2284 3270 2337 die Dame vor dem versammelten Hofe bloßzustellen,
247 2308 1257 2381 bildet den Grundstoff der Dichtung, deren grelle
1257 2310 2255 2379 Herzog ohne Land, ein blinder Mann, wird von der
2243 2331 3271 2396 vergißt in ihren Armen alle Vorsätze. Ich bewundere
241 2352 1250 2423 Vielfarbigkeit Manchem den Ausspruch entlocken
1254 2363 2260 2426 Zuversicht aufrechterhalten, daß die Stunde kommen
2251 2372 3271 2428 seine kraftstrotzende Männlichkeit, denn nicht alle
239 2395 1252 2469 dürfte: Das Alles ist mir zu bunt! Pracht¬
1256 2393 2257 2459 muß, in der sein Sohn als rechtmäßiger König in
2256 2410 2793 2479 Theaterhelden sind so stark.
240 2441 1256 2518 volle Wirklichkeitsbilder, wie sie nur ein
1250 2443 2256 2508 Frankreich einziehen wird. Der Prinz aber denkt nur
2356 2448 3275 2516 Der Kritiker: Die Stärke des Helden ist
237 2481 403 2538 echter
386 2484 1249 2548 Kenner der Volksseele zuwege bringt,
1250 2497 2245 2566 an seine Liebe. Die Wiener Luft hat ihn verweichlicht
2240 2482 3268 2574 in diesem Falle seine dramatische Schwäche. Das
246 2527 1255 2594 werden von romanhaften Liebesabenteuern ab¬
1247 2535 2256 2593 und da er die Braut nicht heimführen darf, so
2250 2551 3267 2608 wußte der Autor, der diesbezüglich den Onkel Eschenbacher
1243 2566 1397 2633 führt
239 2561 1256 2638 gelöst und einzelne glücklich geschaffene Charakter¬
1748 2564 2251 2639 einen jener beliebten
2247 2592 3268 2649 sagen läßt: „So ein junger Mann hat eine wunder¬
239 2613 1256 2687 figuren zu Grunde vertieft. Man bekommt mehr
1253 2609 2244 2678 Dippelselbstmorde aus, die bis auf den heutigen
2242 2639 3274 2703 bare Lebenskraft in sich. Vormittags begräbt er seine
246 2663 1255 2728 Geschichten als Geschichte zu hören, wiewohl die
1252 2660 2254 2722 Tag ihren hohen theatralischen Wert behalten haben.
2247 2680 3271 2746 Schwester, erledigt zum Nachtisch eine ritterliche An¬
244 2693 1253 2768 napoleonische Willkürherrschaft sehr anschaulich
1243 2713 2252 2768 Die Leichen der Liebesleute werden aus dem Wasser
2243 2726 3268 2784 gelegenheit und hat trotz Gram und Wunden noch
239 2730 1252 2809 geschildert und das Kolorit der Zeit wunderbar
1256 2737 2254 2816 gefischt und in ein Wirtshaus der Praterau gebracht,
2250 2761 3270 2837 Laune übrig für ein zärtlich Abenteuer.“ Die Regie
237 2783 1254 2851 getroffen ist. In den Episoden schäumt und siedet eine
1249 2792 2244 2863 wo gerade Medardus und eine Schar junger Stu¬
2252 2807 3268 2867 tat gut daran, diese Worte zu streichen; das
237 2828 1254 2903 große dichterische Kraft, während die Hauptbegeben¬
1252 2836 2253 2901 denten Abschied von der Heimat feiern, um gegen die
2247 2847 3275 2910 Publikum hätte sonst die feine Ironie des Autors ver¬
236 2873 1245 2941 heiten zu einem langen Ro ian ausgesponnen sind,
1252 2878 2254 2948 Franzosen zu ziehen. Medardus erkennt seine
2247 2893 3267 2950 gröbert in den eigenen Vertrieb übernommen. Uebrigens
232 2906 1249 2988 den der Zwischenvorhang iederholt mit einem un¬
1254 2925 2256 2991 Schwester, erhebt Wehe= und Racheklagen von
2250 2936 3263 2998 ist es gar nicht so ausgemacht, daß schon in
243 2959 1020 3021 sichtbaren „Fortsetzung folgt" unterbricht.
1237 2948 2246 3023 karlmoorischer Ueppigkeit und erklärt, in Wien zu
2243 2974 3267 3036 der ersten Nacht die neuerliche Verschmelzung
352 2989 1246 3064 Der Hilfskritiker. Mir war bei dieser
1241 3007 2251 3078 bleiben, denn es könnte sein, daß er hier noch was zu
2239 3017 3270 3074 des Königshauses Valois mit dem Bürgerhause
243 3038 1253 3110 Romanfülle zu Mute, als ginge mir die Mühlbach
1237 3054 2074 3114 tun hätte. Sein Haß gegen Napoleon wird
2242 3068 3048 3120 Klähr nach dem Beispiele des
3053 3063 3274 3131 früheren
233 3083 1250 3151 im Kopfe herum. Aber nicht nur an die schreibselige
1350 3087 2247 3159 Der Hilfskritiker: — von dem Hasse gegen
2245 3111 3269 3168 Liebespaares stattgefunden habe, denn wozu gäbe
238 3127 1255 3197 Luise, die ihren Gänsekiel so oft für den Griffel der
1242 3133 2244 3200 die Valois abgelöst. Auf dem Friedhofe finden wir
2249 3148 3269 3216 sonst die Prinzessin den Auftrag, in der folgenden
228 3180 1244 3239 Klio ausgegeben, mußte ich denken, auch an Dumas,
1249 3179 2247 3245 Medardus wieder, wo das Bürgermädchen und der
2244 3193 3276 3254 Nacht die Hunde im Garten loszulassen? Mau
237 3209 1243 3282 den Vater, dessen Phantasiereichtum meiner grünen
1255 3228 2249 3287 Prinz von Valois in einem gemeinsamen Grabe ruhen.
2238 3228 3273 3286 kennt sich in dieser Helene überhaupt nicht aus.
231 3254 1263 3322 Tage Freudenspender gewesen. Nun verfiel auch der
1259 3265 2246 3335 Er trifft hier mit Helene von Valois, der Schwester
2246 3277 3262 3334 Wenn man glaubt, sie habe an Stelle des Herzens
226 3293 1247 3362 feine Wiener Seelenanalytiker dem Ewig=Stofflichen,
1243 3306 2252 3366 des Prinzen, zusammen, die dem Toten ein paar arm¬
2251 3321 3263 3378 einen ganzen Kältekongreß im Leibe, überrascht sie
234 3347 1251 3403 mußte ihm verfallen, denn er hat eine staunenswerte
1251 3354 3261 3413 seligs Blumen weiht. Die stolze Dame hat keine einen bald darauf mit einer Glut der Liebe und
229 3378 3268 3496 Originalphantasie. Die Folge davon war die drama= Träne für ihren törichten Bruder, der um einer des Hasses, die ihr kein Mensch zugetraut hätte.
