3392 4256
954 195 1091 268 Me
1551 197 2025 293 box 26/5
236 207 1396 306 22. berjunge andus
1598 429 1856 516 Seite 12
320 457 970 545 Prager Tagblatt Nr. 325
283 528 2258 613 Bild, das eine Straßenkreuzung darstellt, die aber Künstlerin, eine schöne Erscheinung, gab den ganzen!
1271 581 2235 642 Abend hindurch seltene Proben ihrer so schönen
300 607 1266 693 in Wirklichkeit in dieser Weise kaum denkbar sein
1260 602 2242 681 Stimme, die reich an Umfang und Ausdehnung ist
1261 651 2245 717 und von guter Gesangsmethode zeugt. Auch wir
302 664 449 731 dürfte.
1271 695 2240 755 hatten in den letzten Tagen das Vergnügen, die lie¬
401 677 1268 759 Von der Darstellung läßt sich nur das Beste
1269 727 2244 793 benswürdige Künstlerin zu hören und sind über¬
296 735 1268 813 sagen. Die Episodenrollen, auf welche es in diesem
2239 741 2730 809 betannt. Die —.
1264 761 2239 839 zeugt, daß ihr eine große Zukunft blüht. Gegenwär¬
302 766 1276 842 Stücke sehr ankommt, wurden glänzend gespielt und
2230 770 3221 850 Pult ein Roman gefunden worden sei, der den
303 802 2228 893 namentlich Ellenhorst und Basch sind hervor#tig unterhandelt der Impresario des Teatro Massimo
2232 829 3216 895 Titel „Altershausen“ führt, beruht lediglich
1278 846 2226 909 in Syrakus mit ihr, um sie für den Maskenball, für
295 862 1264 929 zuheben. Herr Gerasch als Medardus hatte pracht¬
2242 873 3213 939 auf Vermutungen. Nur so viel steht fest, daß der
1266 876 2228 938 Ruy Blas und die Hugenotten zu gewinnen. Die
297 904 1268 989 volle Momente, verschluckte jedoch vieles und ver¬
1274 919 2227 985 gleichfalls in Mailand erscheinende „Gazetta Tea¬
2247 911 3214 982 Verstorbene sich vor mehreren Jahren seinen
1265 954 2239 1017 trale Italiana“ schreibt: „Unter den letzten Darbie¬
309 947 1264 1027 sagte an manchen entscheidenden Stellen. Großartig
2243 961 3220 1036 Freunden gegenüber dahin geäußert hat, er arbeite
1274 991 2222 1053 tungen der Saison hat eine junge Künstlerin aus
305 994 1270 1061 war Frau Römpler=Bleibtreu. Auch Herr
2247 1001 3212 1083 noch an einem Roman, den er aber später bei¬
1269 1036 2236 1093 Böhmen Frl. Else Kolliner, durch ihre wunderschöne,
302 1032 1264 1112 Balajthy als ihr Bruder spielte vortrefflich.
2248 1054 2575 1135 seite gelegt hat.
1280 1075 2232 1135 in guter Schule gebildete Stimme, einen glänzenden
307 1076 1270 1151 Von rührender Einfachheit war Treßler als
2313 1074 3211 1160 #— Sterbefall. Mittwoch verschied im 46. Lebens¬
1279 1112 1886 1191 Erfolg zu verzeichnen gehabt.“
304 1113 1275 1201 Buchhändler Etzelt. Die patriotischen Lieder, die im
2241 1138 3208 1203 jahre nach langem, schweren Leiden Frl. Emma
1406 1143 2236 1210 — Von fremden Bühnen. Fräulein Magda
312 1152 1293 1234 ersten Bild gesungen wurden, weckten große Be¬
2250 1168 3211 1235 Häring, Logenschließerin am Kgl. Deutschen Landes¬
1264 1191 2238 1259 [Spiegel, die heimische, den Pragern wohlbekannte
2241 1202 3213 1264 theater (Parterre links), welche durch nahezu drei
318 1225 538 1301 geisterung.
1267 1232 2236 1310 Künstlerin, die ja auch auf der Bühne unseres Deut¬
2244 1234 3223 1300 Jahrzehnte im Dienste des Theaters war und sich in¬
1287 1264 2234 1337 schen Theaters in „Aida“ erfolgreich debutierte, wirkt
2251 1280 3213 1338 folge ihres pflichteifrigen bescheidenen Wirkens all¬
475 1262 1118 1353 Die Aufnahme des Werkes.
2243 1306 3215 1373 gemeiner Sympathien erfreute. Das Leichenbegängnis
1279 1304 2239 1371 gegenwärtig an den Vereinigten Stadttheatern in
2247 1350 3222 1404 findet Samstag, den 26. d. um 3 Uhr nachmittags vom
577 1325 1254 1417 Wien, 24. Nov., 12 Uhr nachts.
1280 1340 2240 1402 Düsseldorf und Duisburg. Jüngst sang sie in Duls¬
2255 1381 3017 1457 deutschen pathologischem Institut aus statt.
1294 1380 2239 1459 burg die Acuzena, worüber wir in den „Duisburger
418 1384 1284 1461 Gegen ¾12 Uhr endete die Vorstellung, die
1293 1421 2242 1481 Nachrichten“ iesen: „Frl. Spiegel entledigte sich
2345 1401 3231 1485 2— Meine erste Zeitung. Einem vielfach ge¬
321 1434 1278 1512 punkt halb 7 Uhr begonnen hatte. Sie hielt vom
1288 1454 2243 1518 des gesanglichen Teiles ihrer Aufgabe, was Vortrag,
2252 1455 3214 1521 äußerten Bedürfnis Rechnung tragend, wurde in
321 1475 1278 1551 Anfang bis zum Schluß das Interesse des Publi¬
1294 1496 2239 1563 klare Phrasierung und Akzentuierung anbelangt, in
2252 1491 3224 1560 Wien eine neue Kinderzeitschrift, betitelt „Meine
314 1515 1283 1595 kums wach, welches sich jedoch ersi in dem zweiten,
2244 1525 3227 1597 erste Zeitung“, gegründet, und die Firma R.
1295 1531 2240 1601 musterhafter Weise. Die Ausgeglichenheit der Re¬
2254 1566 3226 1626 Lechner (Wilh. Müller), Wien I. Graben 31, über¬
318 1555 1285 1641 dramatischeren Teil besonders stark zeigte. Während
1297 1569 2242 1637 gister ihres umfangreichen Organes ist besonders zu
2257 1604 3219 1660 nahm dieselbe in ihren Verlag. Diese Halbmonats¬
1287 1606 2246 1670 loben. Musikalische Intelligenz und durchgebildete
313 1605 1285 1675 das Publikum im ersten Teil dem Dichter respektvolle
2251 1635 3225 1702 schrift steht unter der pädagogischen Leitung eines an¬
1292 1646 2247 1711 Technik sind der Sängerin in beachtenswertem Maße
315 1649 1274 1736 Sympathie bewies, wurde es im zweiten Teil sehr
2241 1674 3230 1737 gesehenen Wiener Schulmannes und soll hauptsächlich
1303 1703 1445 1760 eigen.“
320 1691 1288 1769 warm und überschüttete ihn mit spontanem Beifall.
2249 1701 3226 1757 den im Volksschulalter stehenden Kindern (7—12
1385 1700 2242 1784 Frl. Ottilie Siedig, Schülerin des Gesangs¬
2260 1733 3230 1797 Jahre) eine gesunde Quelle der Unterhaltung und
329 1728 1298 1813 Schnitzler mußte nach allen Aktschlüssen wiederholi
1294 1754 2249 1819 meisters J. Manas, wurde nach erfolgreichem
2260 1754 3231 1830 Belehrung sein. Der Abonnementspreis dieser Kin¬
322 1773 1296 1859 vor der Rampe erscheinen. Ganz besonders gefiel
1298 1800 2255 1860 Probesingen vom Herbst 1911 ab als Opernsoubrette
2260 1791 3235 1868 derzeitung beträgt per Quartal nur K 1.80, ein Probe¬
328 1814 1283 1904 das Bild „Auf dem Glacis“ mit der dramatisch
1304 1835 2243 1899 an das Stadttheater in St. Gallen engagiert. Dies
2265 1841 3229 1897 abonnement auf die ersten fünf Hefte kostet K 1.—.
2265 1869 3232 1933 Probeheft gratis. Abonnements nimmt der Verlag
330 1866 1286 1940 überaus wirksamen Szene Schönbachers und das
1293 1872 2257 1933 ist bereits die vierte Schülerin innerhalb eines Halb¬
2254 1913 3047 1974 sowie jede andere Buchhandlung entgegen.
1301 1911 2246 1981 jahres, welche aus der Gesangsschule Manas Enga¬
324 1911 1286 1985 reizvolle Schönbrunner Bild mit der bewegten
2422 1918 3235 2012 „Das Wiener Theaterelend“. „Ein Lesebuch
1303 1961 1728 2034 gement gefunden hat.
333 1946 1290 2028 Volksmenge. Freilich zeigte sich, daß das Stück für
2263 1976 3230 2046 für das allgemeine Publikum“ betitelt sich eine im
1378 1974 2262 2058 *— Desider Zador, der einstige Bariton
323 1995 1295 2073 eine Bühnenaufführung doch noch mancher Ver¬
2269 2012 3231 2080 Verlage von Franz Schöler, Wien=Döbling erschiene¬
1304 2036 2251 2107 unserer Deutschen Landesbühne, ist nach überaus
326 2043 1298 2117 änderung bedarf. Man hat zum Vorteil des Dra¬
2264 2050 3231 2117 nen Broschüre, in welcher der Verfasser, Schriftsteller
1304 2082 2259 2157 erfolgreichem Gastspiel auf mehrere Jahre und
335 2086 1297 2150 mas im letzten Moment zwei Bilder weggelassen,
2268 2078 3233 2148 Heinrich Müller, die Wiener Theater, Variêtes,
2260 2120 3229 2191 Kabarets, Orpheums usw. kritisch bespricht, den Kampf:
1305 2115 2253 2191 unter glänzenden Bedingungen an die Dresdener
321 2139 1049 2213 darunter das zweite Friedhofsbild.
2257 2151 3241 2225 der Bühnen zwischen „Sein und Nichtsein“ schildert
1303 2173 1885 2251 Hofoper verpflichtet worden.
446 2161 1302 2245 Jetzt erst, nach der ersten Aufführung, die doch
2273 2186 3235 2249 und die Ueberproduktion an Theatern und Bretteln
2270 2216 3252 2284 für das Theaterelend mit verantwortlich macht. Die
1480 2213 2261 2282 — Leo Falls erfolgreiche Novität „Das
337 2226 1295 2290 mehr den Charakter einer Generalprobe hatte, wer¬
2265 2260 3239 2319 Broschüre, die um den Preis von 50 h von dem ge¬
342 2261 1299 2327 den Dichter und Direktor wissen, wo die Operations¬
1312 2267 2257 2335 Puppenmädel“ wurde bisher von nicht weniger als
2262 2285 3242 2353 nannten Verlage bezogen werden kann, wird alle
347 2302 1296 2386 schere inzusetzen ist. Denn für einen Theaterabend
1314 2316 2076 2394 112 Bühnen zur Aufführung erworben.
2265 2334 3244 2396 Theaterleute und das Theaterpublikum interessieren.
341 2352 1303 2416 ist der „junge Medarus“ zu lang. Er leidet ins¬
1411 2361 2264 2432 2.— Die Ehe der Frau Odilon. In Wiener
339 2389 1322 2472 besondere an der Ueberhäufung dramatischer Mo¬
1307 2395 2276 2478 Künstlerkreisen verlautet, daß Frau Odilon die
337 2438 1301 2502 tive, welche die Handlungen wiederholt zerreißen.
2271 2408 3239 2523 Klub deutscher Rünstlerinnen, Postg. 7.
1316 2448 2268 2514 Scheidung ihrer in Ungarn geschlossenen Ehe mit
336 2483 1306 2560 Das Liebesdrama und die historische Darstellung
2283 2488 3252 2553 900 Skioptikonvortrag Prof. Julius Leisching.
1312 2493 2268 2566 Bela Pecic anstrebe. Der Grund ist Eifersucht
2279 2543 2359 2582 254
344 2532 1302 2603 des Kriegsjahres 1809, sowie die Detailausfüh¬
2276 2535 3249 2604 205& Muhamedanische Kunst. Samstsg 26. d. M. 6 Uhr.
1294 2543 2268 2627 und Verschwendungssucht des Pecic. — In Ver¬
2331 2572 3246 2641 e Sitzkarten für Mitglieder 1 Krons, Nichtmitglieder
348 2573 867 2660 rung ist viel zu eingehend.
1310 2584 2281 2646 tretung der Frau Odilon stellt Dr. Emil
3091 2599 3250 2669 13886.
464 2602 1310 2679 Im allgemeinen war es ein Ehrenabend für
1313 2626 2919 2689 [Frischauer in einer Zuschrift an die Wienere## 2 Kronen, Stehplatz 1 Krone.
339 2649 1316 2718 die österreichische Literatur und für das Burg¬
1312 2664 2269 2728 Blätter fest, daß es den Tatsachen nicht entspricht,
340 2695 1317 2781 theater. Das Burgtheater hat eine kolossale
1324 2708 2283 2777 daß der Oberste Gerichtshof unter Berücksichtigung
2631 2714 2877 2807 Kunst.
354 2744 1316 2811 Arbeit geleistet. Frau Römoler=Bleibtren
1320 2745 2285 2818 eines Berichtes des Kurators das die früheren Er¬
343 2779 1312 2861 und Herr Balajthy boten wie schon erwähnt,
2450 2777 3258 2858 =er 80. Geburtstag des Professors von
1322 2796 2292 2860 kenntnisse aufhebende Urteil gefällt hat, da aus
344 2818 1312 2899 Leistungen, die sich sehr hoch über die anderen
1318 2832 2280 2896 dieser Fassung hervorgeht, daß der Kurator selbst
2280 2833 3252 2902 Zumbusch. Anläßlich seines 80. Geburtstages wur¬
347 2869 1313 2940 erhoben. Frl. Wohlgemut, eine hoheitsvolle
1327 2872 2278 2950 für die Aufhebung des Urteils eingetreten ist. Es
2281 2870 3253 2941 den dem Bildhauer Herrenhausmitglied Professor
351 2897 1328 2980 Erscheinung, fand für die kalte schöne Prinzessin
1325 2915 2283 2981 geht im Gegenteil aus dem Prozeßakte klar hervor,
2279 2909 3261 2988 Kaspar Ritter von Zumbusch besondere Ehrungen
346 2958 1321 3022 Helene den richtigen Ton und die rechte Geberde.
1335 2960 2285 3029 daß das Eheungiltigkeitsverfahren nicht gegen den
1317 2970 3255 3063 Willen des Kurators eingeleitet und durchgeführt zuteil. Zunächst sandte der Kaiser ein außerordent¬
365 2997 1312 3077 Ein würdevoller Herzog war Herr Hartmann.
1317 2995 3260 3126 wurde, und Dr. Frischauer hat in der mündlichenlich herzliches Glückwunschtelegramm. Weiters be¬
2287 3044 3271 3124 glückwünschten den greisen Künstler die Verfassungs¬
444 3038 1245 3140 Der Thronfolger bei der Premiere.
1310 3085 2284 3149 Verhandlung vor dem Oberlandesgerichte, bei wel¬
2291 3090 3263 3159 partei des Herrenhauses, die Wiener „Concordia“,
829 3107 1299 3199 Wien, 24. November.
1326 3127 2286 3202 cher der Kurator als Berufungsgegner erschien, in
2292 3148 3288 3201 Ministerpräsident a. D. Dr. von Koerber, die —
437 3174 1321 3245 Nach dem dritten Aufzug erschienen der Thron¬
1342 3170 2278 3247 entschiedener Weise gegen diese Haltung des Kura¬
2281 3169 3278 3251 Wiener Akademie der bildenden Künste, Erzherzogin
367 3219 1332 3295 folger Erzherzog Franz Ferdinand mit Ge¬
2285 3210 3252 3283 Marie Therese, Ministerpräsident Baron Bienerth,
1339 3229 1832 3299 tors Stellung genommen.
2288 3250 3257 3332 Bürgermeister Dr. Neumeyer, sowie zahlreiche
362 3259 1325 3326 mahlin und der Herzog von Württemberg in
1488 3247 2280 3334 — Eine interessante Uraufführung findet
2297 3290 3270 3372 Maler und Bildhauer im In= und Auslande,
1323 3312 2287 3385 Mitte Januar in New York statt. Direktor
353 3320 618 3395 der Hofloge.
2296 3353 3261 3424 Bühnenkünstler, Schriftsteller, Architekten, Kunst¬
1331 3353 2286 3423 [Savage hat eine Operette von zwei Wiener
2300 3394 2788 3473 gewerbetreibende u. v. a.
1336 3398 2277 3473 Autoren, und zwar Alexander Engel und Alex¬
457 3391 1334 3472 7.—. Neues Theater. Heute Freitag wer¬
2377 3416 3256 3498 8.— Ausstellung schwedischer Künstler in Prag.
1335 3443 2284 3514 ander Landesberg, erworben, die in erster Be¬
370 3455 1335 3529 den Arthur Schnitzlers mit so außergewöhnlichem
2299 3465 3266 3546 Am Samstag, den 26. d. M., eröffnet die Künstler¬
1338 3481 2291 3561 setzung und mit großer Ausstattung in Szene gehen
371 3496 1338 3568 Beifall aufgenommene Einakter „Marionetten“
2297 3510 3277 3582 vereinigung „Manes“ in ihrem Pavillon unterhalb
1335 3525 2288 3601 wird. Das Werk betitelt sich „Die rote
366 3533 1331 3626 („Puppenspieler“ „Der tapfere Kassian" und
2295 3547 3274 3618 des Kinskygartens eine große Kollektiv=Ausstellung
1348 3564 2284 3639 Mühle“, die Musik stammt von dem amerikani¬
377 3581 1330 3666 „Zum großen Wurstel“) als 37. Ab.=Vorst., 1. S.
2295 3584 3268 3657 der schwedischen Künstlerschaft. Die Kollektion zählt
1353 3611 2286 3683 schen Komponisten E. Lüders, dessen Werk „Der
2302 3621 3273 3697 über 200 Werke und enthält die hervorragendsten Re¬
375 3624 1340 3705 zum erstenmale wiederholt. — Morgen Samstag
1343 3654 2294 3735 Prinz von Pilsen“ vor kurzem in Amerika die vier¬
2292 3660 3274 3731 präsentanten der schwedischen Malerei und Bild¬
375 3673 1341 3749 wird als 38. Ab.=Vorst., 2. S. „Banadietrich“
1624 3696 1668 3732 e1
2305 3696 3270 3769 hauerei. U. a. von Behm W., Bergman O., Berg¬
1346 3699 1994 3779 hund ertste Aufführung erlebt hat.
378 3718 1345 3779 Sonntag als 39. Ab.=Vorst., 3. Serie „Rigo¬
2297 3736 3271 3807 ström A., Bergström S., Bernhard=Oesterman G.,
1492 3755 2292 3820 — „Die Hermannschlacht.“ Aus Dux wird
379 3753 1357 3833 letto“ in der bereits mitgeteilten Besetzung
2307 3772 3272 3843 Björck O., Boberg F., Fahlerantz A., Fjaestad G.,
1351 3793 2291 3861 uns geschrieben: Auch die sonntägige Nachmittags¬
2301 3814 3275 3884 Hallström G., Hedberg E., Hesselbom O., Hjortz¬
365 3814 588 3901 gegeben.
1346 3831 2291 3904 vorstellung dieses nationalen Bühnenstückes erzielte
472 3816 1334 3925 7— Landestheater. Samstag gelangt Her¬
2308 3845 3282 3919 berg O., Kallstenius G., Larsson C., Linberg E.,
1353 3870 2292 3932 ein vollständig ausverkauftes Haus. Der stürmische
2302 3889 3279 3960 Milles C., Norlind E., Oesterman E., Schultzberg A.,
376 3880 1347 3950 mann Bahrs „Konzert“ Sonntag als XVI.
1347 3906 2300 3968 Beifall gab den Beweis, daß das Spiel ausgezeichnet
2308 3921 3281 3995 Svedlung P., Wallander A., Zorn A — Ausstel¬¬
383 3918 1342 4002 volkstümliche Vorstellung „Familie Schimek“
1347 3942 2297 4020 klappte und das Stück allgemein gefiel. Daß Fräulein
2305 3962 3274 4042 lungsstunden 9—4. Entrec 1 K, Vereinskarten 60 h,
385 3975 1350 4046 mit Max Pallenberg als Zawadzky zur Auf¬
1341 3982 2291 4049 Hedi Richter und Herr Schröpfer, welch letz¬
2305 4022 2596 4080 Katalog 60 h.
1354 4016 2293 4086 terem ein Kranz mit schwarz=rot=goldener Schleife
386 4038 600 4106 führung.
2395 4029 3276 4105 2— Die Schwarzweißtechnik findet mehr und
1352 4054 2307 4122 überreicht wurde, sowie auch sämtliche übrigen Dar¬
479 4049 1354 4130 2.— Gastspiel Max Pallenberg. Infolge des
2303 4082 3274 4151 mehr Eingang in den Künstler=Kreisen und ganz besonders
1360 4090 2307 4156 steller sich ihrer Aufgabe tadellos entledigten, ist
389 4108 1354 4185 stürmischen Erfolges, den Max Pallenberg am
2307 4113 3260 4182 auch bei denen, die für industrielle Zwecke sich betätigen.
1745 4131 2297 4188 Der Theaterverein steht mit
1360 4144 1689 4203 selbstverständlich.
2308 4158 3257 4204 Man denke an die effektvollen Plakate, welche die Schwarz
405 4155 1350 4220 vorigen Sonntag als Zawadzky in „Familie
1680 4167 2298 4228 #S  verTeng)
