3436 4320
279 141 1467 245 22. Derjunge Medardus
1621 131 2077 235 box 27/3
508 1271 1706 1367 offenkliche Meinung in den Veteinigten Staaten vernurft mit!
1760 1311 2877 1399 Großbritannien weiß dies, das britische Imperium
513 1335 1687 1422 einer Art von Entsetzen jede Solidarität mit Europa und den
1677 1363 2875 1469 weiß es; wir bereiten uns zu der Konferenz von
511 1385 1692 1453 anderen Kontinenten, sie hat den Sinn für die inter¬
1683 1433 2881 1510 Ottawa vor. Europa weiß es; und obgleich unglücklicher¬
507 1433 1687 1521 nationale Gegenseitigkeit verloren, svenn sie
1678 1470 2877 1570 weise keine Einigung zwischen den vier Großmächten auf
509 1473 1693 1573 ihn je besessen hat. Machen wir ihr keinen Vorwur' daraus,
507 1537 1684 1613 denn es ist vielleicht nicht der Fehler Amerikas. Seit fünf¬
510 1585 1684 1654 zehn Jahren erscheint ja Europa vor der Neuen Welt nur mit
504 1632 1692 1692 ausgestreckter Hand als Bettler, und wie sollen unter solchen
1851 1614 2661 1749 Kupon Nr. 24300.
504 1668 1684 1754 Bedingungen Beziehungen wirklicher Gleichheit, wirklicher
503 1717 1687 1799 Gegenseitigkeit aufkommen? Nur allein die Wieder¬
1731 1704 2820 1811 Für Anfragen an den Briefkasten der Sonntags¬
505 1776 1689 1860 aufrichtung der ökonomischen, politischen
1732 1788 2808 1873 rubrik „Kosmetische und Gesundheits-Rundschau“ der
502 1817 1697 1918 und moralischen Würde Europas ist imstande,
1709 1856 2805 1914 1 „Neuen Freien Presse“ ausschneiden u. beifügen.
501 1852 925 1930 sie uns zu bringen.
506 1969 1686 2045 hätte.“ Noch einmal wollte er ihr Rätsel lösen, ein Oedipus,
1685 1983 2862 2084 hoffe, in andere zu gehen.“ Und es stünde ihm an, der
2862 2007 3325 2085 die keine andere ist
505 2019 1682 2101 der um alle tragischen Zusammenhänge im voraus weiß und
1684 2030 2536 2123 Nachwelt mit diesen Worten vorzugreifen.
2859 2060 3364 2122 Prinzen von Valois, der
509 2071 1687 2153 doch sich nicht entzieht, weil die Zeit dies Opfer von ihm
2856 2102 3365 2179 in den Tod getrieben hat
1759 2106 2856 2188 Aber auch Schnitzler, zumal im „Jungen Medardus“
498 2124 1683 2205 zu fordern scheint und weil auch die göttlichen Ideen wie
2847 2148 3366 2219 zärtlich=lügübrer Motive,
1675 2137 2853 2232 darf dies von sich sagen; denn dieses Werk, in dem ein
502 2170 1686 2243 die alten Griechengötter recht eigentlich von Opfern leben ...
2847 2182 3352 2271 aber doch eine Art Chopit
1677 2204 2844 2287 nur scheinbar privates Schicksal sich mit einem großen
502 2226 1686 2298 „Steht freilich ein großes drohendes Fragezeichen am Himmel
2852 2238 3342 2315 ist es keine Romantik 6
1685 2254 2849 2331 geschichtlichen Hintergrund zu einem Bilde Oesterreichs ver¬
507 2264 1680 2336 des nahen Ostens“ heißt es in jenem Briefe weiter: „und
2858 2287 3350 2355 hundert Jahren, sondern
1679 2293 2853 2375 webt, hat etwas Allgemeingültiges, und heute mehr als vor
501 2305 1685 2384 ihm entsprechen Armeen von Tanks Riesengeschwader von
2843 2339 3359 2409 Vorzeichen, die schnitzleri
1683 2345 2850 2422 zwanzig Jahren. Was dazu kam, ist die Perspektive des
495 2347 1676 2423 Flugzeugen, jederzeit dazu bereit, Wolken von Miasmen über
2839 2378 3353 2442 herauspräpariert. Aus n
1674 2386 3344 2485 Weltkrieges die gewisse arlstophanische Züge des satirisch drang? Wohl auch aus
489 2394 1682 2487 das alte Europa zu verbreiten, wie schon jetzt die geistigen
1682 2436 2849 2508 gesehenen Wiener Wesensbildes deutlicher hervortreten läßt.
491 2443 1671 2520 Bakterien dieses drohenden Grauens die Welt in Fieber ver¬
2844 2471 3216 2544 der sich letztlich
1682 2489 2848 2562 Wien im Kriege, das ist ein Thema, über das sich auch
492 2490 1683 2578 setzen. Inzwischen aber gilt es noch ein paar Atemzüge in
2850 2508 3363 2588 Dichterischen für diesen
1678 2533 2843 2606 scherzen läßt, und Schnitzler meinte es ernst genug, um sich
503 2557 1673 2620 attischer Luft, und es gilt noch die alte Kunst, die aus
2848 2559 3350 2632 auch die Ehrfurcht vor
1679 2575 2853 2663 diese Scherze erlauben zu dürfen. Sein Medardus, „dieses
499 2595 1686 2665 den Entsagungen und Verzückungen des Individuums und
2845 2606 3357 2681 verbindet. Medardus lebt
1680 2624 2846 2696 Krieges letzter und seltsamster Held“, wie es von ihm in
490 2640 1677 2712 nicht aus den Entfesselungen des Kollektivums geboren
2851 2656 3290 2723 als ein Held, um so
1680 2673 2840 2748 einem zusammenfassenden Wort der letzten Szene heißt,
499 2685 1680 2768 ist.“ Hier spricht ein Direktor, der ein Freund der Dichter
2842 2687 3365 2777 flissentlich verschmäht. A
1682 2731 2856 2788 erleidet, ob er nun der typische Oesterreicher ist, was viele
487 2744 1674 2810 war, weil er selbst ein Dichter war. Die Höhepunkte der
2844 2746 3342 2821 er seine Geliebte, die er
1677 2761 2851 2841 nicht werden wahrhaben wollen, oder nur eine Spielart des
490 2779 1671 2854 Direktion Wildgans', auf die wir heute an einem frischen
2838 2782 3340 2867 des Kaisers geworden zu
1680 2811 2854 2895 Oesterreichers, in jedem Falle ein wunderlich österreichisches
496 2833 1672 2907 Grabe bewegt zurückblicken, liegen denn auch ganz im
2844 2830 3367 2915 man einen Dolch, mit den
1664 2855 2845 2929 Schicksal. Er hat die beste Absicht, ein Held zu werden; aber
496 2880 1669 2954 Dichterischen. Das Geschäft war seine Sache nicht, und
2845 2888 3350 2953 Galaempfanges in Schön
1666 2899 2852 2993 das „Leben“, um das zu Beginn dieses Jahrhunderts die
487 2916 1672 3003 konnte es, nach Wildgans' ganzer Artung, auch nicht sein.
2837 2921 3314 3007 man dem verhafteten M
1670 2955 2843 3027 Spekulationen unserer Dichter kreisten, läßt es nicht zu.
491 2975 1668 3036 „Das Geschäft des Burgtheaters ist es eben, kein Ge¬
2833 2974 3362 3061 seinen Oheim, den Satt
1667 2995 3355 3083 Der Selbstmord seiner Schwester zuerst, später ein Chren= ließ, mit, daß er frei sei,
501 3019 1671 3092 schäftstheater zu sein“, sagt er selbst in einem letzten, an
1670 3041 3354 3131 handel, der sich aus diesem Selbstmord folgerichtig ent= zu sehen wünsche. Was a
498 3068 1665 3146 seine vorgesetzte Behörde gerichteten Briefe. Ein ungebrochener,
1669 3082 2846 3179 wickelt, halten ihn davon ab, gegen Napoleon ins Feld zu
482 3114 1673 3178 weil nicht zu brechender Idealismus redet aus diesen letzt¬
2846 3109 3352 3206 fanatiker, wie sein Schöpf
1680 3137 3339 3223 rücken; und wenn schließlich Napoleon, der in dieser seinen Ohm zu rächen,
490 3153 1674 3232 willigen Worten. Mag sein, daß er heute etwas zeitfremd
1675 3182 2827 3262 Historie das Schicksal verkörpert, Wien einschließt und
496 3201 1677 3286 berührt. Dann könnte auch dieser große Lyriker, der seine
2836 3210 3349 3288 besteht auf seiner Erschieß
1661 3236 2842 3309 Medardus unter den nun Eingeschlossenen ist, so hat dieser
2841 3257 3353 3331 meisterhaft gewendeten le
491 3240 2830 3354 Gedichte wie ein Rhapsode las, stolz von sich sagen, was leichtsinnige junge Held nur den einen Wunsch, daß die Stadt
2842 3301 3357 3377 funden sein könnte, wenn
488 3293 3325 3442 Grillparzer gesagt hat: „Ich komme aus anderen Zeiten und fallen möge, damit er zu seiner Geliebten gelangen könne, wäre, entschleiert sich e
1091 3370 1194 3439 450
1502 3373 1678 3438 sg
2438 3391 2494 3447 9
2826 3393 3111 3468 CIRDERA·
