3392 4256
4 1587 64 1647 bot
235 1155 364 1220 nt dar¬
240 1200 370 1268 Stun¬
219 1250 369 1313 er Zeit
224 1298 371 1358 der Er¬
233 1340 374 1404 steigen¬
225 1437 367 1499 Arthur
237 1489 371 1546 darum
232 1532 358 1603 Mund.
263 1582 363 1632 von
225 1615 370 1673 Ueber¬
216 1661 373 1718 kelleicht
216 1702 379 1760 ur ein
224 1746 373 1818 Launen
218 1816 375 1900 ungen
228 1882 374 1948 nitzlers
242 1924 324 1980 Ehre
211 2014 308 2065 Grun
209 2054 351 2124 ismus
218 2115 359 2203 Helden¬
217 2183 357 2249 Mund
228 2230 357 2291 Tage,
225 2272 358 2331 ft das
232 2310 355 2369 nicht
209 2358 364 2416 Pas ist.
207 2401 348 2458 de for¬
215 2447 345 2503 renzen
215 2491 327 2545 Immer
223 2536 342 2598 1 pro¬
202 2791 346 2867 erschen
217 2854 360 2927 phiert,
353 134 1515 248 22. Derdardus
1686 154 2119 250 box 27/2
809 861 902 931 1
2707 875 2784 954 W
810 938 2005 992 überall, wo die Geister der Ironie und der Melancholie sich ver¬
2025 946 3231 999 Leichenrede. „Das kann in solcher Zeit ein Ehrenname sein wie
815 975 2002 1034 mählen. Kein Wunder aber auch, daß sie bisher noch immer vor
2022 985 3241 1055 ein anderer“, antwortet ihm der Vertreter der bonapartischen Autovi¬
816 1018 1600 1091 den Aufgaben der Tragik versagen mußte.
2033 1028 3228 1099 tät. Das Leben ein Spiel: eine Weisheit, die zur Stunde nicht
2029 1070 3229 1157 befriedigen mag, zur Stunde, da echtes Heldentum kein Wort, sondern
2028 1110 2622 1181 Leben und Wirklichkeit bedeutet.
844 1108 2001 1190 So waren auch die Hände des Dichters nicht stark genug, um
816 1169 2005 1222 einen großen historischen Stoff zu packen. Die Erhebung des
2067 1163 3229 1232 Vor allem jedoch raubte man im Lessingtheater, auch wohl dem
815 1192 2006 1279 Jahres 1809 gegen Napoleon trägt das Heldentum des jungen
2026 1207 3237 1287 Gebote der Stunde gehorsam, dem Werke das Beste. Schnitzler
813 1251 1998 1310 Medarbus aufwärts, nach Treitschkes Zeugnis das schönste Jahr
2021 1249 3225 1328 hat rein technisch die Dreite seines Stoffes nicht bewältigen kön¬
807 1303 2000 1361 der österreichischen Geschichte. In angeheurer, figurenreicher Breite
2031 1299 3226 1352 nen. Aber die lokalen Episoden bringen die frischesten Farben
811 1341 2000 1388 soll das Bild einer ganzen Stadt aufgerollt werden. Zwei Lebens¬
2023 1334 3224 1415 ins Bild. Episoden, die zum großen Teil gestern gestrichen waren.
815 1389 2004 1454 kreise stehen im Vordergrunde, von der Welt abgrundtief geschieden,
2018 1381 3221 1462 Sie bedeuten zumeist keine Komplimente für die Wiener, für ihren
800 1431 1993 1476 vom Drama allzu gewaltsam verknüpft. Aus dem Kleinbürgertum
2026 1425 3219 1495 Mangel an Ernst, für ihre Sucht, im Gewaltigen noch die Zer¬
812 1468 2001 1516 stammt der frische Student Medardus, eines Sortimenters Sohn.
2030 1469 3218 1546 streuung, die „Hetz“ zu suchen. Aber auch sie sind die Herzens¬
801 1513 1996 1579 Zur höchsten Aristokratie gehört die Familie des französischen
2019 1522 3218 1591 entladung eines guten Wieners, wie Schnitzlers „Weg ins Freie“
804 1565 1997 1624 Emigranten und Thronprätendenten, des Herzogs von Valois. Als
2023 1554 3216 1621 die Erleichterung eines getreuen Juden darstellte. Von der Folie
809 1590 2002 1647 Medardus eben ins Feld rücken will, den Franzosen entgegen,
2020 1602 3213 1673 der Spießbürger hebt sich ja deutlich genug der österreichische
800 1646 1993 1701 ertränkt sich seine Schwester Agathe mit dem jungen Sohn des
2015 1642 3218 1727 Märtyrer, Meister Eschenbacher, ab, der scheinbar kühle, von keiner
2018 1683 2510 1753 Phrase benebelte Patriot.
805 1686 2003 1748 vertriebenen Herzogs, weil er sie nicht heiraten darf. Nun bleibt
803 1732 1991 1798 Medardus in Wien, um der Selbstmörderin seltsame Rache zu
2051 1736 3219 1808 Im unbarmherzigen Rampenlichte erschienen gestern die Szenen
802 1778 1991 1827 bereiten. Die hochmütige Prinzessin Helene, des Herzogs Tochter,
2020 1778 3223 1861 im Emigrantenkreise doppelt grell, schmerzlich theatralisch. Eine
804 1814 1988 1884 soll Agathes Schande teilen. Das tolle Unterfangen gelingt, aber
2016 1816 3218 1902 Romanfigur wie die Prinzessin Helene, so primitiv als Vampyr
802 1862 1987 1916 nur zur Hälfte. Wohl erobert der Student, durch ein Duell in
2015 1861 3210 1943 charakterisiert, verlor zudem durch die Streichungen allmählich jede
804 1901 2000 1976 seiner Haltung legitimiert, das Bett einer jungen Fürstin. Doch
2016 1909 3222 1987 Fühlung mit dem Publikum. Seltsamerweise lag gerade hier der
803 1957 1990 1998 von nun an ist sein Entschluß, anfangs so spannkräftig, gelähmt.
2012 1963 3216 2012 schauspielerische Gewinn des Abends. Denn Lina Lossen trotzte
797 1993 1984 2043 Als ein Verliebter wird er der Prinzessin hörig, und sie verwirrt
2017 2003 3207 2092 ihrer Natur die erstaunliche Fertigkeit ab, eine ausgesprochene
796 2038 1998 2099 sogar seinen Plan, Napoleon zu töten, indem sie verlangt, daß er
2016 2034 2722 2104 Durieux=Rolle vortrefflich zu spielen.
796 2086 1989 2136 die Tat im Interesse ihres Hauses vollbringe. Aber auch die Prin¬
2042 2084 3202 2180 Kälte bei wildem Blut mit Hochmut gepaart: so beherrschte sie als
798 2127 1993 2196 zessin, die Judiths Tat an dem Franzosenkaiser erproben will,
2013 2148 3212 2215 eine Starke die schwächsten Szenen des zerflatternden Dramas. Sie
792 2171 1996 2225 erliegt einer lähmenden Gewalt. Sie wird Napoleons Geliebte,
2015 2184 3201 2246 hatte eine doppelte Hemmung zu überwinden. Denn ihr Partner
797 2218 1993 2273 und Medardus ersticht sie mit dem Dolche, der für den Eroberer
2009 2231 3207 2295 konnte ihren Eifer fürwahr nicht beflügeln. Der Medardus des Herrn
798 2248 1986 2322 Wiens geschliffen ist. Im Kerker winkt ihm die Befreiung. Helden¬
2006 2271 3203 2352 Theodor Loos war nämlich ein Kopfhänger, ein Dekadent, ein
804 2306 1987 2350 tum und Narrentum wirbeln durcheinander, und einen Augenblick
2004 2314 3206 2401 Nervenbündel ohne jenen Fonds von Jugend und Frische, der allein
803 2344 1983 2407 lang glänzt Peter Schlemihls Nimbus um das Haupt des jungen
2015 2365 3201 2440 Schnitzlers Mängel bätte ausgleichen können. Für Meister Eschen¬
788 2382 1984 2448 Studenten. Denn Helenes ursprüngliche Absichten gegen Napoleons
2011 2398 3194 2481 bacher wäre wohl Kayßler der rechte Mann gewesen, der nun in
794 2418 1974 2490 Leben sind entdeckt worden, und Medardus muß sich fast als
2009 2449 3187 2521 barscher Wucht Napoleons Stellvetreter auf den Brettern sein mußte.
804 2463 1980 2529 Erretter seines Todfeindes feiern lassen. Er rafft sich aus den
1993 2500 3197 2570 In den Bürgerszenen erwarben sich Ilka Grüning, Abel und
798 2517 1984 2585 Verlockungen auf und schreitet freiwillig, als sein eigener Ankläger,
1998 2539 3185 2603 Herzfeld Verdienste. Aber die Stimme der Stadt Wien, der
795 2564 1425 2620 vor die Gewehre der Franzosen.
1995 2584 3190 2669 eigentlichen Heldin des Schauspiels, konnte Barnowskys Regie nicht
828 2606 1972 2674 Schnitzler war nicht gut beraten, als er dieses Werk gerade unserer
2006 2628 3182 2705 heraufbeschwören. Sie schien ihre beste Kraft bereits in er zweiten
783 2651 1972 2701 kriegerischen Gegenwart anvertraute. Im Anfang, beim Auszuge
1994 2684 3181 2755 Szene, beim Abschiedsfest der ins Feld rückenden Freiwilligen, aus¬
782 2702 1970 2765 junger Soldaten, klingen zwar Töne an, die jedem Zuhörer jetzt in
2000 2704 2334 2783 gegeben zu haben.
3011 2736 3154 2795 M. J.
789 2739 1980 2796 vertrauter Melodie schwingen. Aber der leise Zug zum Spiele¬
781 2787 1974 2845 rischen ist uns nun verdächtiger als in friedlichen Tagen. „Gott wollte
2039 2810 3179 2875 „Friedrich, Kronprinz von Preußen“ ein geschichtliches
777 2833 1977 2894 ihn zum Helden schaffen, der Lauf der Dinge machte einen Narren
1985 2855 3190 2943 Schauspiel von Emil Ludwig, wurde vom Deutschen Theater
781 2884 2259 2942 aus ihm“, so hält sein bester Freund dem Studenten Medardus die I angenommen.
