3344 4224
1540 125 1983 230 box 26/5
210 121 1421 249 22. DenjungeMedandus
389 1114 3308 1192 dem die beglaubigte Historie berichtet, daß er Kanonen in seinem beruf, der ihm höher dünkt als alle Menschlichkeiten; unerschüttert hübsche Dekoratione
382 1172 3316 1237 Hause vergraben hielt, hat hier nur verbotene Landkarten versteckt durch Schicksalsschläge, tastet er sich durchs Leben, ein Blinder, einen stimmungsv#
392 1219 2753 1281 und wird erschossen. Medardus hai ein neues Lebensziel: der nichts von der Welt sieht und nur den Weg fühlt.
2914 1235 3306 1300 Szenerie des Schlo
394 1276 1673 1351 er will Napoleon, den Urheber aller Greuel, er¬
1756 1279 3306 1350 In diesem Stück mit dem Bunterlei von hundert Gestalten, szenen auf der Bas
384 1310 1231 1389 morden, eine völkerbefreiende Tat
1221 1313 3278 1382 tun. Aber auch Kostümen, großen Worten, Taten und Herzensromanen fragt man Das Volk von
389 1375 3290 1433 dieser Vorsatz wird ihm durchkrenzt. Die Prinzessin von selbstverständlich, ob Schnitzler, der Dichter, jenes Eigenste, was repräsentiert, die
391 1418 3252 1487 Valois, die mit dem Haß ihres königlichen Geschlechtes den wir an ihm lieben und verehren, auch genügend zum Ausdruck bevölkerte das
391 1468 3314 1526 Franzosenkaiser aus dem Wege räumen will, hat den Plan des bringt. Liest man das Buch, das noch viel umfangreicher als das waren unzählige R#
391 1523 3310 1597 Medardus für ihre Zwecke zu nutzen gesucht. Indem sie ihn gespielte Drama ist, dann findet man manche feine Stelle darin, auch, die bloß vor
386 1563 3312 1610 beredet, Napoleon zu töten, bricht sic seinen Willen; bis dahin manches Bildnis und Gleichnis, manches Profil, das eigenartige Einzelleistungen wag
397 1610 3308 1684 stand er mit seiner Tat allein, nun sollte er ein Mordwerkzeug Züge verrät. Auch die Gedanken über Sterben und Vergehen können spielte Herr Gerasch
382 1650 3290 1726 für andere sein. Die Prinzessin hatte selber die Ermordungschnitzlerisch sein. Betrachtet man das Stück ganz allgemein, das Stück war, und man k#
378 1711 3312 1784 Napoleons beabsichtigt; eine zweite Judith, wollte sie ihn in vor allem, dann findet man, daß der Komödienmeister Schnitzler hier Persönliches er die
382 1766 3308 1813 einer Umarmung töten. Aber sie wurde nur seine Geliebte. Das stärker war als der Dichter. Nurstärker, nichtstark. Denndiese Handlung sich bescheiden, den
383 1810 3312 1876 bringt einen Sturm im Innern des jungen Medardus hervor. zerfällt in Bilder, die sich nach Belieben schieben lassen; es ist Bestreben, die knalg
382 1859 3298 1910 Im Schloßhofe zu Schönbrunn, wo das Volk sich drängt, um kein komponiertes Gemälde, nur ein Panorama. Auch die Haupt= Gefühlsmomenten z
387 1911 3309 1961 Napoleon zu sehen, hat sich auch Medardus eingesunden. Viel- siguren sind viel verschwommener als die Nebenfiguren; dieser schien wirklich nur
384 1947 3292 2008 leicht wird er den Mordstahl doch in die Brust des Tyrannen Medardus ist ein robuster Vetter von Hamlet. Er faßt Ent= Worte im Munde
391 2005 3313 2072 senken; da sieht er plötzlich die Prinzessin Helene die Treppe zu schlüsse, ohne sie auszuführen, seine Taten, die er tun will, sind scheiden, wann der
393 2056 3309 2095 den Gemächern des Kaisers hinausschreiten, und sinnlos vor größer als er. An diesem inneren Zwiespalt scheitert er. schreckte. Unvergeßl
389 2092 3290 2160 Eifersucht und Wut, tötet er sie. Er wird eingekerkert, doch es Wohl geht er zum Schluß in den Tod, trotzdem er sich von Valois, das
391 2138 3307 2228 winkt ihm Befreiung: man hat Beweise dafür gefunden, daß durch ein Wort befreien könute. (Die Historie scheint dem herrlichkeit. Das gib
385 2200 3304 2251 die Prinzessin gegen Napoleon einen Mord im Schilde führte, Dichter recht zu geben. Ein solcher junger Mensch existierte.) Helene wurde von
383 2244 3313 2327 und indem Medardus sie tötete, ist er unbeabsichtigt der Retter des Aber dieses entschlossene Sterben hat nihts mehr zu besagen; im herben, adligen Kr#
392 2291 3300 2342 Kaisers geworden. Der junge Mann aber weigert sich, Gnade zu Gegenteil: dem Charakter des Medardus schiene es fast ent= einflößt. Sieht man
384 2342 3313 2418 empfangen; er brauchte nur zu sagen, daß er nie mehr nach sprechender, wenn er sich wieder besänne. Sein Sterben ist bloß wirkenden um, dan
388 2382 3300 2444 Napoleons Leben trachten wolle, und kann in den Schoß der ein dramatischer Schlußpunkt. Der tragische Witz des Geschehens treuen Etzelt, den
392 2433 3307 2503 Familie zurückkehren. Vergebens flehen ihn Mutter und Brüder gibt dem Stück das eigentliche Relief. Das ist Schnitzlers starker einer tiefen, verha
385 2489 1548 2545 au: er will sein Wort nicht geben und muß nun sterben.
1634 2481 3242 2553 Einfall, daß dieser junge Medardus einen Napoleon töten wollte sam wirren,
498 2543 3301 2603 Hier vertetten sich Schicksale, die scheinbar sernab von und, durch eine heiße Leidenschaft verwirrt, sein Retter wird. Er des Herrn Arndt, d
382 2586 3301 2652 einander liegen, abe doch durch allerlei Fäden zusammengehalten hatte versucht, den Helden in einem Drama zu spielen, und kam Mutter des Medard
376 2640 3299 2699 werden. Tat steht gegen Tat. Die Wirkungen und Spuren, die in ein fertiges Stück, wo ihm nur die Rolle eines Narren zufiel. bacher (Herr Valajth
387 2688 3306 2757 das Stück Schnitzlers hinterläßt, sind nicht im bunten Aufputz zu Dieses Schicksal ist aus dem Melodram herauszuheben. Es Kauz (Herr Straßn
384 2739 3313 2811 suchen, in dem Lärm, der Not und dem Jammer der Wiener hat Kraft genug, für sich allein zu stehen. Aber es ist eingebettet die Reihen der Jung
386 2777 1672 2864 Franzosenzeit, sondern in dem wundersamen Zusammentressen
1655 2784 2916 2842 in eine Anzahl anderer Schicksale, die nur ein Ungefähr bedeuten.
2901 2785 3294 2862 Devrient, Heller, d
1656 2830 2916 2882 Man könnte also vieles in dem Werte Schnitzlers missen, zumal
381 2844 1656 2899 zwischen der Prinzessin von Valois und dem jungen Bürgers¬
3009 2836 3295 2912 Es gibt viel
392 2882 2902 2947 sohn, die beide von einem anderen Fühlen und einem anderen die Handlung nicht geradeaus ihren Höhenpunkten zustrebt,
2908 2883 3311 2964 Stück. Was zurückb
374 2939 2909 3002 Wollen beherrscht sind und ihr Leben gegenseitig ausspielen. Das sondern immer wieder zurückfällt, immer von neuem einzusetzen
2905 2946 3297 3006 wöhnlich viel mehr
387 2984 2900 3039 Schicksal des Medardus ist ein bürgerliches, das der Prinzessin scheint. Es wird gewissermaßen Illustrationsmaterial zusammen¬
2902 2986 3316 3069 Dichters mitgenomm
388 3026 1662 3086 ein königliches. In ihr verkörpert sich der Zusammenbruch eines
1647 3025 2302 3109 getragen: ein Stück in Stücken.
2893 3035 3303 3103 tiefe Erkenntnis des
383 3059 1669 3139 historischen Prinzips. Die wertvollste Figur des Dramas, die ein¬
2895 3086 3312 3169 geraten. Fünf Stu
381 3134 1674 3192 drucksvollste und tiefste, ist der alte blinde Herzog von Valois,
1748 3134 3298 3203 Die ungemein schwierigen szenischen Aufgaben, die dieses Publikums auf eine
382 3175 3301 3258 der ein Asyl in Wien gefunden hat und nun ##n dem Wahn be= Schauspiel der Bühne stellt, sind vom Burgtheater mit einem Massen- und rauschender Apy
387 3217 1321 3279 fangen ist, seinem Geschlecht den Thron Frau#¬
1368 3225 3313 3299 der zu er= aufgebot von darstellerischen und technischen Mitteln gelöst worden. Aktschlüssen vor den
384 3271 1290 3347 obern. Hier wird eine Welt für sich erschie
1344 3273 3311 3345 Träume, Die Drehbühne arbeitete prompt, und während fünf Stunden Erfolg war warm,un
376 3319 1267 3403 sein Hoffen werden genährt, er hat den
1372 3328 3313 3412 #n Königs=wechselten die Schauplätze immer wieder. Man konnte einige wohnt, kam in diese
