3296 4256
1468 188 1934 272 box 26/5
161 186 1332 299 22. Der junge Medandus
654 1141 1867 1204 geschildert in ihren aufrechten Gestalten, aber auch in den
72 1158 647 1221 romes in grausamer Wahr¬
649 1186 1861 1253 Typen der Feigheit und Erbärmlichkeit, unter dem Donner
82 1200 630 1280 zum ersten Mal aus seiner
647 1230 1863 1283 der Kanonen Glück und Unglück von Aspern und Wagram
657 1278 1863 1339 verfolgt hat. Napoleon residiert in Schönbrunn und Wien
67 1279 643 1356 fark und ergreifend die Kon¬
656 1310 1869 1378 seufzt unter den harten Geboten des Belagerungszustandes,
67 1332 640 1393 nHandlung zusammenballt,
656 1358 1865 1422 die den wackeren Eschenbacher, da er in standhafter Liebe zum
112 1380 650 1428 seinen Genossen fort, er
663 1409 1860 1464 Vaterland und in der Hoffnung auf kommende, bessere Zeit
83 1415 653 1484 die sich ihm in seiner zer¬
664 1448 1867 1507 ihnen zuwiderhandelte, auf dem Sandhaufen unter der Salve
69 1456 641 1519 Auf dem Friedhof, um eine
656 1491 1868 1551 der Exekution sterben lassen. Sie weckt den Medardus aus
62 1504 643 1568 die Alltäglichkeit des anteil¬
669 1532 1865 1597 seinem lethargischen Zustand; das Vaterland blutet aus tau¬
70 1557 650 1616 krührt dem Herabsenken der
654 1578 1858 1632 send Wunden und in den trauten Kreis seiner Lieben reißt
72 1595 651 1652 der Liebenden in die deckende
664 1614 1875 1680 die fremde Willkür unausfüllbare Lücken; er wäre ja nicht
86 1642 649 1700 scheint die Prinzessin, des
662 1651 1875 1721 der Medardus, dem das Blut nicht siedete, da er sich entsühnen
82 1683 645 1743 eSchwester, um ihrem toten
651 1687 1878 1765 will mit einer einzigen, großen Tat, Tat an Stelle der Un¬
86 1711 655 1779 gen. Medardus weigert ihr
662 1744 1876 1815 männlichkeit, Freiheit groß zu handeln an Stelle der Liebes¬
101 1762 664 1831 daß nicht Agathe noch im
659 1791 1866 1852 fesseln eines Weibes, von der er sich mit Ekel abgewandt,
97 1810 652 1867 die die Lebende ins Grab
661 1837 1872 1900 da sie ihm den Mordstahl gegen Napoleon als Henkersknecht
82 1866 647 1914 egen hinüber, der hinzu¬
661 1878 1876 1948 im Dienste der Valois in die Hand drücken wollte. Ihm
79 1895 655 1952 unmehriger Träger der An¬
662 1928 1875 1990 gehört der Entschluß, ihm die Ausführung, die Welt zu be¬
75 1945 655 2004 kiert die Beleidigung gegen
675 1963 1868 2029 freien, sich zu entfühnen. Da dringt das Gerücht zu ihm, die
81 1995 655 2048 enstoß in die Brust des Me¬
660 2012 1867 2075 Prinzessin sei die Geliebte Napoleons und habe ihn genarrt,
91 2034 656 2094 Jüngling aus seiner Bahn.
665 2051 1867 2125 und als er sie die Treppe des Schönbrunner Schlosses zum
81 2072 657 2131 n Blumen auf das Lager
667 2089 1874 2170 großen Empfang beim Kaiser hinaufschreiten sieht, da zuckt
84 2115 649 2177 eißen Entschluß entflammt,
667 2160 1882 2207 er den Stahl und sie fällt als Opfer seiner unbezähmbaren
82 2163 661 2228 siegt ihren scheinbar so un¬
674 2184 1867 2246 eifersüchtigen Liebe. Die Zeit der Abrechnung mit sich naht;
79 2211 665 2260 AAnforderung — was ist ge¬
666 2219 1873 2290 im Gefängnis tut sich ihm die Freiheit auf, man hat entdeckt,
81 2236 658 2307 n. der sie den Marquis zum
667 2269 1872 2327 daß die Prinzessin dem Usurpator nach dem Leben trach¬
84 2288 654 2346 Verstellung einer flammen¬
670 2309 1868 2367 tete, und aus Medardus, dem Verschworenen gegen den Kaiser
76 2331 660 2396 is mit wichtigen Aufträgen
670 2348 1874 2415 ist sein Retter geworden. Er aber stemmt sich gegen Freiheit
79 2374 655 2438 erlobt sie sich mit ihm und
674 2403 1871 2461 und Straflosigkeit, bekennt sich fest zu seinem Vorsatz und
80 2414 652 2476 künftigen Verheißungen sich
681 2434 1875 2504 stirbt an der Mauer wie der gemordete Eschenbacher, während
77 2469 662 2529 ber wirft sich dem Jüngling
676 2486 1885 2547 der eherne Mund der Wiener Gotteshäuser den Frieden ein¬
104 2499 663 2566 Kein plötzliches Auflodern
674 2522 1874 2592 läutet — „als dieses Krieges letzter und seltsamster Held“.
82 2546 659 2612 nheit eingegeben, ein furcht¬
753 2570 1876 2628 Die Folge der dramatischen Begebenheiten, — zum Be¬
93 2589 665 2648 will die Prinzessin besitzen
673 2607 1872 2676 griffe des Dramas mangelt ihm die Straffheit des äußeren
87 2634 654 2693 use, dem künftigen Königs¬
672 2656 1875 2714 Aufbaues — stürmt gewaltig auf den Hörer ein und es ist
100 2676 659 2752 schleudern; Rache und Ver¬
683 2695 1888 2763 nicht möglich, sich ihrem Banne zu entziehen. Aber der Dichter
682 2742 1880 2807 hat sich zu viel zugemutet, da er es unternahm, die großen
90 2741 666 2816 Verlobungsfeier die Diener¬
678 2791 1889 2853 Begebenheiten des Jahres 1809 darzustellen, in sie hinein des
74 2798 660 2866 älden Gedankens voll mitten
682 2810 1897 2897 jungen Medardus Leben und Sterben zu verknüpfen und end¬
73 2850 666 2914 krzt, da erstarrt er unter den
681 2866 1885 2932 lich den Gedankenflug von Vergeltung und Königtum der
90 2883 670 2951 ß, sie bändigt ihn mit Blicken
679 2900 1894 2976 Prinzessin von Valois im Kreise ihres Anhangs in die Ge¬
84 2936 672 2994 r, begleitet von dem leichten
690 2954 1894 3021 schehnisse hineinzustellen. Das ergibt unvermeidliche Ab¬
83 2979 669 3041 nt er das Feld. Und wieder¬
690 2999 1895 3064 irrungen, und wie der junge Medardus von einem Wirbel
82 3023 677 3074 ndet nicht den Pfad, der ihn
676 3045 1890 3096 in den anderen gerissen wird, so wird auch Schnitzler unter
93 3065 665 3135 führen soll; statt dessen lodert
683 3078 1896 3145 der Fülle des Stoffes und dem Wechsel der Probleme weiter¬
94 3112 666 3170 er Untreue gegen sich selbst.
686 3117 1900 3195 getrieben. Kleinmalerei und Episoden, wie zur Charakteri¬
78 3149 673 3220 m Altar seiner beschimpften
683 3174 1894 3237 sierung des Wiener Bürgertums oder zur liebevollen Schil¬
101 3200 669 3257 hat ihm Herz und Willen
685 3209 1889 3280 derung des Geistes der Treue und ehrlichen Gesinnung im
108 3233 676 3301 windet er sich in seiner
682 3250 1900 3327 Hause der Frau Klähr, oder endlich die Komödie der Höf¬
93 3273 672 3354 lte, hassen müßte, Niederlage,
697 3311 1892 3377 linge um den blinden Herzog von Valois, die im seine an¬
100 3325 464 3389 Hand zu haben.
682 3339 1909 3427 geblichen Prätendentenrechte aufgeführt wird, s alles trägt
87 3352 674 3434 beiße Fahne flattert von den
98 3411 1928 3477 Viener Bevölkerung, prächtig zu einer Verzettelung der Kraft des gestalte. en Dichters;
1871 1122 3091 1186 wie des aufnehmenden Hörers bei. Die bedenkliche Ver¬
1881 1164 3080 1234 flachung in der Mitte der Handlung wird aber zu rechter
1871 1209 3096 1278 Zeit durch kraftvollere dramatische Belebung gegen das Ende
1869 1264 2066 1336 abgelöst.
1950 1278 3095 1362 Die Vorstellung war ausgezeichnet; die Dekorationen der
1879 1344 3090 1403 sechzehn Bilder stimmungsvoll und was den topographischen
1873 1381 3095 1452 Teil betrifft, Schönbrunn oder die Wiener Basteien, von
1878 1423 3098 1490 durchschlagender Wirkung; die Riesenarbeit der Inszenierung,
1871 1463 3089 1535 durch Baron Berger und Thimig geleistet, imponierend in
1881 1505 3092 1580 ihrem ruhigen und sicheren Ineinandergreifen, das auch nicht
1877 1575 3095 1618 die kleinste Unebenheit aufkommen ließ. Die Darstellung
1883 1607 3101 1666 war vortrefflich und hielt sich in Anbetracht des massenhaften
1887 1648 3092 1709 Personals auf verblüffender Höhe. Herr Gerasch spielte den
1872 1690 3095 1747 Medardus, der dem toten Kainz zugedacht war; es wäre un¬
1885 1731 3096 1800 gerecht, an den hochbegabten, fleißigen, jungen Künstler den
1878 1775 3100 1837 Maßstab des Entschlafenen anzulegen; er bemühte sich ehr¬
1888 1813 3098 1884 lich und im ganzen erfolgreich, dem inneren Gehalt dieses
1878 1877 3093 1929 zerrissenen Jünglings gerecht zu werden, der die höchsten An¬
1885 1901 3101 1972 sprüche an die Wandlungsfähigkeit der Charakterauffassung
1888 1948 3095 2013 stellt; vielleicht erklärt sich sein Bestreben, das schöne Feuer
1881 1991 3102 2058 der jugendlichen Begeisterung und Inbrunst, das in ihm als
1885 2032 3108 2105 natürliche Flamme loht, deshalb einzudämmen, um den
1891 2072 3107 2141 Übergang zu den Augenblicken der Resignation oder kalten
1883 2122 3108 2181 überlegung leichter zu finden und glaubhafter zu gestalten.
1886 2169 3106 2235 Groß war Frau Römpler=Bleibtreu als seine Mutter, die stille
1884 2218 3102 2271 Herbheit ihres Wesens wuchs im Augenblick des letzten Ab¬
1884 2233 3110 2315 schieds von ihrem Sohn zu einer Verzweiflung, die ans Herz
1909 2291 3100 2359 griff. Aus der Fülle der Darsteller muß die Prinzessin des
1875 2350 3097 2399 Fräulein Wohlgemut mit Auszeichnung genannt werden;
1889 2378 3097 2454 prachtvoll wie immer war Herr Hartmann als blinder Her¬
1890 2420 3108 2490 zog; Fräulein Hönigsvald als Marquise fügte sich verständ.
1895 2470 3113 2531 nisvoll ein, während Fräulein Hofteufel als Kammermädchen
1884 2517 3111 2565 der Prinzessin in unangebrachter übertreibung aus dem
1898 2558 3109 2621 ernsten Rahmen des Ganzen heraustrat. Herr Treßler cha¬
1896 2607 3107 2656 rakterisierte rührend als Geschäftsführer der Frau Klähr und
1904 2636 3115 2711 Freund des Medardus den uneigennützigen Helfer und Be¬
1902 2681 3102 2746 rater, der in seinem Opfermut seiner eigenen Seelenwunden
1898 2726 3109 2790 nicht gedenkt, und Herr Reimers sprach als Adjutant Napo¬
1901 2764 3117 2831 leons seine Rolle ruhig und erhaben, erhaben über das Schick¬
1897 2808 3113 2878 sal dieser Kleinen im Vergleich zu dem Gewaltigen, den er
1896 2853 2999 2928 vertrat, und dessen Schatten über dem Ganzen lagerte.
2642 2889 3091 2955 Dr. Hans Hartmeyer.
