3344 4224
235 66 1329 187 22. DenjungeMadanan
994 1302 1072 1389 Ur
842 1311 921 1392 333
953 1374 1129 1452 beherd
793 1432 1040 1513 Kon-MOnIT
909 1485 1017 1560 Grea
747 1530 1156 1625 füs- Aastalig Anschrichten
772 1625 1144 1719 Konkordiaplutz 4
514 1854 1356 1988 Osterr. Volks Zeitung. Wies
540 2005 982 2102 2.5 NOV 1910
473 2151 1434 2322 (Theater und Kunst.
552 2305 1476 2370 Burgtheater. Die mit Spannung erwartete erste
490 2345 1488 2404 Aufführung der historischen Tragödie (Der junge
481 2402 1480 2453 Mebardus“ von Artur Schnitzlerslerzielte gestern
492 2446 1482 2506 ein tiekgehendes Interesse Von S X8 Publikums.
485 2492 1485 2546 Obwohi durch das Drama kein einheitlicher Zug geht und
486 2528 1487 2581 das dämonische Haß= und Liebesspiel des Helden und
493 2572 1483 2622 seiner Partnerin das Publikum manchmal stutzig machte,
488 2612 1492 2677 erzielten Stück und Derstedung doch einen Erfolg, der sich
491 2659 1492 2717 besonders stürmisch in der ersten Hälfte des Dramas
487 2700 1486 2758 äußerte. Im Anfang dankte dre Regisseur Herr Thimig
484 2750 1479 2805 für die freundliche Aufnahme, später wurde Schnitzler
486 2789 1475 2839 selbst durch zahlreiche Hervorrufe ausgezeichnet. Am
487 2832 1480 2883 stärksten wirkte die Friedhofszene, dann die Liebesszene
492 2871 1487 2932 im Garten des Herzogs von Valois, die hochdramatische
491 2923 1477 2970 Szene, in der Eschenbacher zum Tode geführt wird, serner
484 2969 1479 3022 die Basteiszene und das dramatisch bewegte Bild vor
493 2994 1478 3057 dem Schönbrunner Schlosse. Es gab auch tole Punkte
481 3054 1479 3106 und retardierende Momente, an denen wohl auch der
488 3090 1489 3144 häusige Szenenwechsel Schuld trug. Die Schlußszene
486 3132 1499 3179 im Kerker ist zwar mit großer dramatischer Kraft geführt:
485 3169 1483 3219 doch das Zuviel, die grausame Seelenmarter der Mutter
493 3228 1471 3284 und die in dieser Situation unbegreifliche Selbst¬
493 3258 1485 3311 zerstörungswut des Helden, weckten vielfach Bedenken.
500 3314 1476 3371 Der Beifall war auch am Ende des Stückes noch ein
499 3353 1481 3408 sehr starker. „Das Stück endete erst gegen ½12 Uhr.
503 3397 1483 3456 Ueber sei Qualitäten, sowie über die Darstellung
500 3437 1486 3482 sprechen wir an anderer Stelle. — Der Vorstellung wohnten
503 3476 729 3540 Er
833 3487 1478 3556 3 Ferdinand mit Gemahl##
1292 3528 1412 3587 V. Ch.
478 3503 1202 3588 und Erzherzog Karl Stephan bei.
1874 68 1949 151 77
2583 1439 2983 1529 Telephon 12.801.
2045 1576 2778 1678 „ODSENVEN
1869 1660 2960 1729 1. österr. beh. konz. Unternehmen für Zeitungs¬
2089 1709 2771 1781 Ausschnitte und Bibliographie.
2051 1762 2823 1841 Wien, I., Concordiaplatz 4.
2287 1829 2603 1901 Vertretungen
1883 1878 2983 1927 in Berlin, Brüssel, Budapest, Chicago, Cleveland, Christiania,
1885 1936 2978 1978 Genf, Kopenhagen, London, Madrid, Mailand, Minnespolis,
1884 1965 2965 2023 New-Vork, Paris, Rom, San Francisco, Stockholm, St. Peters¬
2286 2008 2584 2058 burg, Toronto.
2228 2043 2641 2109 Quellenangebe ohne Gewähr.)
1875 2081 2934 2198 Ausschnit-awfa
1855 2157 2186 2252 #. R.16%
1882 2224 2044 2278 vom:
2367 2274 2845 2368 ###V 100.18.
1981 2425 2523 2531 Wiener applaudiren
2266 2513 2754 2607 ihrer Verspottung.
1995 2625 2752 2726 „Der junge Medardus“ findet eine
2121 2695 2615 2773 glänzende Aufnahme.
2031 2794 2746 2863 Wien, 24. Nov. — Im Burgtheater
1993 2844 2729 2904 ging heute vor ausverkauftem Hause die
1989 2875 2740 2945 Erstaufführung von Arthur Schnitzlers
1989 2919 2749 2978 neuer dramatischer Hisförie „Der junge
1992 2969 2735 3021 Medardus“ über die Bretter. Das an
1987 2998 2744 3075 diehterischen Schönheiten reiche Stück fand
1981 3032 2731 3103 eine glänzende Aufnahme, obgleich es eine
1976 3098 2738 3136 blutige Satyre auf das typische Wiener¬
1996 3133 2742 3188 thum bildet. Die Darsteller wurden bei
1981 3161 2745 3247 jedem Aktschluß unzählige Male gerufen!
1972 3222 2700 3278 [und der Dichter erhielt eine Ovation.
