3344 4352
1509 97 1958 187 box 26/7
183 116 1368 204 22. Derjunge Nedandus
817 863 2523 940 408  Ludwig Hirschfeld: (3#3434333134 3343 38321
818 937 1880 988 eine blendende Erscheinung verfügt, an diesem Abend
820 965 1876 1031 mit einem Schritt in die erste Reihe der Burgtheater¬
819 1012 1881 1071 künstler. Ein starker anhaltender Erfolg war nicht vor¬
817 1049 1881 1107 auszusehen. Wie aber in Theaterdingen immer alles
829 1094 1855 1127 anders kommt, als man meint, wird der „Medardus“
821 1137 1875 1184 jetzt vor ausverkauften Häusern gegeben und erweist
832 1171 1877 1237 sich als der stärkste Erfolg, den das Burgtheater seit
820 1202 1231 1256 langem gehabt hat.
865 1229 1869 1303 Die übrigen Burgtheater=Ereignisse sind nicht allzu
822 1279 1873 1323 schwerwiegend. Um das Andenken des toten Kainz zu
816 1315 1874 1366 ehren, wurde ein Dramenfragment „Saul“ aus seinem
822 1358 1874 1419 literarischen Nachlaß zur Aufführung gebracht. Das
826 1399 1876 1460 Drama des jüdischen Volkes, das, durch innere Uneinig¬
814 1442 1873 1488 keit und durch äußere Bedrängnis in eine verzweifelte
822 1477 1877 1535 Lage geraten, seine Errettung von einem gottgesandten
824 1517 1871 1566 König erhofft. Das Fragment ist stellenweise von großer
815 1556 1876 1604 theatralischer Wirksamkeit, der Einfluß Kleists, Schillers
823 1601 1872 1648 und Hebbels ist nicht zu verkennen. An einem Ein¬
821 1636 1864 1689 akterabend gelangten zwei kleine Stücke des schweize¬
826 1679 1876 1735 rischen Dichters I. V. Widmann zur Aufführung, und
817 1720 1869 1778 beide, sowohl das liebenswürdige spartanische Lustspiel
820 1764 1861 1810 „Lysanders Mädchen“ wie die Renaissanceplauderei „Der
813 1795 1867 1871 greise Paris“ machten einen überaus anmutigen Eindruck.
1930 2159 2493 2256 ce Wnmde::
1868 2304 2492 2363 Josefine Ritzinger in der Volksoper
1919 2343 2442 2384 „Quo radis“ von Jean Rongues.
1865 2369 2503 2432 Nach einer Aufnahme von L. Gutmann
2098 2403 2271 2460 in Wien.
1909 2447 2486 2523 Die Leistungen der Hofoper
1865 2501 2493 2562 darf man heuer mit keinem stren¬
1870 2545 2483 2598 gen kritischen Maßstab messen,
1868 2590 2502 2649 denn sie befindet sich jetzt in dem
1875 2624 2492 2674 Übergangsstadium von Wein¬
1859 2664 2494 2721 gartner zu Gregor. Die einzige
1873 2696 2486 2754 interessante Novität war die
1871 2743 2494 2799 musikalische Pantomime „Der
1862 2773 2486 2824 Schneemann“ des elfjährigen
1861 2824 2493 2875 Erich Wolfgang Korngold, ein
1868 2859 2492 2911 überaus reizvolles kleines Werk.
1865 2896 2491 2949 Um in das Haus der geliebten
1867 2931 2165 2988 Colombine zu
2164 2937 2480 2999 dringen, stellt
1867 2975 2478 3020 sich Pierrot statt des wirklichen
1859 3016 2487 3063 Schneemanns vor dem Fenster
1858 3059 2479 3110 auf, dringt ein, Pantalon fällt
1859 3093 2497 3145 vor Schreck um, und Colombine
1857 3126 2485 3192 wird von Pierrot entführt. Die
1860 3167 2494 3224 Musik ist nicht minder naiv, aber
1858 3211 2476 3260 voll entzückender Einfälle. Sie ist
1855 3254 2479 3301 dabei überaus scharf charakte¬
1182 3287 1237 3338 —
1864 3291 2475 3346 risierend und von verblüffender
1856 3329 2475 3383 technischer Reife. Erich Wolf¬
1865 3370 2476 3428 gang Korngold ist ohne Zweifel
1092 3354 1778 3443 e Mue
1859 3400 2477 3459 ein außerordentliches, großes
1863 3443 2481 3503 Talent, und man kann ihm nur
805 3429 1841 3494 „
1851 3478 2483 3538 wünschen, daß ihm Zeit und
879 3496 1785 3552 Paula Müller als Franziska in „Minna von Barnhelm“
1105 3515 1572 3585 am Deutschen Volkstheater.
1859 3515 2496 3592 Muße gelassen werde, ungestört
