3344 4224
276 51 1435 174 22. DenlungeMadandus
1289 573 1630 668 Telephen 12.501.
925 670 1645 822 SSFRNPR: —
736 803 1480 889 SCA, I., Conoordiaplats 4.
938 848 1276 926 Vertrelungen
533 892 1647 984 in Berlin, Basel, Budapest, Chicago, Cleveland, Chrietlunte.
544 933 1643 1028 Oenf, Kopenbagen, London, Madrid, Mailand, Minnespet,
530 980 1635 1074 New-Vork, Paris, Rom, San Francisco, Stoskholm, B. Ped#s¬
932 1033 1252 1089 burg, Toronto.
855 1058 1317 1142 Tenodenangabe ehne G.
519 1106 901 1186 Ansochnitt aus:
665 1170 1708 1300 2.5 NMn16 Post, Sarajevo, Bosnien
509 1245 699 1352 3
542 1366 1696 1535 Ain noner grosser Frtolg Artur Schntfalurs.
431 1443 1666 1559 Aus Wien wird des heufe telegraphlelt: Gestern land
432 1488 1682 1607 im Hoforrgtheater die Urauffü rung des mit grö ster
422 1537 1659 1652 Spannung erwarteten neuesten Werkes Artur Schnitz¬
426 1583 1663 1721 leis, „Der junge Medardus“ statt. Das Werk hatte
419 1642 1669 1739 schon durch die grandose Ausstattung und Szenerien
423 1691 1671 1807 einen glo-sen äu seren Erfote. Die Pr.mére gestaltete
408 1721 1657 1877 sich zu eisem literarischen und gesellschaftlichen Er¬
421 1778 592 1840 eignis.
605 2321 989 2410 „OBSERVER“
555 2391 1036 2467 I. österr. behördl.
618 2453 978 2530 konzessionirtes
692 2511 905 2586 Bureau
574 2564 1011 2643 für Zeitungsnachrichten
691 2621 898 2683 Wien, 1.
598 2667 1000 2735 Konkordiaplatz 4
1063 2713 1525 2831 25. Mot: 1910
674 2777 1337 2899 Grazer Volksblatt, Graz
833 2864 1194 2957 Abendblatt
1300 2922 1616 3002 — Hoft
400 2928 872 3028 oper engagiert werden
478 3033 1609 3139 Artur Schnihlers neues Drama. Gestern wurde
383 3102 1588 3193 (Der junge Medardus“, das neue Drama Artur
368 3129 1590 3226 [Schnitzlers im Wiener Burgtheater aufgeführt und mit
382 3204 1602 3294 starmiscem Jubel empfangen, trotzdem es eine bittere Satire
382 3253 1596 3354 auf den Wiener Charakter und das Wienerium ist. Der junge
382 3297 1589 3387 Medardus ist ein Feuergeist, der Mann der schnellen, impul¬
382 3350 1581 3430 siven Entschließung, aber nicht der Mann der Tat. Bis zur
383 3402 1591 3482 Tat trägt ihn sein Temperarent, dann aber verlassen ihn
372 3441 1605 3535 Energie und Kraft. Obwohl dadurch der Held fehlt. — da¬
381 3497 1597 3615 der Held kein Held ist, — mangelt es dem Drama nicht a#
380 3542 990 3611 Spannung und Interessantem.
453 3578 1176 3655 Kirchenkansene ##
1593 71 2005 161 box 26/5
2728 1003 3086 1097 Telephen 12.501.
2175 1150 2838 1244 „UDSERT ER
1967 1227 3079 1296 #. Badurw. bebürdl. konz. Unternahmen für Zaltunge-Anoeshnitte
2162 1295 2920 1360 Wien, I., Conoordiaplats 4.
2385 1343 2698 1410 Vertretungen
1976 1379 3082 1449 in Beriln, Basel, Budapest, Chiengo, Cleveland, Cintsttanin.
1986 1444 3083 1483 Oent, Kopenhagen, London, Madrid, Mailand, Minnespolts,
1988 1476 3076 1546 New-Vork, Poria, Kom, San Francieco, Stockhohm, Bt. Psters¬
2383 1515 2690 1572 bunrg, Toronto.
2303 1552 2706 1628 Gnuchenangbe eune Gect
1975 1614 2256 1691 Ausechnitt
2264 1616 2945 1742 Salzburger Volksblatt
2360 1743 2818 1850 . Not. 1910
1968 1756 2053 1830 72
2561 1806 2725 1904 2
2058 1863 3004 1949 Im Burgtheater hat gestern Donnerstag die
1955 1931 3005 1988 Erstaufführung der aus einem Vorspiel und fünf Aefzügen
1967 1972 3013 2012 nit 17 Verwandlungen bestehenden dramatischen Historie
1958 2014 2915 2077 „Der junge Medardus“ von Artur Schuth
2926 2020 2970 2060 *
1959 2041 3003 2108 stattgesunden. Dieses Werk ist vom Dichter schm
1967 2090 3006 2151 en konzipiert, und der intimere Kenner seiner Produktion
1958 2125 2993 2173 wird vielleicht stoffliche Zusammenhängs zwischen dem¬
1957 2165 2997 2210 neuen Drama und einem früheren, dem „Ruf des Lebens“.
1948 2205 3004 2266 entdecken. Hier wie dort hat Schnitzler ein altösterreichischer
1960 2232 3014 2303 Volksstück geschrieben, hier wie dort ist die Stimmung der
1963 2275 3003 2338 hitzige Enthusiasmus einer Jugend, die stets am Rande der
1956 2317 3019 2380 Todes steht, und von Liebesleidenschaft und militärischen
1946 2361 3016 2414 Massenszenen ist die dramatische Atmosphäre dis Ganzen
1947 2400 3015 2469 erfülli. „Der junge Medardus“ spielt in dem Wien vom
1950 2441 3012 2496 Jahre 1809, das zum zweitenmale die Armee Napoleon¬
1949 2485 3011 2541 vor den Toren der Kaiserstadt weiß. Als Repräsentant der
1953 2505 2948 2576 „Wiener Jugend ist von Schnitzler die Hauptperson.
1950 2531 2998 2615 unge Medardus Klähr, gedacht. Seine Schwester Agaths
1941 2589 2987 2636 vertränkt sich gemeinsam mit dem Prinzen Franz von Val¬
1940 2632 2991 2702 ois, dem Sohne eines blinden Herzogs, der in Wien lebt
1910 2664 2988 2730 =zund Ansprüche auf den französischen Thron macht. Das
1903 2710 2977 2770 .uLiebespaar geht in den Tod, weil der Herzog dem Bund
1977 2747 2952 2805 lgathens und Franzens die Zustimmung verweigert.
1912 2781 2993 2836 e0asselbe Wirtshaus an der Donau, wo Medardus und dis
1913 2818 2985 2894 =Uinderen jungen Krieger, ein Abschiedsgelage veranstattens
1910 2860 2994 2926 =öcerden die Leichen gebracht. Von da ab hat Medardus nus
1912 2912 2990 2972 ausch den einen Wunsch, sich an der Sippe der Valois zu
1971 2958 2985 3012 schen. Er verführt Helene, Franzens Schwester, und al
1909 2981 2997 3049 sigeiene dann in Schünbrunn die Geliebte Napoleons wird,
1974 3019 2985 3085 schließt Medardus diesen zu ermorden. Aber anstatt ihr
1904 3063 2987 3120 =oja treffen, ersticht er Helene selbst. Er soll hingerichtet wers
1993 3110 2983 3176 n. Eine Begnadigung wird ihm angeboten, wenn er ver¬
1914 3125 2995 3200 egbricht, dem Kaiser nicht mehr nach dem Leben zu trachten
1909 3167 2991 3239 *Alher er weigert sich, und so wird er füsiliert. Die Tragödi¬
1917 3217 2995 3282 #fordert ein ungeheures Aufgebot, jedes Bild beansprucht
1947 3261 2983 3303 ien riesigen szenischen: Apparat. Ganze Schlachten wer¬
1971 3301 2983 3348 in auf der Bühne geschlagen. Elf Personen werden ge¬
1959 3342 2998 3415 #tet, und ein ganzes Regiment von Darstellern tritt auf
1961 3370 2165 3425 n Plan.
1987 3417 3001 3487 Das Stück, das einige Kritiken als „grobe Historie“ be¬
1966 3438 2896 3523 ichnen, errang einen starken Ersola Schon unch ham
