3344 4224
950 162 1066 238 Me
1550 164 2012 271 box 26/5
230 164 1422 275 22. ber junge undandus
335 1201 3309 1254 um den Kaiser zu Gesicht zu bekommen und für ihren] sitzt. Bei aller seiner Versunkenheit in seiner Liebe zu Helene] Bild der umfänglichen Handlung,
325 1256 3321 1301 Bruder zu bitten. Der Morgen graut und Eschenbacher hat ihn noch der Gedanke aufrecht erhalten, daß sie eine hoch= in seinen vielen Einzelheiten und
335 1293 3327 1408 wird aus dem Gefängnis geführt, um gerichtet zu werden. strebende Frau ist. Wenn sie sich aber zur Geliebten Napoleons epischen Form schreit. Man ersieht au
326 1339 1492 1431 Noch darf er ein Wort mit seiner Schwester sprechen.
1488 1366 3326 1450 hergibt, so ist sie für ihn nur mehr verächtlich. Nun ist er ganz die hier ineinander und durcheinande
336 1394 1494 1467 Aber bald darauf ertönt hinter der Szene eie
1488 1405 2650 1486 frei von ihr. Nun kann er die große Tat tun, die zu tun er
2643 1443 3328 1495 eigentlich „Medardus und Helene
324 1441 1482 1492 Salve und Eschenbacher ist gewesen. „Verstehst du das ...?!“
1484 1461 2646 1535 brennend wünscht. Nun kann er das Werk der Rache vollführen:
2636 1471 3333 1546 Medardus die Hauptperson. Der jun
335 1479 1494 1554 fragt die Mutter Medardus. Und er antwortet ihr: „Es ist nicht
1487 1505 2649 1583 den Kaiser töten. Er ist dazu entschlossen und wartet darauf,
2645 1527 3330 1594 und endet als Held. Abei was dazwi
329 1533 1491 1609 der Mühe wert, zu leben, Mutter!“ Da reitet der Kaiser gerade
1488 1554 2647 1631 bis der Kaiser die Treppe herabkommen wird. Unterdessen aber
2642 1571 3331 1646 und Schwanken eines Stimmungen
332 1579 1490 1655 über die Bastei. Die Leute rufen: „Der Kaiser!“ und laufen
1484 1606 2653 1662 strömen Würdenträger und Vornehme die Treppe hinauf, um
2646 1624 3331 1691 unterworfenen Jünglings. Den Dich
323 1618 1496 1698 näher, um ihn zu sehen. Da sieht die Mutter auf die Kavalkade,
1480 1661 2646 1726 noch zum Empfang zurechtzukommen. Unter ihnen erscheint
2642 1673 3326 1738 Versuchung, historische Lokalbilder Als
318 1663 1498 1735 dann auf ihren Sohn und rust: „Medardus!“ Und wie in
1485 1699 2651 1764 auch die Marquise. Es ist wie eine blitzschnelle Eingebung, daß
2632 1719 3335 1785 bringen, dazu, in einem Verlauf vor
316 1726 1501 1798 plötzlicher Eingebung ruft dieser: „Es ist der Mühe wert, zu
1491 1741 2645 1814 Medardus sich auf sie stürzt und sie ersticht. Er tut es ohne
2634 1770 3326 1826 dem Gegenstand eine dramatische ##
324 1775 1490 1844 leben, Mutter!" Und wieder führt uns der Dichter auf den
1485 1790 2639 1860 Ueberlegung. Und siehe da, wieder hat ihn das ver¬
2631 1800 3316 1879 außerdem Gelegenheit gab, einer sch
324 1823 1486 1885 Friedhof. Sie graben den Eschenbacher ein. Und als alles sich ver¬
1491 1838 2639 1911 fluchte Weib um die Tat betrogen. Er wird gefangen¬
2635 1858 3320 1920 von Personen individuelle Farben
324 1862 1486 1937 laufen hat und nur noch Medardus da ist, tritt Helene auf. Sie
1486 1885 2638 1953 genommen. Im Gesängnis besucht ihn die Mutter. In ihr kaum
2630 1911 3322 1960 ein wirksames Kunststück geschaffen,
326 1908 1488 1984 weiß, was in Medardus' Herzen vorgeht und wie sehr er nach
1478 1932 2636 2008 begonnenes Gespräch kommt der General Rapp im Namen des
2641 1948 3326 2021 Bühne nur durch die Länge der Auffü
330 1960 1491 2031 Rache dürstet. Und die Rache soll den treffen, der auch ihr der
1486 1978 2638 2062 Kaisers, um ihm die Freiheit zu verkündigen. Es hat sich heraus¬
2628 2003 3335 2069 wird. Es ist ein Stück in Stücken, ##
323 1997 1488 2086 Verhaßteste ist, der ihr und ihrer Machtbegierde im Wege steht,
1483 2034 2634 2095 gestellt, daß die Marquise schon alle Anstalten getroffen hat,
2627 2041 3332 2118 aber als Drama zu weitschweifig un
316 2045 1489 2135 den Usurpator. Sie schürt seinen Haß und seine Rachegefühle.
1477 2077 2646 2147 den Kaiser zu ermorden. Das Dazwischentreten des Medardus
2639 2084 3339 2154 nötigen Konzentration. Aus allem lei
321 2089 1486 2182 Aber sie vergreift sich schwer. Für sie hatte dieser Jüngling trotz
1488 2120 2643 2192 hat sie an der Ausführung ihrer Pläne verhindert. So ist
2633 2142 3326 2203 Arthur Schnitzlers hervor, der immer
323 2130 1485 2223 seiner bürgerlichen Herkunft einen eigenen Reiz, jenen Reiz,
1477 2167 2639 2247 Medardus zum Retter des Kaisers geworden. Aber einer Lüge
2627 2184 3323 2246 versteht, auch wenn er schwer zu ##
315 2189 1485 2273 dem die Weiber so oft und so gern unterliegen — sie sah in
1473 2215 2631 2281 will Medardus sein Leben nicht verdanken. Er eröffnet Rapp,
2627 2235 3323 2299 Trotz allen Kürzungen des Buchte
325 2245 1480 2310 ihm den werdenden echten Mann. Aber trotzdem schätzt sie ihn
1471 2264 2643 2326 daß es seine Absicht war, den Kaiser zu töten. Umgekehrt, meint
2637 2281 3334 2347 sind nur zwei Szenen: die letzte d
314 2293 1476 2370 zu tief. Sie glaubt, ihn damit ködern zu können,
1482 2310 2633 2385 Medarbus, die Marquise war die Retterin des Kaisers. Wäre sie
2628 2322 3324 2391 des fünften Aktes) hält unser heut
329 2334 1476 2401 daß sie ihm, wenn die Valois auf Frankreichs Thron sitzen,
1471 2354 2633 2416 nicht gekommen, so hätte er den Kaiser getötet. Rapp geht, diese
2633 2377 3329 2435 fünsstündiges Drama nicht aus. Uebr
324 2372 1482 2454 reichliche Belohnung verspricht. Das bringt ihn zu sich. Wofür
1475 2404 2629 2475 Sachlage dem Kaiser zu melden. Er kommt wieder, Trotzdem
2623 2425 3315 2485 Kürzungen sehr wohl tunlich. Auf
308 2441 1474 2502 hält ihn diese Marquise? Sie hat ihn dazu gebracht, seiner
1468 2439 2626 2522 solle Medardus frei sein, wenn er nur mit E renwort verspreche,
2620 2467 3327 2533 dem Burgtheater ist das Stück w
310 2470 1486 2547 Rache für seine Schwester zu entsagen, und sie mutet ihm zuletzt
1469 2489 2635 2572 nichts mehr gegen den Kaiser zu unternehmen. Aber auch das
2621 2511 3324 2576 Burgtheater hat die fast achtzig reden
319 2518 1481 2607 gemeine Gesinnung zu. Jetzt ist der Zauber gebrochen. Er stößt
1474 2540 2621 2610 verspricht Medardus nicht. Auch für diesen Fall hat General
326 2563 587 2635 sie von sich.
2625 2565 3310 2631 eigenen Bestand geliesert, und man
1473 2590 2624 2651 Rapp seinen Austrag. Medardus muß sterben. Er wird ab¬
2617 2595 3332 2675 nicht allein über viele, sondern über
425 2591 1480 2700 In der ersten Szene des fünften Aktes erfahren wir, daß
1478 2637 2629 2708 geführt. Rapp sagt zu Etzelt: „Mich dünkt, dieser junge Mensch
2624 2657 3324 2722 Schauspieler verfügt. In eine Würdig
320 2670 1483 2739 es mit den Unternehmen des nach Frankreich gereisten Gatten
1473 2691 2628 2760 hätte an anderer Stelle stehen sollen.“ — Etzelt: „Sehr wahr,
2623 2703 3327 2769 zugehen ist kaum möglich. Herr Gera
304 2701 1485 2790 Helenens, des Marquis von Valois, schlecht geht. Die nächste
1468 2726 2637 2813 Herr General. Gott wollte ihn zum Helden schaffen, der Lauf
2622 2758 3321 2817 Er hat schönes Feuer und edle Gebärd
310 2748 1475 2821 Szene führt uns in den Schloßhof von Schönbrunn, wo viel
1467 2780 2632 2847 der Dinge machte einen Narren aus ihm.“ — Rapp: „Dies
2617 2795 3321 2864 Anfang an das fahrige Wesen des I
315 2800 1481 2883 Volk, darunter alte Bekannte, herumlungert, um den Kaiser zu
1463 2827 2614 2894 kann in solcher Zeit ein Ehrenname sein wie ein anderer.“ —
2620 2843 3331 2920 gedrückt werden. Frau Bleibtreu
316 2844 1467 2922 sehen. Alles freut sich des so gut wie beschlossenen Friedens.
1470 2874 2621 2939 Wir hören die Salve. Medardus ist tot und das Stück schließt
2623 2894 3304 2952 des Medardus war über alles Lob.
312 2892 1470 2968 Wir treffen auch Medardus und seinen Freund Etzelt. Medardus
1467 2919 2629 3007 mit folgenden Worten Rapps: „Ich habe den Auftrag von
2615 2941 3326 3009 Frau Wohlgemuth dargestellt.
308 2939 1470 3025 spricht sich rückhaltlos aus. Er war entschlossen, Napoleon zu
1466 2962 2617 3037 meinem Herrn, dem Kaiser, die Mutter dieses Tapfern zu grüßen.
2623 2992 3331 3057 prachtvoll Schönheit, Hoheit und Stolz
305 2988 1471 3066 töten, aber Helenens Reden haben ihm die Hände gebunden.
1459 3007 2625 3086 Es ist der Wille des Kaisers, daß Medardus Klähr mit allen
2613 3032 3324 3094 hört zu den besten Kräften unseres Bu
309 3039 1475 3116 So oder so, wenn er die Tat vollführte, wäre er ihr Werkzeug.
1467 3057 2622 3140 Ehren und in geweihter Erde begraben werde als dieses Krieges
2615 3074 3329 3144 vielen anderen Rollen bis in die kie
305 3073 1467 3160 Etzelt meint, Medardus sei deshalb in letzter Zeit so schwer¬
1461 3102 2009 3169 letzter und seltsamster Held.“
2618 3129 3325 3190 sprüht, ist im höchsten Grade sehenswe
303 3131 1465 3208 mütig gewesen, weil er gehört, daß die Marquise des Kaisers Ge¬
1568 3153 2627 3229 Diese Darstellung des Inhalts des Buches, bei der alles
2615 3169 3299 3246 interessiert bis halb zwölf Uhr aus, s
305 3179 3165 3246 liebte sei. Zwar sucht Medardus zu widersprechen. Doch der Stachel nicht geradezu Wesentliche ausgelassen ist, gibt ein hinlängliches rief zahllosemal den Dichter.
