3392 4320
946 190 1009 260 M
1550 187 2000 279 box 27/2
226 191 1401 282 22 Der junge-Ledardus
564 1187 3204 1241 Salten und Schnitzler selbst vor der großen Metamorphose des Jahres, äußerstem Leben und Sterben, wo die Gier aus den Poren der Ver¬
569 1228 1884 1284 1914 richtig zu sehen glaubten. Auch Medardus Klähr hat zuviel Nerven
1871 1230 3195 1292 wesung duftet) das Schnitzler so oft und gern benutzt. Es gibt empfind¬
577 1271 3190 1311 und zu wenig Faust; hat diese Mimosenseele, die vor der Tat scheus same, heroische und zweifelnde Reflexionen über den Krieg, die ein
578 1309 3201 1379 zurückweicht, sich nur an den Gedanken klammert und in einer fort= prophetisch=dichterisches Gemüt direkt für unsere Zeit vorbereitet zu haben
568 1338 1890 1392 dauernden Wollust des Schmerzes seine Lebensaufgabe sucht und findet.]
1872 1345 3197 1416 scheint: und der junge Medardus ist doch schon fünf Jahre alt. Es flirrt
579 1384 1881 1446 Er hat schon die Waffen in der Hand, um sie gegen die Franzosen zu
1866 1384 3204 1458 von seelischen und historischen Bezüglichkeiten, Notizen, Hinweisen, die
561 1422 1873 1478 tragen. Da geht (in einem flüchtig=wehmütigen Vorschlag zum ersten
1876 1424 3194 1489 alle diese filmkurzen Szenen flüchtig illuminieren. Aber eben nur
563 1465 1881 1520 Akkorde des Stückes) Agathe, des Medardus Schwester, Christine
1879 1472 3194 1517 flüchtig! Ohne den Vortänzer einer fesselnden Persönlichkeit als Mittel¬
557 1505 1866 1562 Weirings Ahnfrau mit ihrem adeligen Liebsten, den sie nicht haben soll,
1880 1507 3185 1568 figur (Wallenstein, Götz, Florian Geyer) bleibt der Reigen der Ereignisse
565 1541 1880 1601 in den Werther=Tod: und Medardus denkt wienerisch=egoistisch statt groß¬
1875 1545 3193 1594 und Gestalten hier ein Schattenspiel. Viel Prätension, wenig
562 1589 1873 1635 zügig=vaterländisch und beschließt, den Rachestrahl, der die Verderber
1867 1596 3022 1648 Vollendung: man kann dieses Drama nicht anders beurteilen!
557 1625 1875 1677 seiner Schwester (in Wien lebender, französischer Hochadel aus dem alten
1920 1631 3193 1688 Auch die Aufführung, so bunt und hübsch sie vor Svend Gades
559 1677 1864 1731 Kronprätendentengeschlechte derer von Valois) treffen soll, lieber daheim,
1873 1668 3195 1720 primitiven, anmutig=farbenfreudigen Alt=Wien=Dekorationen stand,
565 1700 1871 1758 hinter dem Ofen als im Kriegsfelde vorzubereiten. Aber es wird auch
1870 1700 3192 1777 rang fast in allen Teilen vergeblich mit dem Stoff. Ausnahmen: Herr
571 1743 1863 1798 hier mehr ein Fäusteballen, als ein Auftrumpfen. Der junge Medardus
1874 1751 3198 1804 Landa, der blinde Seher der Valois mit der gräßlichen Gleshelle
568 1785 1870 1849 schleppt (bald unter resignierenden, bald unter raunzenden Randglossen zu
1865 1794 3177 1831 seiner erstorbenen Augen und Frl. Lossen, die „Mademoiselle Satan“
560 1820 3180 1878 der von Napoleon verhängten Drangsal der Wienerstadt) sich und uns der Valois, (weniger Lilie als Orchidee), die mit der Messalina besser
560 1860 3180 1927 durch die seltsam unschnitzlerischen, starren, unelastischen, farblosen fertig wurde, wie jüngst mit der Iphigenie. Auch die Bürger und
562 1903 1874 1960 Szenen. Da er vor allem mit seinem Rachestrahl Helene treffen will,
1871 1904 3176 1974 Bürgerinnen, die mit nicht immer ganz waschechten Dialekten, sonst aber
557 1934 1863 2002 die zynisch=kaltherzige Sphinxtochter der Valois, (mit der sich Medardus
1865 1946 3177 2015 in gutem Wuchs den Prater und das Glacis und Schönbrunn bevölkerten
565 1985 1870 2034 noch soeben, wie Hamlet mit Laërtes, am offenen Grabe seiner Schwester
1866 1993 3172 2049 (Adalbert und Herzfeld, Frau Eberty und Frau Söneland)
560 2024 1865 2081 herumbalgte), so entschließt er sich, statt sie zu hassen, sie zu lieben und
1865 2029 3193 2095 haben ihr Kompliment verdient. Aber Herr Loos (Medardus), hyperss
567 2065 1869 2122 feiert Agathens Leichenschmaus in ihrem Alkoven. Als die schöne Helena
1866 2078 3184 2121 nervös, fahrig, weich, unrastvoll, nahm dieser Gestalt noch den letzten
561 2101 1863 2162 später mit Leib und Seele von dem kleinen Medardus zu dem größeren
1868 2110 3193 2160 Knochen aus dem Gelenk, statt sie durch einen Funken jugendlichen
555 2139 1860 2199 Napoleon übergeht, rafft sich Medardus zwar dennoch auf, mit ihr
1860 2148 3204 2210 Feuers, durch ein gelindes sich Aufraffen, (meinetwegen im Interesse dev###
556 2188 1858 2248 Carmen und José zu spielen und sie auf seinen Dolch zu spießen. Aber
1863 2192 3191 2254 Wirkung über die Absicht des Dichters hinaus), ein wenig zu ent#
564 2224 1869 2284 diese Tat, die wir nach so vielen Worten sehen (und die von klein¬
1865 2230 3183 2289 flammen. Herr Salfner hat gleichfalls nicht den Olympierkopf des
557 2269 1863 2328 zügigem, erotischem Egoismus geboren wird, wo man Akte und Stunden
1855 2255 3193 2330 alten Eschelbacher mit seinen Goetheisch=Beethovenischen Ingredienzien.
561 2306 3180 2357 lang das Aufflammen einer großen, der Zeitströmung identischen Regung Und Herr Abei (der beste Spottvogel der deutschen Bühne), hatte die
551 2349 3181 2409 erwartete), wirkt im Drama nicht als eine befreiende. Wir sind froh, hübscheste Gestalt der figurreichen Galerie zu verkörpern; den getreuen
556 2381 3189 2424 daß wir den Medardus los sind; und wir erkennen diesem wehleidigen, Eckart des Medardus, einen lahmen Buchhändler, der sich von den argen:
556 2423 1858 2485 knochenlosen jungen Mann, (für dessen seelische Zauderpolitik wir viel¬
1863 2433 3181 2473 Menschen ganz auf Geist und Güte zurückgezogen hat. Er hatte auch
552 2468 1861 2519 leicht gerade in diesen Tagen der allgemeinen Aktivität besonders
1868 2466 3176 2524 die klugen, spürenden Augen des hundetreuen Gesellen. „Doch ach, aus
554 2504 1865 2566 empfindlich sind), keinesfalls das Recht zu, für ein anspruchsvolles Werk
1858 2510 2475 2575 diesen Zügen sprach kein Herz!“
2601 2519 3137 2588 Walter Turszinsky.
547 2540 1869 2614 von den Prätentionen des groß angelegten Zeitbildes und der vielfältig
549 2578 1867 2658 verstrickten, psychologischen Schilderung die Verantwortung zu
558 2608 819 2681 übernehmen.
604 2672 1886 2734 In der Tat: dieses Stück, das seinen Dichter aus den Engnissen der
550 2717 1888 2770 Umwelt in die freiere Luftsphäre der Vorwelt tragen sollte (vom Salon
543 2765 1884 2824 zur Ruhmeshalle) stirbt an dem Kleinmaß seines Helden. Der
545 2804 1798 2859 Neurastheniker, — „und im Genuß verschmächt' ich nach Begierde“
545 2827 1870 2896 den das moderne Problemstück so sehr protegierte, ist in der Geschichts¬
545 2875 1880 2940 tragödie nicht am Ort. Die Gestalt, die Geschichts= und Seelenvorgänge,
559 2922 1880 2974 twie der compère einer dramatischen Revue), auf der Bühne zusammen¬
544 2961 1878 3019 führen soll, der ruhende Pol in der buntschillernden zeitbildlichen oder
161 2955 515 3043 lin, 25. Oktober.
549 2996 1873 3054 persönlichen Ereignisse Flucht, muß einen breiten Nacken haben. Hier
169 3027 568 3095 : wir haben uns bei
551 3027 1873 3104 ist, wenn irgendwo im Drama, am Anfang die Tat!! — Ich muß nicht
231 3068 554 3129 „Der junge
550 3068 1865 3131 sagen, daß die Musik der Schnitzlerschen Szene (diese Musik, bei der man
144 3102 549 3167 nden im „Lessing¬
543 3125 1871 3176 ein bißchen die Wehmut und ein bißchen das Lächeln und ein bißchen das
151 3140 553 3207 beiben Absichten, die
550 3160 1868 3206 Gruseln lernt: Haydn und Johann Strauß und Debussy in einem) auch
156 3182 554 3250 Tage der französischen
548 3200 1866 3242 hier in mancher Figur und in mancher Wendung der Begebenheiten das
156 3229 1859 3294 mungsflut dramatisch Wort hat. Man hat diese Töne im Ohr, wo Schnitzler beim Entwurf
168 3274 557 3336 bniederlassende Zeit¬
551 3277 1866 3328 der Gestalt des Falloten und Spionen Wachshuber seine Altwiener
157 3304 550 3373 ist der Dichter stecken
545 3315 1880 3378 zaust, und wo er sie, mit der Episode des gütigen Onkel Eschenbacher,
180 3347 553 3413 von Dichtung und
547 3354 1869 3415 der aus seinem Vaterlandsgefühl so lange nichts her macht, bis er es um
156 3369 538 3450 nantischen Märchens
546 3396 1867 3468 einer Narrheit willen mit seinem Blute besiegeln muß streichelt.
162 3438 1865 3504 us Klähr, der junge Man findet in dem konspirierenden Salon derer von Valois mit dem
172 3476 1869 3540 gedacht so wie ihn blinden, absterbenden alten Fürsten mit der Mutter, die an das Grab
164 3518 1884 3589 nn Bahr und Felix und der Tochtet, die an das Lufthett denkt, jeues Parfüm (zwischen
