3344 4384
975 153 1044 225 M
241 140 1407 270 22 eundandus
1571 170 2031 256 box 27/4
875 751 1011 831 262
1565 762 1911 840 Bühne und Welt.
996 870 2586 958 „Der junge Medardus“ leidet an der Ueberhäufung der Motive, an dem zu großen Reich¬
863 917 2590 1000 tum der Handlungen, die oftmals nicht zum Dorteil der Arbeit durch — wenn auch sehr hübsches
895 970 2582 1040 — Episodenwerk zerrissen werden. Aber gerade die Episoden sind das Wertvollste. In ihnen
872 1010 2579 1104 offenbart sich der Dramatiker, waltet der Doet, der das Leben in seiner ursprünglichen Kraft und
862 1074 2582 1158 Gewalt darstellt, mit wenigen Dinselstrichen Menschen von Fleisch und Blut aus den ver¬
868 1110 2584 1205 schiedensten Sphären und Schichten porträtgetren zeichnet. Nicht sympathisch ist uns die Figur
863 1162 2576 1243 des haltlosen Medardus, von dem der Dichter selbst sagt: „Gott wollte ihn zum Belden schaffen,
858 1209 2577 1310 der Lauf der Dinge machte einen Narren aus ihm." Unmittelbar vor der Premiere hat man
869 1258 2576 1354 eine der schönsten und wirksamsten Stellen gestrichen, die auch viel zum Verständnis des Charakters
868 1299 2573 1399 der jungen Herzogin von Dalois und des Medardus beiträgt, die zweite Friedhofs=Szene, in der
863 1347 2567 1449 die Prinzessin den Medardus als Werkzeng ihrer Pläne zum Mörder von Napoleon dingen will.
865 1412 2565 1486 Es wurde eingangs erwähnt, welche große Summe von Fleiß das Burgtheater für Schnitzlers
860 1446 2565 1536 dramatische Historie aufgewendet hat. Ein hervorragender Anteil dieses Lobes gebührt der Dar¬
850 1496 2577 1604 stellung, aus der die kraftvollen urwüchsigen Gestalten der Frau Bleibtren und des Herrn
853 1564 2565 1643 Valajtr,= die würdevolle Haltung des Herrn Hartmann als Herzog und die edle vornehme¬
858 1599 2562 1702 Erscheinung des Fräulein Wohlgemuth als Prinzessin hervorragten. Man hat es einstimmig
848 1639 2575 1756 konstatiert das Burgtheater hatte einen Ehrenabend, und Schnitzler ist und bleibt der bedeutendste
847 1701 1510 1774 Dromätiker des jungen Oesterreich.
972 1754 2560 1850 Auf der Bühne im achten Bezirke, walche dem Burgtheater an manchen Vormittagen
841 1791 2554 1898 Gastfreundschaft zur Abhaltung von Droben Kwährt, wurde die Komödie „Die Duderquaste“.
841 1856 2558 1946 der jungen Wiener Literaten Ludwig Hipschfeld und Siegfried Geper aufgeführt. Die Autoren.
848 1911 2560 1994 schreiben nicht, wie man von Anfängern erwartet hätte, ein wienerisches Stück, sie ziehen an
854 1947 2565 2023 den Seinestrand. Sie stürzen sich dort in den Sündenpfuhl und plätschern vergnügt in trüben
844 1984 2551 2075 Gewässern. Nur Kokotten laufen auf der Bühne herum, die routinierte, reich erfahrene, und
847 2044 2553 2143 die noch nicht ganz verdorbene,  der immerhin ein ehrliches Gefühl noch aufleben kann. Einen
857 2100 2543 2172 exotischen Prinzen, für den das Heimatland der vielköpfigen Drnastie keine entsprechende Be¬
840 2149 2548 2237 schäftigung hat, schickt man in= Ausland auf Reisen. Die befreundeten Regierungen sorgen für ein
836 2204 2545 2293 interessantes, d. h. den Prinzen sehr langweilendes Programm, das auch Gelegenheit zu Liebes¬
843 2238 2547 2349 abenteuern enthält. Bei einem solchen verliebt sich eine Kokotte in den Prinzen und will sich
838 2300 2539 2375 eben darum gerade ihm versagen. Dier Wochen dauert diese platonische Liebe, und da sie dies
830 2360 2544 2437 zu sein aufgehört hat, verläßt der Prinz auch schon am nächsten Morgen Paris und seine un¬
836 2396 2544 2479 glückliche Geliebte, die nach dieser schmerzlichen Enttäuschung noch schlechter wird als vordem.
836 2442 2546 2534 Die Lehre von der sentimental gedachten, aber amüsant erzählten Geschichte: das Spmbol einer
831 2494 2551 2557 Kokotte ist die Duderquaste, die Schminke. Eine Kokotte darf nicht ehrlich sein, sie darf sich nicht
821 2543 2546 2629 den Luxus des Gefühlslebens erlauben, Gefühle könnten Tränen erzeugen, und die Schminke
820 2583 2540 2667 duldet keine Zähren. Die Autoren stecken stark in französischen Dorbildern. Die Arbeit ist eine
819 2620 2544 2718 hübsche Talentprobe. Die verliebte Kokotte fand in Fräulein Marietta Weber eine prächtige
826 2695 1940 2769 Darstellerin, deren warmer, inniger Ton frmpathisch berührte.
943 2725 2531 2831 Auf der andern Bühne des Herrn Jarno, dem Lustspielkbeater, singt und tanzt
819 2792 2531 2879 wieder Hansi Niese in der lustigen Komödie „Die Jammeipepi“ von Alerander Engel.
822 2834 2523 2929 Die Titelheldin ist ein immer tränenfeuchtes armes Ding, dessen ewiges Jammern und
815 2859 2531 2978 Lamentieren beim Dublikum große Heiterkeit auslöst, ein Geschöpf, das all den vielen Registern
815 2931 2527 2992 des umfangreichen Talentes der Niese reichlich Gelegenheit zur vollsten Entfaltung gibt. Dus
816 2984 2532 3077 Stück ist also mit Humor, drastischer Komik und witzigen Situationen gespickt. Der Antor schrieb
813 3040 2520 3135 auch andere gute Rollen, die von Herrn Gustao Maran, dem schönen begabten Fräulein Malva
805 3082 1858 3155 Rona-und Fräulein Bock charakteristisch gespielt wurden.
933 3129 2531 3231 Im Theater an der Wien regiert jetzt „Fall Nummer zwei“. Wenige Wochen nach¬
808 3173 2514 3277 der Premie seiner Operetee „Dus #upgenmädel“ am Carltheater dirigierte Leo Fall im
819 3226 2516 3324 Theater an der Wien „Die schöne Risette“. Das ist der echte, der rechte Fall, vorwärts¬
813 3268 2518 3372 strebend, sich verbessernd, allmählich die Höhe erklimmend, auf deren Gipfel ihm die Oper winkt.
814 3327 2520 3420 Das Buch der Herren A. Willner und Robert Bodanzkr ist gut und reinlich. Es behandelt
806 3363 2506 3467 die romantische Liebesgeschichte eines schwermütigen Königs, dessen krankes Herz durch die reine
808 3421 2511 3521 Liebe eines Hirtenmädchens gesund wird, ist sentimental und stellenweise humoristisch. Fall weiß
801 3479 2517 3568 aus den ihm im Orchester zu Gebote stehenden Mitteln klug und feinsinnig alles zu holen; eine
808 3523 2507 3621 wunderbare Klangfülle. Das Dorspiel, der größte Teil des ersten Aktes, die Schlußgesänge
798 3575 2516 3682 und die Ensemblechöre sind fast opernhaft. Glänzend verwertet Fall im Finale des zweiten Aktes.
