3392 4480
1482 290 1932 396 box 26/6
885 306 949 379 M
149 311 1332 428 22. Der junge Ledandus
509 1853 1841 1939 hektisch entzünden. Da draußen wo, in der Welt schreiten die
513 1918 1844 1986 Starken, haben Muskel, nicht nur Nerven. Nicht nur heiße,
514 1957 1845 2047 schmale Hände, die nach verliebten Rosen greifen, dieweil ein
514 2002 1838 2095 galantes Intermezzo sie entnervt, sondern Fäuste, um an die Tore
512 2057 1847 2126 einer Stadt, einer Welt zu pochen! Da haben's die Napoleone
86 2100 236 2186 dus.
512 2127 1854 2193 freilich leicht. Auch die im eigenen Lande. Und nun erst der wirk¬
68 2144 488 2242 Zum ersten Male im
509 2153 1850 2228 liche, der echte, der imstande ist, ein so faszinierendes Spektakel
82 2213 231 2276 r 1910.)
510 2214 1847 2287 zu bieten, der als Motor der Ereignisse ein betörendes, sinnauf¬
513 2271 1850 2327 rüttelndes Kaleidofkop rotieren läßt! Dahin wird auch Medardus
84 2256 505 2327 nkuppel des Jahres
507 2314 1846 2371 hineingezogen. Der junge Wiener, kaum geschaffen, anderes zu er¬
112 2316 498 2385 jungen Medardus
507 2356 1851 2428 leben, als den Klang von Worten. Rache, Liebe, Frühling, Tod,
104 2367 498 2437 ungewohnt dimen¬
577 2401 1851 2466 welche Begriffe, angefüllt mit bittersüßem Reiz! Welche Ver¬
87 2414 506 2486 ihn all der Lärm
511 2445 1849 2534 führungen durch die giftigen Früchte einer bewegten Zeit! So
81 2461 505 2527 ndiosen Hintergrund
518 2492 1853 2593 furchtbar konnte auch ein 1809 nicht sein, um den Medardussen viel
95 2513 496 2582 Einzelschicksals hin¬
509 2547 1859 2609 mehr zu schenken, als schaurig=schöne „Abenteuer der Seele" Es
105 2560 498 2630 das Problem des
515 2575 1859 2674 steckt ihnen im Blut; ein halbes Leben lang, in der weichlichen
80 2611 508 2671 ckernden Schwärmers
522 2638 1852 2711 wiener Luft, unter den Sentiments der Annerln und Agathen,
87 2666 508 2730 von so unerhörter
516 2692 1858 2770 aus dem Bücherspind haben sie es eingesogen. Wahrhaftig: es
106 2707 504 2784 es verlohnte, daß
516 2744 1865 2812 scheint mir nicht ohne Bedeutung, daß der Buchhändlerssohn
526 2792 1862 2861 Medardus Klähr seine ganze Jugend just im Resedenduft der
98 2796 503 2887 daß Schnitzler hier
527 2844 1866 2920 mütterlichen Stube und zwischen den schöngeistigen Büchern der
92 2858 514 2926 zu schreiben versucht
522 2904 1375 2988 väterlichen Handlung zugebracht hat. ...
79 2920 509 2983 Stadt. Des Lieblings
645 2910 1866 3007 Der Lauf der Dinge und ihr bezaubernder Klang, er macht
80 2966 512 3036 ntgesegneten, talent¬
525 2980 1859 3060 einen „Narren“ aus ihm. Und beinahe aus der ganzen Stadt.
80 3012 508 3084 sluft des Aesthetizis¬
539 3026 1870 3112 Ruchlos interessante Dinge, fürwahr. Diesen „Klang“ erleben
87 3065 515 3131 em nie der Purpur
1124 3078 1873 3144 „machen sie mit“ die lieben Wiener,
542 3095 1099 3169 sie, die Dinge selbst aber
101 3106 520 3174 i schlägt. Der, un¬
530 3126 1865 3210 alle die vielen, die mehr minder Medardus gleichen. Sie ver¬
87 3156 521 3226 ielerischen Genuß des
538 3170 1865 3275 mögen einen Sieg nicht auszunützen; der Rausch des Wortes
85 3205 526 3274 ythmik, dem Klang
545 3238 1869 3311 „Aspern“ macht sie schon überglücklich. Wie unsern seltsamen
104 3257 519 3326 ohne die Kraft zu
539 3267 1882 3354 Helden, dem schließlich das „Wagram“ seines Lebens, das Ende,
86 3303 533 3369 it er nur zu, ergötzt
535 3321 1864 3415 der Tod, auch nur wieder einen neuen Reiz, einen letzten Vor¬
94 3352 528 3424 auch drohend immer
548 3367 1881 3450 wand zur Selbstbespiegelung, einen ungeahnt schönen Theaterakt
87 3393 451 3469 hiere Gesten und
536 3420 1873 3516 bedeutet. Was immer im Gefängnis er spintisierend von der
86 3455 531 3518 m großen Eroberer,
1656 3462 1881 3528 ihm ist's
559 3482 1586 3551 „reinen Tat“ spricht, die er tragisch fühnen wolle,
99 3501 526 3570 ne Schritt der Welt¬
551 3505 1873 3596 doch nur darum zu tun, in Schönheit zu sterben. Da er sich von
91 3541 526 3616 n Innersten. Oh, er
550 3560 1883 3662 Napoleon zertreten läßt, gibt dieser junge Mann seiner Stadt
83 3594 529 3671 tegorische Imperativ
555 3619 1589 3708 wenigstens ein empfindsames und schönes Beispiel.
102 3644 530 3717 ihn den Tschako auf
669 3646 1890 3732 Ein weiser, gerecht abwägender Poet hat Schnitzler dem
93 3689 545 3762 mmung“ wird ihm
103 3709 1887 3820 sair der Ereignisse ihn! Medardus in Jakob Eschenbacher ein Gegengewicht geboten. Das
1873 1800 3201 1862 ist ein Aufrechter, dieser Sattlermeister, unangekränkelt vom Phäaken¬
1868 1863 3203 1931 geist und unangefochten von der Degeneration, der sein Neffe auf
1861 1903 3196 1968 der „glücklichen“ wiener Insel anheimgefallen. Sicher war er nie
1874 1949 3204 2026 ein „junger Herr“ gewesen, und ich möchte wetten, daß schon sein
1864 1990 3203 2065 Vater nicht erbgesessen, sondern ein Zugereister war. Deutsche
1871 2048 3200 2122 Bauernkraft, wie sie — zu des Reiches Glück, auch aus öster¬
1875 2105 3203 2157 reichischem Boden vollsaftig zu quellen pflegt. Zumal Balajthys
1874 2144 3196 2205 Gestaltungskraft hat in Eschenbachers Bild diesen mannhaft=rusti¬
1878 2181 3208 2269 kalen Zug verwoben; doppelt erschütternd wirkte darum sein Gang
1878 2243 3207 2309 zum Tode, eine Apotheose der Selbstbeherrschung. Und das
1871 2300 3197 2358 Seitenstück: Frau Bleibtreu, echteste Mütterlichkeit, blutend¬
1881 2340 3198 2414 stes Leben. Der Wolterschrei der Natur hat seine Erbin ge¬
1886 2397 2061 2469 funden.
1992 2418 3199 2488 Aber da bin ich unversehens bei der Aufführung, der es
1876 2488 3200 2551 mit zu danken ist, wenn man, nach langer Zeit, wieder einmal
1869 2544 3198 2603 das Burgtheater als unseren kostbaren Besitz schätzen darf. Der
1873 2604 3202 2650 Bourbonenkopf Hartmanns, die Prinzessenhaltung der Wohl¬
1873 2634 3212 2698 gemuth, die geistreiche Strichtechnik Treßlers, die Charakteri¬
1884 2682 3202 2750 sierungskunst Korffs, die feingeschnittenen Medaillons, welche
1886 2722 3206 2798 Herr Arndt und Herr Straßni boten, tauchen mir aus der
1876 2784 3206 2840 Fülle der Gesichte auf. Herr Gerasch war nicht mehr als ein
1880 2824 3207 2902 hübscher Junge und ein wienerischer schon gar nicht. Dennoch
1875 2878 3197 2935 konnte er dem Gesamteindruck einer Tragödie nicht schaden, deren
1888 2933 3196 2994 mannigfache Schwächen, deren zeitweiliges Versinken in Theaterei,
1885 2973 3203 3050 deren Mängel der technischen Konstruktion und Oekonomie nicht
1882 3035 2470 3101 verschwiegen werden sollen.
1999 3050 3197 3133 Wohl aber gerne vergessen und vergeben über dem Fein¬
1883 3120 3203 3193 gehalt dieser Dichtung, die einen nicht geringen Anreiz aus der
1876 3177 3200 3237 ungewohnten Mischung von Biedermeiertum und Tragik, von
1887 3217 3201 3285 Lavendel und Pulverdampf zieht. Wir lieben diesen Poeten, schon
1882 3262 3210 3341 ob der feinen Geistigkeit, mit der er dichterisch=individuelle Züge
1884 3311 3208 3382 in die geläufigste Szene trägt, ob dem Wehmutslachen und der
3085 3363 3211 3422 Und
1896 3362 3084 3429 Wehmutsträne, die das Antlitz seiner Historie überglänzen,
1890 3404 3212 3474 wir lieben beinahe seinen Medardus, der wenigstens den bravburösen
1891 3474 3211 3532 Aufschwung zu einer Tat besessen, wiewohl für sie selbst sein
1886 3513 3202 3566 Wollen so schlank gewesen und feinnervig, wie seine Gestalt. Wir
3107 3560 3206 3637 die
1887 3564 3048 3646 lieben beide, denn in ihnen lieben wir uns selbst, wit
2786 3610 3184 3690 Theodoy Groß.
1885 3616 2333 3695 jungen Wiener!..
