3392 4384
1001 138 1081 210 Me
251 136 1423 248 22 eundardus
1590 154 2031 251 box 27/4
1471 865 1927 953 REVTIES ETRANGERES.
2269 878 2407 955 937
995 943 2400 1035 Les volontaires vont avoir ä se mettre en route, tout à Theure, pour
988 1011 2397 1111 se réunir à T’armée de l’archidue Charles; et nous assistons à une
987 1059 2393 1165 Sulte de rencontres, d’adienx, de discussions politiques et sentimen¬
980 1126 2401 1217 tales, qui achevent de donner à tout ce prologue de la piéce de
974 1182 2399 1279 M. Schnitzler la portée d’une évocation historique infiniment
984 1256 2383 1337 altragante. Mais pendant que Medard recommande à l’un de ses amis,
981 1304 2391 1384 boiteux et forcément retenn à Vienne, de veiller sur les relations de
978 1359 2389 1456 sa scur avec François de Valois, on amène dans le cabaret les ca¬
977 1423 2385 1513 davres d’un jenne couple qui vient de se noyer: et Médard reconnait
975 1474 2376 1566 su chère Agathe et le prince français. Un autre desses amis, précise¬
977 1538 2383 1610 ment, s’est plaint de ne pouvoir pas étre admis dans leur troupe, déja
978 1588 2382 1699 trop nombreuse: Médard obtient de Jui qulil parte à sa place, tandis
977 1648 2375 1758 que Jui-meme restera à Vienne et se consacrera avant tout à venger
969 1714 2371 1820 ln mort de sa schur, viclime de l’orgueil impitoyable du vienx due
967 1769 1631 1856 de Valois et de toute sa maison.
1026 1864 2372 1997 Ainsi setermine un e prologuen dont la représentation ne doit pas
957 1938 2370 2042 durer moins de trois quarts dheure, et qui, malgré cette longueur
954 2007 2374 2095 démesurée, forme à peine la sixieme partie du grand drame nouvenu
953 2060 2362 2160 de M. Schnitzler. Jamais peut-étre, depuis le temps lointain du drame
956 2131 2369 2223 et de T’opéra romantiques, pareil effort de patience n’a été exigé d’un
947 2191 2362 2277 public allemand; etiln’y a pas jusqu'au Cromweli de Victor Hugo, on
951 2244 2354 2324 encore à laversion primitive du Pieil Momme de M. de Porto-Riche, qui
951 2292 2364 2385 ne nous fassent l’effet d’étre des cuvres de dimensions moyennes en
948 2366 2352 2434 comnparaison des 300 pages tassées de cette c histoire dramatique en
946 2413 2361 2501 cing actes précédés d’un prologue.  C’est dire qulil a fallu à T’auteur
940 2475 2357 2574 du Jeune Médard une remarquable possession de tous les artifices du
943 2539 2358 2634 métier dramatique pour assurer à une telle entreprise le succès qu'elle
948 2588 2352 2696 obtient, chaque soir, sur la scène viennoise. Variété des situations et
944 2634 2350 2752 mouvement de T’action, alternatives incessantes de conversations
942 2711 2343 2806 familières, d’élans poétiques, et d’amples et bruyans déploiemens
931 2785 2345 2864 de foules, tout cela est ménagé avec infiniment d’intelligence et
928 2825 2347 2906 d’adresse: sans compter que, dans chacun des tableaux, l’intérêt
930 2884 2331 2981 documentaire des graves événemens qui se déroulent sous nos yeux
928 2952 2329 3046 se renforce pour nous d’une émotion plus directe, produite au moyen
929 3009 2335 3108 de l'un de ces &coups de théätre nquinous révélent, en M. Schnitzler,
928 3059 2325 3158 un digne éleve de notre grande écol- de mélodrame française. L’in¬
920 3122 2330 3206 Juence de Victorien Sardou, notamment, se trahit dans Thabileté
918 3177 2343 3275 avec laquelle le dramaturge allemand réussit à animer et à colorer ce¬
913 3250 2339 3346 qu’on pourrait appeler la # figuration „ de sa pièce, entourant ses
