3344 4320
647 84 1239 145 re Pererr AMte
655 123 1469 196 Der sehr verspätete Gedächtnisabend
559 145 1467 242 für Arthur Schnitzler mußte dem Burg¬
566 222 1472 291 theater nämlich erst freundschaftlich abge¬
560 256 1474 339 nötigt werden. Dafür hat man 's uns jetzt
551 306 1464 402 gründlich gezeigt. Uns und Arthur Schnitz¬
550 371 1463 439 ler. Zerknirscht verließ man die Auffüh¬
549 425 1466 514 rung noch vor Schluß. Besseres und
550 454 1196 536 Würdigeres war nicht zu tun.
646 518 1474 585 Welch eine Aufführung! (Der Demon¬
547 551 1471 650 stration zweiter Teil!) Schon diese Flicken¬
543 613 1462 684 und Fetzen=Inszenierung verriet die lieb¬
544 653 1473 759 lose Hand und überdies eine aufreizende
549 706 1460 787 Gleichgültigkeit. Hofrat Herterich hätte als
535 758 1470 839 Regisseur — obzwar er begreiflicher Weise
541 804 1463 889 vom Kleinkrieg des Burgtheaters genug
537 856 1459 940 hat — mehr Proben, ein paar Ueber¬
537 900 1457 974 malungen und einige Besetzungsfreiheit
537 938 1452 1041 fordern sollen. Der Besetzungsschlendrian,
529 999 1450 1087 namentlich bei den kleineren Episoden,
526 1047 1383 1127 macht nämlich erschreckende Fortschritte.
623 1097 1448 1178 Auch sieht es, wenn die Freiwilligen
518 1141 1452 1221 des Erzherzogs Karl dann in friedlicher
522 1186 1442 1278 Uniform wiederkehren, doch gar zu sehr
519 1248 1444 1333 nach St. Pölten aus. (Den Vergleich mit
511 1278 1442 1376 Krems hat mir mein Freund Aslan schon
515 1332 1016 1410 vor Jahren untersagt.)
609 1390 1429 1475 Und doch gelang der Beweis daneben.
507 1421 1434 1514 Der „Medardus“, diese Revue aphoristi¬
521 1483 1444 1565 scher Erschütterung, ist noch immer jung als
511 1537 1432 1624 große Theatermagie eines Schilkfalsdichters
509 1587 1425 1671 des Blutes, der Nerven und der hold und
508 1629 1428 1710 heiß umschatteten Ironie. Nur die listig
512 1685 1427 1772 sanfte Technik dieser Dämmerszenen scheint
501 1741 1422 1815 heute ein wenig Rokoko. Hier wäre eine
500 1786 1410 1852 Regieaufgabe. Ein Temperamentsproblem.
496 1829 1414 1917 Ein nicht nur technisches Zauberkunststück.
496 1878 1417 1971 Seelisch nämlich, psychologisch, beinahe;
502 1934 1411 2011 psychoanalytisch ist nichts moderner als
492 1964 1420 2050 dies Spiel mit unausgesprochenem Witz!
501 2033 1406 2112 und Wahn des geheimsten Oesterreich. Das
483 2080 1410 2181 Burgtheater hat aber auch psychologisch
493 2125 1408 2219 nur die alten, verschlissen wackelnden
491 2169 916 2244 Kulissen aufgestellt.
583 2225 1395 2299 Dabei tragen, obzwar auch die Haupt¬
488 2271 1402 2360 besetzung schmächtiger, blutdünner gewor¬
488 2317 1397 2396 den ist, die Schauspieler keine Schuld. Ein
482 2375 1405 2469 paar Säulen ragen immerhin: Georg
477 2407 1393 2511 Reimers als alter blinder Herzog Valois,
480 2474 1390 2558 jeder Zoll starres und stärkstes ancien
475 2529 1387 2608 regime. Herr Heine als sein Haus= und
471 2555 1391 2655 Hosarzt voll feinster sarkastischer Salbung.
469 2622 1387 2698 Herr Hennings als Marquis schmal, aber
465 2665 1386 2769 straff im Ton, Herr Marr als französischer
469 2721 1386 2801 Oberst von sonorer Delikatesse, Frau
471 2754 1381 2850 Medelskys Mutter Klähr, eine Gestalt, die
473 2816 1381 2904 Saft und Kraft und herzhaft trockene
467 2852 770 2925 Tränen zeigt.
551 2913 1382 2990 Da hat schon manches persönlichstes
457 2959 1379 3044 Format. Aber es hängt beängstigend im
449 3016 1374 3090 leeren Raum. Ist zu keinem auch nur be¬
461 3055 1373 3138 scheiden glänzenden Ensembleton gefügt.
447 3104 1372 3189 Die grausame legitimistische Erotikerin
448 3156 1368 3242 Prinzessin Helene etwa spielt jetzt Ebba
444 3203 1355 3285 Johanssen mit reizvoll fischblütiger, katzen¬
447 3264 1363 3340 haft unnahbarer Grazie. Aber diese kühle
452 3300 957 3370 Flamme lodert einsam.
526 3352 946 3426 Vor allem fehlt
1003 3350 1361 3436 dem deutschen
445 3391 871 3466 Theater überhaupt
909 3383 965 3457 —
948 3412 1348 3484 ein junger Hart¬
443 3452 1353 3537 mann, der endlich den Medardus gestalten
437 3495 1350 3576 müßte. Herr Lohner, nun schon seit ein¬
442 3540 1357 3637 einhalb Jahrzehnten eine Hoffnung, flackert,
426 3600 1343 3682 aber flammt nicht. Er hat schöne und sehr
435 3643 1346 3730 stille Momente, ein Schwärmerfunkeln im
426 3696 1354 3783 unermüdlich irrenden Auge. Es reicht bis
424 3747 1272 3824 zum Werther=Weltschmerz, weiter nicht.
520 3793 1348 3873 Seltsamen Ratschluß gab die Rolle des
423 3835 1343 3925 sarkastisch aufrechten Eschenbacher an Herrn
426 3884 1344 3987 Mayerhofer. Er zieht sich, mit leidlich ver¬
1493 66 2585 178 Me Vertanchel. (Gegenbese erane ssen nes.
1495 136 2323 216 gigantisch gespenstischer „uralter Herr“.)
2477 171 3290 252 Keine Sorge, das Burgtheater wird,
1566 195 2385 259 Schnitzler, keineswegs verwöhnt durch
2389 214 3288 296 würdiger und ehrfurchtsvoller, auf den
1490 238 2382 316 Pietätsbeweise, wirds überstehen. Der
2387 280 3287 362 „Medardus“ zurückkommen. Oder es wird
1491 305 3098 397 „Medardurs“ schon gar. Er ist Arthur nicht mehr das Burgtheater sein.
1489 346 2402 411 Schnitzlers „Peer Gynt“. Das Epos von
2725 378 3252 455 Ludwig Ullmann.
1927 1461 2641 1561 WSERVER'
1920 1540 2609 1612 I. österr. behördl. konzessioniertes
1884 1594 2643 1684 Unternehmen für Zeitungs-Ausschnitte.“
1955 1643 2571 1733 WIEN, I., WOLLZEILE 1I.
2016 1703 2594 1812 TELEPHON R-23-0-43
1822 1827 2081 1925 Ausschnitt
2064 1838 2630 1956 cin- u. Montagszeitung Wien
2215 1993 2588 2100 9.WAL 1932
1814 2058 1982 2131 vom:
1772 2175 2673 2310 „Der junge Medardus“
2081 2295 2417 2387 Bargtheater
1769 2370 2856 2457 Zuerst will ich feststellen, was an dieser wenig guten
1675 2418 2818 2482 Aufführung gut ist. Vor allem gewisse Episoden, die —
1672 2489 2841 2554 eine der charakteristischen Eigenschaften des „Jungen
1939 2529 2001 2567 — —
1680 2519 1906 2588 Medardus“
1986 2533 2845 2596 den Habitus von Hauptgestalten haben.
1675 2581 2845 2655 Frau Ortner=Kallina, die als Schwester des Medardus in
1676 2632 2841 2682 ganz kurzen Szenen das tragische Liebesschicksal der Tot¬
1667 2670 2852 2726 geweihten erschütternd verkörpert. Georg Reimers, der dem
1667 2716 2846 2790 Herzog von Valois hohe Seelenwürde leiht. (Nur im Tempo
1679 2771 2850 2845 zu langsam.) Anna Kallina, die dem Schmerz einer Mutter
1675 2826 2841 2882 rührenden Ausdruck gibt. Möglichkeiten, vortrefflich zu
1660 2875 2853 2922 sein, zeigt die Medelsky als Frau Klär, zeigen viele, viele
1660 2923 2833 2990 andere in diesem ausgezeichneten Ensemble, das jedoch, wie
1677 2966 2838 3031 jede Schauspielertruppe, der nötigen Proben und der
1671 3021 2842 3084 richtigen Führer bedarf, um zur vollen Höhe aufzusteigen.
1666 3069 2844 3139 Herr Lohner, der beste Medardus, den man bisher zu sehen
1676 3113 2835 3186 bekam, hat das Zeug, mit dieser Rolle unvergeßlich zu
1672 3166 2840 3212 wirken. Das merkt man. Aber man merkt auch, wie unfertig
1673 3214 2834 3280 er ist, wie oft er ins Deklamieren abirrt und wie er noch
1660 3233 2839 3320 gar nicht dazu gelangt, noch gar nicht dazu angeleitet wurde,
1679 3313 2842 3370 aus dem Herzen, halb aus der bloß klingenden Stimme zu
1675 3353 2842 3425 spielen. Mit solch einer Aufführung drückt man dem Dichter¬
1672 3404 2847 3472 werk gleichsam die Augen u. Weder dem Stück noch dem
1676 3447 2840 3523 Burgtheater wird damit gmützt. Wäre Artur Schnitzler
1671 3505 2842 3569 noch am Leben, er hätte geviß nicht erlaubt, daß eines
1669 3550 2842 3617 seiner lebendigsten Werke in liesem Zustand erscheint. Und
1678 3608 2842 3672 es ist erschienen, um Schnitzleis siebzigsten Geburtstag zu
1680 3648 2851 3724 feiern .. . „Traurig, daß es pahr, und wahr, daß es
1655 3673 2291 3782 traurig ist", meint Polonius.
2368 3703 2797 3770 Felix Salten.
