3392 4320
716 115 1184 170 TELEPHON R-23-0-43
520 237 886 330 Ausschnitt aus:
878 271 1256 366 Diestunde, Wien
747 451 1224 557 -8. WAl 1932
525 472 667 554 vom:
727 629 1440 769 Wieder: „Der junge
1501 720 3275 812 über die Bühne, Herr Arndt spielt die tra-Tlich und schön eine wirkliche Valols ge¬
873 735 1263 834 Nedardus.
1514 773 3276 828 gische Szene des Arztes delikat, und Mariawesen ist. Bei Frau Johannsen bleibt alles
893 815 1256 889 Im Burgtheater
1500 825 3279 887 Kramer zeigt ein reizendes Wiener Jung-im Damenhaften. Aber verbürgerlicht. Stolz
1505 866 2330 924 mädchenprofil, ein richtiges Gesichterl.
2392 875 3271 938 und unnahbar. Aber nicht mehr in diesen
654 855 1516 944 Es sollte eine Schnitzler-Feier werden, es
1545 909 3279 955 Bei den Valois ist vieles beim alten ge-Graden. Frau Johannsen ist vielleicht
611 913 1495 984 blieb bei einer-Seintezter-Reprise. Kaum
1519 943 3282 996 blieben. Gott sei Dank ist Georg Reimers! moderner. Aber zu der Helene von Schnitz¬
622 958 1495 1032 Neustudierung bis auf ein paar Rollen, die
1505 996 2380 1045 noch immer der blinde Herzog, auch ohne
2392 992 3280 1082 ler gehört das adelige Blut. Das ist nicht
612 1012 1498 1076 neue Gesichter jüngerer Menschen trugen.
1513 1035 2388 1097 Augenlicht ein König seiner Familie und
2390 1049 3272 1118 zu spielen. Die Wohlgemuth war das Denk¬
625 1047 1507 1121 Wer weiß, ob es überhaupt Zweck gehabt
1506 1075 2386 1139 Fred Hennings, der Marquis von Valois hat
2394 1089 2983 1142 mal der Helene von Valois.
619 1078 1507 1168 hätte, mit den alten Medardus-Dekorationen
1508 1121 2388 1189 die Noblesse des Exterieurs und die sprach¬
2424 1117 3277 1188 Hofrat Herterich hatte bei Medardus
607 1145 1506 1187 etwas schauspielerisch Neues zu unter¬
1513 1164 2380 1221 liche Distinktion der Gestalt. Auch den
2391 1176 3268 1240 nachgesehen. Das kleine Wirtshaus an der
615 1184 1517 1245 nehmen oder den Medardus in eine frische
1510 1209 2383 1281 Doktor Assalagny hat Albert Heine behal¬
2382 1223 3266 1291 Donau war lebendiges Burgtheater, aber
606 1221 2386 1295 Umgebung zu stellen. Denn wahrscheinlich iten. So ist auch die meisterliche Type ge¬
2385 1258 3264 1319 Burgtheater. Temperierter Jugendlärm.
615 1261 1505 1334 kann man gerade diesen Schnitzler nur so
1511 1294 2383 1346 blieben. Die Nerina parliert Marie Maven
2381 1309 3269 1367 Während es auf der Bastei und in Schön¬
610 1303 1499 1371 spielen, wie er ehemals in besseren Burg¬
1498 1338 3275 1411 mit leicht französischem Akzent und Ebbal brunn noch gemächlicher zuging als früher
611 1358 1506 1419 theaterzeiten gespielt wurde, dieses wiene¬
1496 1375 3263 1443 Johannsen spielt die Helene aus dem Be- einmal. Keine Schnitzler-Feier. Schnitzler¬
598 1405 1501 1470 rische Dichteraquarell verträgt keine kräf¬
1500 1430 2571 1493 sitz Else Wohlgemuths, die hochherrschaft- Reprise.
2863 1432 3234 1498 Siegfried Geyer.
602 1446 1499 1504 tigeren Farben, die Tragikomödie des
2524 1475 2639 1544 —
1507 1468 1894 1552 —
605 1488 1501 1551 rebellischen Asthetentums geht sanft-herbst¬
607 1522 1502 1605 lich einher. Anatols Großvater zieht in den
593 1575 1431 1635 Krieg. Dabei muß man es schon lassen.
640 1614 1516 1680 Arthur Schnitzlers Kanonen gehen nicht
599 1656 1515 1722 ernsthaft los, unwirklich pappendeckelfest!
593 1700 1499 1773 stehen sie auf der Bastei, aber seiner Men¬
596 1739 1508 1822 schen Herzen geben unentwegt Salutschüsse
593 1775 1264 1857 ab und das Schicksal salutiert.
640 1824 1524 1897 Liebelei in ernsten Zeiten, die den Tod
597 1881 1509 1932 in Permanenz erklären, sinnloses, dummes
599 1919 1494 1990 Zufallssterben von der Tiefengrazie Schnitz¬
598 1971 1505 2027 lerischer Dialoge umsponnen. Wienertum
597 2017 1506 2088 vielerlei Schattierung wird von Figurinen
589 2061 1504 2127 der Vergangenheit umkleidet, Hysterie mit
587 2087 1491 2173 Märtyreranmut und Gesinnung, helden¬
593 2146 1492 2193 mütiges Wiener Gewerbe, Aristokraten¬
597 2188 1499 2243 stolz, der noch im Hinsinken Haltung und
588 2232 1497 2295 Noblesse wahrt, Unwirklichkeit schöner
598 2272 1498 2335 Dämmerungen um geschichtliche Daten. Wie
586 2313 1154 2375 weit, wie weit ist das alles.
674 2408 1505 2522 ussenensemhle Sokoloft!
689 2504 1505 2580 Kaukasien-Bar, I., Dorothoerg. 14.
613 2606 1499 2673 Diese respektvollen Jahreszahlen, von
572 2636 1493 2710 einem Dichter diktiert, gemütlich ver¬
575 2691 1483 2748 tratschte Lokalfarbe, aufgescheuchte Wiener
578 2730 1483 2808 Menschen, die sich versammeln, disputieren,
583 2770 1491 2841 erstaunt sind, zuschauen wollen, egal, ob es
576 2818 1489 2885 die Leich’ von einem General ist oder die
571 2863 1505 2935 einer Epoche! Nachträgerisch, gutmütig,
580 2905 1496 2959 musikalisch, Revolutionäre des Gefühls, so
574 2952 1490 3014 marschieren spazierengehend die Medardus¬
589 2990 1486 3056 Wiener heute vorüber, und ihr Held, der
572 3022 1490 3104 nie einer war, Medardus Klähr, wird auch
566 3076 1480 3128 durch den österreichisch-zarten und liebwer¬
576 3116 1488 3184 ten Alfred Lohner keiner. Ein junger Mann
563 3160 1484 3231 aus guter Familie, verzärtelt und verspielt,
564 3199 1483 3265 durch Krieg, Liebe und Politik in die Ver¬
577 3246 1478 3308 wegenheit eines Abenteuers getrieben und
573 3292 1484 3355 schön in der Verantwortung einer Idee, die
571 3336 1477 3406 im Grunde nichts war als ein Rausch. Herr
571 3385 1479 3440 Lohner spielt das ohns Flamme, aber in
571 3429 1486 3490 anständigem Gefühlston. Und um Lotte
571 3462 1476 3521 Medelskys Buchhändlerswitwe Klähr ist
566 3506 1474 3568 hohes Muttertum einer Wiener Frau, der der
556 3548 1482 3623 Himmel allerhand beschert und aufzulösen
558 3605 1481 3667 gibt. Und in Herrn Maierhofers Eschenbacher
563 3644 1484 3704 wohnt die Ehrenhaftigkeit einer gutbürger¬
557 3692 1480 3736 lichen Existenz, der brave Österreichertrotz,
570 3726 1478 3790 der im Ernstfall nicht anders kann. So
556 3766 1470 3817 zeichnet auch Emmerich Reimers den Etzel
556 3811 1474 3884 mit sanfter Besessenheit des Intellektuellen,
556 3857 1467 3910 und Walter Hubers Wachshuber trägt die
564 3898 1466 3965 wienerischen Farben vom Gschaftelhuber¬
569 3947 1466 4007 tum, Intrige und Rederei. Die Bürger und
559 3988 1460 4042 Soldaten können sich sehen lassen. Herr
561 4041 1469 4090 Straßni als der Neunzigjährige spenstert
