3344 4352
1569 171 2011 254 box 27/2
1173 188 1207 244 1
210 157 1395 279 22. Derjunge Meda-dus
1484 676 1898 764 Die Gegenwart.
2571 693 2780 762 Nr. 41
607 695 726 767 692
1720 820 2776 908 eigentlichen dramatischen Handlung ganz un¬
611 835 1660 908 Nebensachen, die bei Schnitzler, wie bekannt,
1734 892 2767 944 tauglich. Er repräsentiert die jüngere Gene¬
599 888 1658 967 immer das Beste, Eigenste, Feinste und also
1738 947 2784 1016 ration jenes Wiener Spießbürgertums, er ist
605 948 1660 1007 eigentlich die Hauptsachen sind. Damit hat
1734 1009 2783 1088 liebenswürdig und phantastisch, wo jene nur
610 1019 1659 1080 man aber die Problematik dieser dramatischen
1734 1066 2777 1134 fett und gemein sind, aber in seiner mehr
607 1067 1322 1148 Historie schon im Kern erfaßt.
1746 1113 2782 1197 ästhetischen Art lebt doch der gleiche Mangel
721 1131 1657 1198 Ein Drama ist der Kampf handelnder
1744 1187 2780 1262 an Energie, an Sammlung, an Hingabe, die
611 1184 1659 1249 Menschen, und die Geschichte ist, soweit sie
1731 1248 2779 1321 gleiche bequeme, nachgiebige Sinnlichkeit. So
617 1248 1668 1309 künstlerisch faßbar ist, das Auswirken
615 1301 1663 1366 großer, viel umfassender Persönlichkeiten.
1736 1304 2782 1378 gibt er uns das Schauspiel eines endlosen
1735 1363 2771 1424 Wollens und wieder Versagens, eines bestän¬
614 1369 1664 1420 Wer nun in seinem wienerisch weichen, ver¬
1746 1424 2779 1489 digen pathetischen Selbstbetrugs. Ein Hjalmar
607 1425 1666 1486 grübelten Temperament im Grunde weder an
1737 1494 2785 1560 Ekdal des Empire. Aesthetisch interessant wäre
615 1498 1664 1561 den Handelnden noch an den geschichtlichen
1745 1549 2788 1610 er nur als Mittelpunkt einer Komödie zu
615 1542 1666 1613 Helden glaubt, wem die Welt im Grunde ein
1741 1614 2786 1672 machen — als beabsichtigter Dramenheld wirkt
617 1601 1657 1660 melancholisch=rätselhaftes Konglomerat dunkler
615 1662 1661 1728 Getriebenheiten ist, wie soll der ein geschicht¬
1740 1666 2777 1720 er lächerlich im unbeabsichtigten Sinne. Er
1736 1719 2776 1771 will fürs Vaterland streiten, aber statt ins Feld
615 1735 1671 1783 liches Drama schreiben?! Er kann höchstens
1738 1775 2777 1857 zu ziehen, bleibt er, um die Schwester, die sich
608 1774 1670 1827 einen melancholisch=ironischen, geschichtlichen
1746 1833 2788 1896 eben wegen hoffnungsloser Liebe mit dem jungen
611 1832 1674 1909 Roman schreiben: er kann darstellen wollen, wie
1745 1897 2781 1964 Prinzen Valois ertränkt hat, an der hochmüti¬
613 1910 1666 1968 die vielen kleinen, unklaren Geister, im Wahn
1755 1958 2773 2023 gen Familie jener französischen Thronpräten¬
619 1954 1665 2021 einer großen geschichtlichen Situation an¬
1751 2017 2787 2071 denten zu rächen. Aber statt zu rächen, gerät
612 2014 1664 2076 gespannt, sich verwirren. In der Tat hat
1756 2068 2795 2135 Medardus in eine Liebschaft mit der hoch¬
616 2074 1664 2124 Schnitzler, im Grunde genommen, diesen Ro¬
1751 2132 2788 2191 mütigen Prinzessin von Valois. Und als er
619 2133 1670 2197 man schreiben wollen. Das Wiener Bürgertum
1743 2188 2792 2249 schließlich in einer verzweifelten Aufwallung
622 2194 1662 2259 von 1809 wollte er darstellen, wie es im Kampf
1754 2248 2789 2321 sich mit dem Mordstahl gegen Napoleon-be¬
621 2258 1667 2326 gegen Napoleon im heldischen Patriotismus
1745 2315 2790 2368 waffnet, ersticht er nicht den Kaiser, sondern
621 2308 1667 2371 aufflackert und zwischen Eckmühl und Aspern,
1749 2366 2791 2435 höchst privatim die Geliebte, die er für des
628 2367 1674 2426 zwischen Aspern und Wagram in seine Be¬
1742 2418 2784 2494 Kaisers Mätresse hält. Und nach diesem drei¬
622 2436 1667 2490 quemlichkeiten, Feigheiten, Eitelkeiten wieder
617 2483 844 2556 versinkt.
1747 2490 2787 2545 maligen Versagen schafft er sich einen einiger¬
1756 2556 2782 2606 maßen imposanten Abgang, indem er die Be¬
719 2543 1669 2618 Es ist nun charakteristisch für die mangelnde
1748 2609 2787 2670 gnadigung des Kaisers (die er erhält, weil sich
621 2602 1669 2666 Einheit, die innere Formlosigkeit des Werkes,
1750 2662 2784 2728 herausstellt, daß die von ihm ermordete Valois
629 2660 1681 2718 daß die Szene, in der Schnitzler seine Absicht
1750 2717 2796 2791 gekommen war, um den Kaiser zu ermorden)
626 2725 1677 2787 am besten gelingt, die große Volksszene auf
1740 2776 2798 2845 ausschlägt und seinen Tod durch das trotzige
629 2780 1670 2857 der Wiener Bastei, beim Herannahen der Fran¬
1743 2850 2795 2907 Bekenntnis, daß er Napoleon ermorden wollte
626 2850 1669 2908 zosen, die Szene, die das Wiener Bürgervolk
1744 2907 2789 2964 und auch in Zukunft ermorden wolle, erzwingt.
629 2892 1675 2970 in all seiner Sensationsgier, seinem schwäch¬
1847 2948 2792 3022 Obwohl diese raffinierte Art von Selbst¬
632 2955 1670 3033 lichen Phrasentum, seinem spießbürgerlichen Ego¬
1763 3009 2799 3077 mord wesentlich mehr nach Verzweiflung als
633 3012 1667 3089 ismus zeigt — daß diese Szene bei der Auf¬
1767 3063 2800 3145 nach Heldentum schmeckt, hat doch dieser letzte
622 3089 1674 3147 führung einfach wegbleiben konnte. Denn in
1754 3128 2802 3197 Zusammenstoß des ohnmächtigen Jünglings
627 3135 1679 3203 der Tat tritt in dieser Szene der zu Unrecht so
1775 3185 2795 3263 mit dem eisernen Manne, dessen Geist sich in
631 3201 1677 3260 genannte Held des Stückes, Medardus, fast
1760 3244 2796 3318 der Sprache seines Generals bedeutsam abmalt,
633 3240 1673 3315 ganz zurück. Ein Drama kann aber nicht auf
1757 3321 2796 3377 etwas erschütterndes. Aber ehe wir zu dieser
631 3310 1683 3364 Milieustudien gestellt werden, wie allenfalls
1757 3366 2808 3431 Szene kommen, sind wir bis zum grimmigen
638 3367 1674 3436 ein Roman, und so mußte die Bühne von dem
1761 3427 2801 3485 Aerger ermüdet durch die immer wiederholten
638 3444 1678 3499 episch breit gesponnenen Werk gerade die
1766 3486 2791 3566 Beweise der Unzuverlässigkeit und Untüchtig¬
628 3492 1686 3551 feinsten, witzigsten Partien opfern, um den
1760 3546 2802 3609 keit eines jungen Menschen, dem durch einen
641 3564 1669 3610 Schein einer dramatischen Handlung zusammen¬
1762 3596 2800 3672 so langen Abend zu folgen wir gar keinen
643 3604 1680 3670 stellen zu können. Nur den Schein — denn auch
1772 3668 2808 3740 Zwang verspüren. Und noch mehr hat uns
622 3667 1696 3723 der junge Medardus ist zum Träger einer
2858 676 3062 755 Nr. 44
2861 823 3303 898 die völlig romanha
2866 883 3298 950 Valois verstimmt.
2860 936 3298 1012 hochmütige Tochter
2867 1000 3304 1071 ohnmächtigen Anst
2871 1056 3321 1130 Frankreich, könnten
2890 1118 3317 1187 eine Stimmungspa
2885 1173 3310 1244 ternen Ohnmacht de
2872 1234 3299 1302 geben. Dramatisch
2872 1291 3309 1364 das Konzept, indem
2871 1354 3328 1429 jungen Medardus 1n
2877 1405 3318 1476 grober Zufälligkeit
2882 1470 3321 1549 alles dichterische (u
2882 1525 3322 1598 dramatische) Intere
2882 1584 3326 1661 stammen könnte, da
2877 1642 3320 1723 mehr Nichttun aus
2883 1702 3311 1773 Wenn der Dichter
2873 1750 3319 1837 ständig an eine Füll
2879 1821 3325 1893 der Zufälle auslief
2878 1878 3330 1944 diese Schwäche glau
2966 1938 3333 2017 Wir haben hie
2881 2001 3323 2071 Schnitzlers wie dan
2879 2058 3325 2132 Bernhardi“, Anlau
2887 2115 3309 2195 Tendenzdrama zu
2885 2179 3331 2262 resigniert und unent
2882 2232 3326 2315 satirischen Komödie
2879 2291 3329 2373 Absicht geringer, di
2893 2352 3317 2425 digen Details auf
2889 2411 3329 2489 sichtlicher, und das
2894 2472 3338 2538 offenkundig als dies
2893 2529 3334 2608 die Absicht zweifell
2873 2585 3336 2664 Zahl der gelungen
2879 2643 3332 2724 cholischen Menschli
2868 2702 3348 2780 größer und belangvo
2879 2770 3346 2843 des gewählten Forn
2882 2819 3336 2898 mit skeptisch sinuli
2872 2882 3341 2958 heroisch monumenta
2890 2945 3350 3017 peinlicher und eindt
2885 3002 3336 3073 nowsky von Schnitzle
2871 3057 3336 3136 sichtbar wurde, war
2886 3114 3348 3188 Absicht ganz unverst
2884 3178 3341 3246 Daß diese Arbeit abe
2882 3232 3271 3305 leicht ein Glück -
2877 3295 3349 3364 blickliche Theatersitul
2875 3348 3340 3428 wahrhaftig eine recht
2870 3415 3348 3488 idee, zu glauben, d
2879 3468 3348 3541 sei, nur weil es in
2872 3528 3341 3607 von Ausmarsch, Schl
2874 3583 3330 3660 die Rede ist. In
2844 3639 3349 3733 ja gerade in seinen
