3392 4480
1485 267 1941 373 box 26/6
162 289 1349 401 22. Denjunge-Medandus
2606 1413 3287 1497 . Die thurganischen Staats=he
316 1427 879 1518 Tatauf Logesigen „u
318 1478 3287 1555 zu fördern, um sich diese Unzufriebenheit bei Berufskonsul und Geschäftsträger der beamten, die seit Johren unter einer förm¬ a
321 1528 3242 1603 Wahlen und Abstimmungen zu Nutzen zu] Schweiz in Madrid ernannt. Es wird ihm einlichen Besoldungsmisere zu leiden haben,
308 1576 3277 1647 machen. Als dann das Besoldungsgesetz, aller=[Gehalt von Fr. 20,000 ausgesetzt. Für diel finden in den bündnerischen kantonalen Be¬ U
313 1621 3286 1699 dings nach einer langen Leidensgeschichte, zu= Kanzleikosten kommt eine Ausgabe von Ir. amten und Angestellten Leidensgefährten. Eine B
314 1673 3290 1740 stande gekommen war und die Bundesbahner[10 000 hinzu. Mengotti, von Beruf Ingeniem soon der bündnerischen Regierung ausgestellte in
318 1707 3306 1814 sich im allgemeinen mit dem vorläufigen Er=und aus dem Puschlav stammend, ist seit etwal statestische Zusammenstellung über die Beamten-be#
318 1836 3294 1914 zu sterben. In den Donauauen werden die Trauerfamilien zusammen. Da geschieht es nun, aus dem Weg räumt, kann sie dem Marquis M
327 1892 3267 1958 Leichen herausgefischt, man trägt sie in das daß Medardus von der ebenfalls ans Grab sich geben. So wichtig ist ihr der andere bereits. sch
326 1938 3281 2003 Wirtshaus, in dem Medardus mit seinen ihres Bruders tretenden Helene v. Valois Und auch Medardus hat in ihrem Blick etwas Ge
317 1984 3304 2060 Freunden zum Abmarsch sich das Stelldichein verlangt daß sie die Blumen, die sie auf den aufblinken gesehen — worauf er seinen Plan üb
314 2035 2414 2109 gegeben. Vor der Leiche der Schwester schwört Hügel gleiten ließ, wegnehme: Die Blumen baut.
320 2067 3297 2118 er, der stolzen Familie den Tod des unschul= fort, oder ich zertrete sie.“ Das Fräulein will] Zuerst findet nun das Duell statt, in dem er
317 2120 3297 2178 digen Mädchens und die Schmach zu vergelten. ihre Blumen vor einem so gemeinen Lose be= der Marquis am Arm verwundet wird und re#
322 2159 3291 2215 Daß auch der einzige Sohn dieser Famille mit wahren und hebt sie auf. Medardus: „Nun sind Medardus einen Degenstich bekommt, der nahe tei
332 2203 3294 2259 Agathe in den Tod gegangen ist, müßte eigent= sie einem würdigeren aufbewahrt — zu verwel= am Herzen vorbeigeht, aber sein Leben nicht he
330 2243 3284 2318 lich als eine Sühne von Medardus in Erwä= ken in den hochmütig mörderischen Fingern ernstlich gefährdet. Helene v. Valois jedoch ver¬ Pa
325 2295 3309 2359 gung gezogen werden, wenn dies auch nicht einer Valois.“ Hier tritt ein Vetter der jungen mutet nach den Berichten, die sie empfangen, M
334 2334 3299 2395 im ersten Schmerz um die Schwester geschehen Dame hinzu, der Marquis Bertrand v. Palois, eine tödliche Verwundung des jungen Men= ab
331 2374 3297 2433 Unnte. Hat doch der Herzog auf diese Weise Helene sagt ihm, was soeben gescheben. Und der schen, der ihr am Grab einen so starken Ein= jeh
329 2420 3302 2484 den Erben der Krone die Hoffnung auf Be= Marquis fordert Medardus „von jetzt ab in druck gemacht. So sendet sie ihre Kammerzofe dr
319 2467 3314 2536 gründung einer Dynastie verloren; nur eine drei Stunden“ zum Zweikampf. Medardus Nerina in die Wohnung ihres Feindes nach= 3i
324 2511 3304 2562 Tochter ist ihm geblieben. Indessen, da Me= nimmt an und geht. Helene, die ihre Finger be= zufragen, ob er sterben müsse. Und die Blumen, im
327 2545 3307 2623 dardus selbst die Prätendentenphantasterei des trachtet hat, plötzlich zum Marquis: „Töten die er am Grabe nicht dulden wollte, soll Ne= bri
323 2604 3252 2654 alten blinden Herzogs als nichtiges Wahnge= Sie den jungen Menschen, der da eben fortging, rina ihm neben sein Kopfkissen legen. Nerina
2244 2632 3313 2717 ist das richtige verliebte Kammerkätzchen, das W#
333 2644 2119 2708 bilde durchschaut, begreift man den von Ver= und ich will die Ihre sein, Bertrand.“
1328 2682 3313 2753 Eine äußerst wirksame Theaterszenel ein we= nichts Besseres wünscht, als auch die stolze Her= dus
326 2674 1321 2760 achtung bis zum Haß schwellenden Zorn bei
325 2735 3309 2787 dem Gedanken, daß eine solche sich blähende nig im Stil der Pariser Dramen des vorigen rin in einen pikanten Liebeshandel zu ver¬ Sch
331 2770 3308 2832 leere Hochmutsteufelei das blühende Leben der Jahrhunderts, aber ganz vorzüglich in ihrer stricken. So wie sie ihren Auftrag bei Medar= des
1272 2806 3317 2898 dramatischen Knappheit, und dabei recht eigent= dus ausrichtet darf dieser sicher glauben das lich
334 2825 963 2902 Schwester vernichten mußte.
378 2848 3311 2934 So hätten wir denn einen neuen Lasrtes, lich die fruchtbare Keimzelle des ganzen weltern vornehme Fräulein habe sich in ihn verliebt. nä
334 2910 3307 2978 der eine unschuldige Ophelia rächen will und Stückes. Man ahnt ja bereits, daß der Auf= Er läßt ihr durch Nerina sagen noch an diesem er.
328 2963 3324 3033 der erste Akt bringt wahrhaftig auch gleich, wie trag an den Marquis, den Jüngling im Duell Abend werde er sich in der Villa des Herzogs üb
339 2997 3316 3055 im „Hamlet“, eine Friedhofbegegnung der zu töten, einem andern Gefühl als dem der Be= einfinden, die Prinzessin müsse ihn allein em= die
332 3045 3320 3118 Feinde. Der letzte Wunsch der Liebenden in leidigung entspringt. Daß Helene sich zugleich pfangen. Größte Verblüffung Nerinas, die wu
336 3097 3320 3141 dasselbe Grab gesenkt zu werden, muß erfüllt dem Marquis verspricht, darf uns nicht be= einen Sterbenden zu finden vermutet hatte win
2840 3120 3317 3184 parengmann fh——a f-
1735 3122 2678 3182 mi.t mand er Dee g-aun zud maen ertert
1531 3129 1664 3187 Wange
