3392 4352
1582 165 1907 264 box 26
251 164 1408 274 22. Der junge Medandus
509 1123 1495 1230 Büro-Ausstellung Wien 8.—19. November
841 1204 1185 1288 siehe Rückseite.
1189 1221 1555 1322 Telephon 12.801.
1292 1354 1341 1404 4
487 1380 666 1467 1
687 1375 1326 1476 „USSEIVER
457 1457 1573 1528 l. österr. behördl. konz. Unternehmen für Zeitungs-Ausschultte
606 1525 1441 1615 Wien, I., Concordiaplatz 4.
795 1598 1244 1671 Vertretungen
471 1648 1567 1709 in Berlin, Budapest, Chicago, Christiania, Genf, Kopen¬
476 1708 1565 1765 hagen, London, Madrid, Mailand, Minneapolis, New-Vork,
510 1736 1522 1799 Paris, Rom, San Francisco, Stockholm, St. Petersburg.
814 1775 1233 1849 (Quellenangabe ohne Gewähr)
921 1803 1625 1899 remdenblatt. Wien
459 1833 854 1911 Ausschnitt aus:
465 1890 959 2004 vom: — 2 NOV-19
1407 1956 1742 2050 ——
698 2051 1527 2148 Theater und Kunst.
420 2055 700 2156 Gleealeia
520 2120 1821 2186 (Burgtheater.) Im „Jungen Medardus“ ein paar
403 2166 1813 2247 Neubesetzungen, die am Gesamtbild dieser vortrefflichen Aufführung
411 2218 1816 2297 nicht viel ändern, im Detail aber doch bemerkenswert sind. Das Erbe
426 2273 1828 2342 Hartmanns wird aufgeteilt und der edte Herzog von Valois fällt an
426 2316 1816 2397 Herrn Gimnig. Herr Gimnig ist ein ausgezeichneter Schauspieler
415 2368 1827 2438 und er macht alles, was an dem blinden Valots schauspielerisch zu
417 2429 1836 2494 machen ist, er hat Mittel für Distinktion, er hat die Fähigkeit nobler
427 2479 1817 2545 Haltung, vornehmer Allüren, man merkt nur, wie eifrig ein Schau¬
430 2503 1819 2588 spieler dahinter ist, einen Fürsten fürstlich zu spielen. Im Burgtheater
427 2557 1825 2637 hat es für den Adel immer Darsteller von besonderem Ausdruck und
420 2608 1830 2674 persönlicher Würde gegeben. Hartmann hat diesen Valois aus
425 2653 1833 2727 eigenem nobilitiert, Herr Gimnig spielt die Gestalt, wie sie im
432 2705 1822 2780 Buche steht, er spielt den Herzog von Valois Artur Schnitzlers.
426 2747 1829 2828 Er bot rührende Augenblicke, er bot eine milde, vortrefflich zurecht¬
437 2820 1834 2877 gelegte Hoheit und seine Diskretion fügt sich geschickt in den
438 2872 1840 2923 Rahmen der Aufführung. Als General Rapp trägt jetzt Herr Höb¬
442 2894 1838 2967 ling dem Medardus den Pardon Napoteons an. Die Botschaft
434 2972 1842 3014 klingt bei ihm nicht ganz glaubhaft. Die Tragödie geht zu Ende,
438 3019 1839 3070 der General erscheint noch einmal in letzter Minute knapp vor Tor¬
446 3063 1849 3113 schluß der Dichtung. Er brauchte hier das Pathos eines gereiften
439 3094 1845 3157 Mannes, bewußtes, undiplomatisches Pathos, das tiefere Resonanz
444 3137 1844 3202 haben muß. Und Herrn Höbling fehlt die kraftvolle Geste, die den
437 3190 1850 3271 kaiserlichen Willen so proktamiert, daß man den Auftraggeber
1702 3251 1792 3308 K.
437 3241 1489 3344 ordentlich hinter der Botschaft zu spüren vermeinte
2003 1239 2961 1332 Büro-Ausstellung Wien 8.—19. November
2317 1318 2666 1386 siehe Rückseite.
2641 1350 3033 1449 Telephon 12.831.
2668 1460 2829 1542 Da.
1933 1491 2032 1546 —
2161 1492 2799 1593 „UDSLITER
1929 1579 3030 1660 I. öeterr. behördl. konz. Unternehmen für Zeitunga-Ausschnltte
2071 1638 2909 1732 Wien, I., Concordiaplatz 4.
2268 1724 2698 1785 Vertretungen
1946 1764 3034 1837 in Berlin, Budapest, Chicago, Christiania, Genf, Kopen¬
1944 1823 3024 1863 hagen, London, Madrid, Mailand, Minneapolis, New-Vork,
1984 1852 2999 1916 Paris, Rom, San Prancisco, Stockholm, 6t. Petersburg.
2268 1898 2713 1952 (Quellesangebe el Gewähr).
1937 1951 2319 2033 Ausschnitt aus:
2186 1956 3136 2106 u Sipuiakeits Welthlatt, Wien
1931 2071 2316 2155 S
1980 2207 3019 2310 Theater, Kunh und Musik.
2282 2296 2969 2406 WIlOWien, 2. November 1911.
2018 2366 3010 2449 Burgtheater. Schliitzlers dramatische Historie „Der
1972 2413 3011 2484 junge Midardus“ ging gestern, in wesentlichen
1976 2457 3007 2530 und unwesentlichen Rollen neubesetzt, in Szene. Das
1991 2503 3013 2579 personenreiche Stück ist dadurch nicht interessanter und
1993 2549 3017 2625 schmackhafter geworden, und das alte Sprichwort: „Es
1991 2613 3023 2661 kommt selten ’was besseres nach,“ hat wieder einmal!
1976 2644 3011 2723 recht behalten. Den alten, blinden Bernard, den ehe¬
1976 2689 3012 2750 maligen Herzog von Valois, den Hartmann so mild
1981 2733 3027 2815 und ausgezeichnet gespielt hatte, gibt jetzt Herr Gimnig.
1985 2786 3043 2862 Er brachte den großen Verlust, den das Burgtheater #
1989 2830 3027 2903 erlitten, in schmerzlichste Erinnerung. Herr Gimnig ist
1992 2874 3020 2946 ein Sprecher, ein routinierter Schauspieler, aber kein
1990 2931 3025 2991 Menschendarsteller von individueller Kraft. Er war ein
2001 2978 3023 3039 konventioneller Herzog. Herr Höbling, von dem
1992 3006 3031 3089 jungen Nachwuchs die begabtelte Erscheinung, spielt
1993 3064 3024 3145 jetzt den General Rapp mit sehr anständigem Gelingen,
2004 3109 3023 3188 sohne uns Reimers vergessen zu machen, der die
1999 3160 3032 3224 sympathische Soldatensigur aus weit einheitlicherem Guß
2001 3203 3028 3284 formt. Herr Hödling wird noch Zeit haben, auszureifen.
2004 3249 3025 3342 Herr Brandt, der auch einmal diese Rolle innehatte,
2008 3284 3034 3369 gibt jetzt den Trembly, für den er besser paßt. Die
2009 3345 3024 3431 Herren Gehrs, Hamsa und Jenbach präsenterten
2006 3390 3024 3462 sich gleichfalls als neue Männer in zweiter und dritter
2001 3426 3024 3519 Luie, ohne besonders aufzufallen. Manchmal ist das
2805 3470 3073 3565 —
2006 3503 2395 3563 auch ein Verdienst.
