3344 4352
1005 169 1160 239 Mei
277 162 1482 285 22. Derjunge uardus
1604 166 2058 281 box 27/3
161 982 2819 1079 as: Volk für den Antethedienst wird die neue Wohn= uend tarsechen eanun En ue. Fianerhemnceinen Sun ernser Wuserbeen
393 1108 2252 1190 1914 den revolutionären Geist dieser weise Erkenutnis des Wienertums, jene noch
2248 1123 3191 1187 Herrn Paulsens Eschenbach hat durch
162 1110 334 1230 im.
1314 1159 2216 1216 höhere des ewig=gleichen Menschentums —
406 1155 1330 1224 „Historie“ so empfunden haben wie wir?
2236 1165 3193 1240 die Art seiner stillergebenen Ironie; seines
1327 1210 2251 1288 sie trafen ins Herz, entzündeten die Phantasie“
405 1203 1329 1271 Antimilitarismus! Falsches Patriotentum!
2244 1217 3187 1287 mild=aufrechten Wesens; und seiner in=sich¬
1316 1264 2072 1329 wurden zu Fanalen der Erinnerung.
411 1260 1327 1316 Desillusion des Heldenspielens! Wissen
2252 1268 3195 1339 gekehrten Güte, dem Dichter gegeben, was
404 1299 1339 1364 um das Elend des Krieges! Verachtung
2250 1307 3189 1396 des Dichters ist. Ausgezeichnet das
1411 1318 2246 1415 Her Schott — Medarbus. Ein Ir¬
400 1358 1338 1421 vor den verantwortungslosen Verantwort¬
166 1339 406 1423 g hat das
2243 1364 3190 1440 Wienertum der Herren Stiaßni,
1323 1364 2250 1458 licht. Flackernd, unstät, von jener Haltlosigkeit,
175 1407 400 1471 und selt¬
403 1394 1323 1473 lichen! Und Mitleid: Mitleid für ein Elend,
2244 1414 3199 1492 Heller, Baumgartner, Huber,
1318 1444 2249 1511 die Art solcher Art Helden ist, deren Men¬
396 1450 1335 1525 dem namenlos das immer wieder genarrte
176 1458 396 1525 hindurch
2246 1465 2879 1540 Moser und aller anderen.
1321 1476 2252 1563 scheutum über Heldenglorie ragt. Diesen
177 1505 398 1577 gewesen,
394 1518 1332 1578 Volk erliegt! Dies ist der tiefste, der er¬
2336 1485 3170 1576 Daß es außer dem „seltsamsten Held“
1332 1541 2249 1612 Rhythmus traf Herr Schott vollkommen.
405 1557 1325 1624 schreckend prophetische Sinn von Schnitzlers
205 1547 397 1619 Burg¬
2247 1552 3186 1631 Medardus gestern abends auch im Publi¬
1324 1574 2248 1655 Auch sprach er einfach, agierte natürlich.
156 1599 399 1677 bst geehrt.
390 1596 1329 1674 dramatischer Historie. Sie war gestern
2247 1606 3179 1670 kum einen anderen „seltsamen Helden“
1331 1639 2251 1703 Wußte immer Mittelpunkt zu bleiben, ohne
181 1649 402 1727 Statisten
410 1655 1326 1735 geschrieben für ein Morgen, das wir erst
2247 1660 3159 1726 gab — dies konnte nicht anders sein —
1324 1684 2251 1751 pathetische Geste. Hätte seine Flamme mehr
173 1698 406 1776 e Bühne.
395 1706 1322 1769 heute im Spiegelbild des „Medardus“
2245 1701 3192 1771 wenigstens nicht nach Schnitzlers Philo¬
1317 1731 2237 1800 Wärme noch gegeben, dann bliebe keine For¬
174 1750 411 1817 s zur ge¬
406 1756 1326 1824 wirklich zu erkennen vermögen. Was „vor¬
2241 1747 3195 1827 sophie der dämonischen Schicksalsgroteske.
1325 1781 2237 1849 derung unerfüllt. Herrn Aslan war die un¬
168 1791 411 1868 t heutigen
2243 1807 3186 1879 Einem ersten stürmischen Versuch, Schnitzler
402 1799 1326 1863 her“ aber, als allzu krasse Anhäufung von
1329 1827 2249 1891 glücklichste Gestalt, jene des Marquis von
167 1846 410 1914 zustande.
2246 1849 3185 1921 auf der Bühne erscheinen zu sehen, folgte
404 1852 1327 1920 romantischen Abenteuern, von Moritat und
1331 1878 2243 1931 Valois, zugefallen. Er wußte mit edlem An¬
2236 1884 3193 1952 im nächsten Zwischenakt die eigentliche Ova¬
404 1900 1331 1972 Schicksalsprotzerei manchem erschien, auch
153 1896 400 1963 leistet, es
1325 1924 2238 1995 stand der Prinzessin von Valois unglückliches
154 1942 409 2014 len unge¬
2233 1944 3190 2019 tion. Ein Herr mit blondem Spitzbart, der
394 1950 1325 2010 dies ist Wahrheit für die Ueberlebenden
1326 1949 2235 2039 Opfer zu sein. Herr Maierhofer machte
2240 1991 3180 2074 in einer Loge saß, wurde ahnungslos zum
149 1983 411 2066 umentaler
394 1993 1321 2063 „der großen Zeit“ geworden: Ja mehr
1319 2009 2250 2091 aus der Kanaille Wachshuber, eine lustige
2245 2038 3195 2105 „Schnitzler=Ersatz“. Erst starrten nur Ein¬
154 2030 408 2109 artikelchen
396 2052 1331 2112 noch. Selbstverständlichkeit. Nach dem
1331 2071 2247 2142 Wiener Figur. In diesem Sinne führte er die
2247 2089 3183 2164 zelne auf die Loge. Dann aber tobte der
166 2074 410 2169 diums der
404 2094 1332 2157 Schicksal der Romanows, der Hohenzollern
1325 2119 2241 2171 Rolle mit Erfolg durch. Aber er blieb den
2250 2145 3174 2208 Sturm der Galerie dorthin; erhoben sich
403 2127 1338 2216 und der Habsburger, nach dem Schicksal
1325 2168 2249 2241 wirklichen Wachshuber, den bösen Geist, der
2235 2181 3181 2255 alle Logeninsassen; schrie das Parkett¬
402 2197 1334 2254 Europas und nach den Schicksalen der
165 2181 405 2270 Regisseur,
1329 2201 2231 2285 die Tragödie zum Abrollen bringt, ganz und
2242 2237 3181 2304 publikum seinen Enthusiasmus in diese
403 2243 1327 2307 Millionen einzelner, die in irgend einer
150 2253 405 2317 er Präg¬
1325 2269 2234 2330 gar schuldig. Von den zahlreichen Neu¬
2235 2282 3189 2353 eine Loge. Unermüdlich, viele Minuten
406 2280 1322 2355 Form Eschenbachs Los traf, erkennt man
153 2298 412 2368 hm anver¬
1327 2304 2243 2367 besetzungen fielen uns noch auf: Herrn Rom¬
2236 2328 3185 2408 lang, raste die Menge. Das Opfer aber,
399 2323 1326 2400 in dem chaotischen Wirbel von Geschehen
158 2338 409 2418 gien, ein
1331 2362 2236 2429 bergs Etzel, der auf die diskreteste Art
2233 2355 3171 2447 das sie haben wollte, es erhob sich nicht, um
397 2391 1325 2458 und Erleben das ewig echte Antlitz einer
153 2391 400 2470 er Rhyth=
1326 2408 2238 2481 einen Charakter zu bilden verstand; Frau
2237 2425 3176 2485 sich dankend zu verneigen. „Der blonde
402 2442 1330 2491 Wirklichkeit, die nur immer wieder von den
142 2431 400 2513 bührt vor
1321 2455 1465 2513 Ret
1552 2453 2232 2518 s anmutige: Nerina; Herrn
2240 2480 3175 2548 Herr“ blieb still und starr, denn eigentlich
399 2489 1330 2571 Menschen vergessen, aber stets von Dichtern
147 2484 402 2562 hlungenen
1321 2507 2140 2570 Schmöhles scharf gezeichneter Arzt.
2253 2526 3177 2592 saß er, dem dies alles galt, ja eben in einem
405 2533 955 2617 aufs neue entdeckt wird.
159 2532 406 2618 Herzens¬
1411 2543 2241 2633 Frau Wohlgemut ist in der Rolle
2240 2568 3179 2642 Coupé und fuhr entweder vom Haag nach
169 2592 402 2669 ihre ein¬
1324 2613 2251 2685 der Prinzessin von Valois vollkommen zu
2238 2615 3178 2688 Berlin, oder von Berlin nach Kopenhagen.
152 2629 402 2708 aben, eine
483 2649 1317 2716 So wurde „Der junge Medardus“
1330 2659 2250 2725 nennen. Haltung, Energie, ein Zug von
2324 2673 3174 2738 Daß ein Publikum, wenn es den Wert
144 2695 399 2761 zer Wahr¬
392 2671 1320 2775 gestern zu einem Ereignis. Nicht, weil es dem
1320 2711 2188 2768 Grausamkeit; ein Duft von Verführung —
2236 2705 3175 2776 eines zeitgenössischen, gemeinsamer Heimat
146 2726 401 2816 Kunst des
395 2737 1333 2808 Jubiläura galt. Nein! Weil es dem Werk
1316 2757 2240 2821 und Melancholie einer Entthronten waren
2236 2766 3175 2848 entsprossenen Dichters endlich einmal in
165 2789 412 2866 es, dem
408 2799 1325 2868 eines Dramatikers galt, den die Zeit erst
1328 2801 2237 2869 ihr eigen. So trat diese, zu durchbluteter
2232 2805 2917 2884 ergriffener, leidenschaftlicher
2891 2813 3188 2892 Hingabe
136 2817 410 2925 he restlose
408 2847 1317 2910 eingeholt hat. Der grandiose geschichtliche
1319 2853 2239 2913 Gestalt gewordene romantische Figur,
2241 2855 3150 2930 preist — doch immer wieder nur eine —
394 2881 1325 2954 Hintergrund, die dunkle Verbundenheit von
1327 2899 2240 2952 in den Mittelpunkt des Interesses. Frau
2231 2881 3170 2976 Maske feiert — dies war des Schnitzler¬
2318 2938 2389 2990 Ker¬
138 2925 1324 3007 10 — und Politik und Einzelschicksal, die heiter=melan¬
1322 2955 2250 3023 Bleibtreus schlichte Mutter Klähr ist
2238 2962 3173 3014 Jubiäum tiefsinnigstes und seltsamstes
2744 3006 2833 3056 .
2666 3010 2752 3051 1
153 3000 3182 3104 nschen von cholische, grotesk=bittere und unvergleichlich allerbeste Volksstück=Kunst geblieben. Und Abentene  B2
2531 3044 2959 3131 dert un Perere   erse
1819 3102 2110 3352 7#
