3392 4352
476 121 1361 199 ten Vorstellung dem Andenken dieses toten
464 176 1367 247 Dichters ein Dienst erwiesen ward, bleibe
462 212 1375 299 dahingestellt. Gleichwohl würde dieses
454 262 1377 344 Drama, wenn man Zeit hätte und Lust,
461 313 1369 394 mehr Liebe und Sorgfalt darau zu wen¬
460 361 1370 439 den, auch heute noch seine Wirkung auf das
453 419 1366 479 Publikum nicht verfehlen, aber von einer
456 453 1365 536 Wirkung auf das Publikum konnte gestern
457 502 1361 588 wahrhaftig nicht die Rede sein. Schon die
450 568 1358 636 erste Szene, von einer ganz stimmungs¬
459 604 1353 677 losen und überflüssigen Ouvertüre einge¬
444 653 1357 724 leitet, eine wundervoll seelisch abgestimmte
453 706 1367 782 Liebesepisode, wie sie nur einem Dichter
443 765 1360 836 einfallen kann, fand den Prinzen Valois
447 816 1347 887 und die Bürgerstochter (Eidlitz und Frau
440 851 1354 920 Ortner=Kallina) so wenig bei Stimmung,
435 899 1339 975 daß diese Stimmungslosigkeit gleich auch
435 958 1355 1019 auf das spärlich erschienene Publikum
442 998 1343 1079 überging und den ganzen Abend hindurch
437 1054 1345 1118 trotz mancher bemerkenswerten Leistung
439 1107 1342 1165 nicht weichen wollte. Um gleich von den
431 1161 1338 1226 Leistungen zu sprechen, die aus der Auf¬
437 1204 1344 1270 führung hervorstachen, so wären vor allen
436 1248 1338 1314 der prachtvolle, bis in die feinsten Details
432 1287 1338 1377 ausgeerbeitete Herzog von Valois, Georg
423 1348 1344 1423 Reimers and seine Tochter Helene, Frau
424 1403 1336 1468 Johannsen, zu nennen: ein wirkliches und
427 1450 1327 1523 wahrhaftiges Fürstenpaar! Diese zwei
431 1500 1330 1566 Menschen waren auch der „Lichtblick des
421 1554 1337 1622 mißglückten Abends. Im übrigen strotzte
416 1599 1336 1672 die Vorstellung von Fehlbesetzungen. In
422 1649 1324 1723 Frau Johannsen erwächst dem Burg¬
410 1702 1319 1768 theater eine moderne Schauspielerin von
417 1748 1321 1818 der Art der Roland. Der junge Herr Loh¬
415 1797 1332 1870 ner in der Titelrolle blieb ohne die richtige
425 1839 1314 1919 Führung, so daß der Gedanke auftaucht,
410 1897 1319 1962 warum er seit den „Leoniden“ nicht mehr
420 1925 1321 2022 dazu kommt, die Frage seiner Begabung
419 1994 1319 2056 endgültig zur Entscheidung zu stellen. Da¬
411 2049 1326 2109 mals stand Lohner allerdings unter der
409 2084 1305 2163 starken Hand Albert Heines. In Episoden¬
407 2136 1308 2213 rollen hielten Heine, Huber und Frau
407 2183 1305 2249 Mayen stand, womit leider über diese Auf¬
394 2226 1306 2316 führung so ziemlich alles gute gesagt ist.
403 2284 1312 2354 Wer hat die Fehlbesetzungen zu verant¬
400 2325 1299 2406 worten? Stammen sie von Herrn Röbbe¬
387 2372 1297 2459 ling oder vom Regisseur Herterich? In
399 2431 1297 2505 einem Falle müßte man wohl von Un¬
383 2469 1302 2555 kenntnis des Burgtheaters sprechen, im
385 2534 1310 2610 anderen Falle von einer Geringschätzung
384 2584 1316 2658 der Wiener, für die eine solche Durch¬
394 2630 1301 2700 schnittsvorstellung gerade gut genug zu sein
392 2674 1306 2757 scheint. Damit, daß man alle acht Tage
391 2735 1303 2803 eine Novität oder Neustudierung auf gut
387 2780 1292 2852 Glück herausbringt, läßt sich, vielleicht,
389 2822 1294 2895 einem Stadttheater zweiten Ranges, nicht
385 2882 1288 2949 aber dem Burgtheater dienen. Frau Me¬
373 2926 1294 2998 delsky, eine herrliche Charakterdarstellerin
383 2980 1294 3058 (wie man in „Rauhnacht“ gesehen hat), ist
381 3025 1291 3101 nun einmal keine Heldenmutter; den gan¬
377 3084 1297 3149 zen Abend über mußte man an Frau
371 3130 1291 3198 Bleibtreu denken; auch Herr Meyerhofer,
366 3175 1281 3245 ein sonst ganz ausgezeichneter Komiker,
374 3216 1277 3293 eignet sich gar nicht für den Eschenbacher.
363 3280 1274 3347 Höbling wiederum, der kein Charakter¬
362 3329 1289 3399 darsteller ist, hätte die Rolle mit Marr
358 3372 1281 3445 tauschen müssen. Schließlich müßte man
365 3424 1274 3478 den ganzen, ungefähr 70 Namen zählenden
358 3473 1274 3550 Theaterzettel herunterbuchstabieren, um die
352 3526 1278 3576 übrigen Fehlbesetzungen anzuführen. Unter
361 3573 1273 3642 allen diesen im Theaterzettel verzeichneten
367 3611 1269 3678 Personen, die zumeist unbekannt sind,
355 3656 1266 3732 herrschte die unglaublichste Verwirrung der
361 3710 1270 3778 Dialekte, vom Urwienerischen bis zum
358 3764 1268 3840 Hochberlinerischen des Herrn Schütze. Man
362 3810 1268 3884 schrie und bewegte sich nach Belieben, und
355 3867 1262 3938 der Theaterzettel hätte wahrheitsgemäß
356 3907 1263 3986 den Vermerk tragen müssen: keine Regie
390 3951 768 4027 — Herr Herterich!
1063 3971 1231 4030 R. L.
1922 695 2763 851 OBSERVER
2021 789 2696 899 österr. behördl. konzesionierten
1978 834 2719 956 Gmternehmen für Zestunge-Ausehmite
2041 893 2650 1006 WIEN, I., WOLLZELIE 11
2107 962 2599 1051 TELEPHON R-23-0-43
1898 1073 2534 1193 Ausschnitt aus: Inhaftennstin
2268 1134 2730 1241 A Wien
2252 1225 2628 1345 8.UA) 1332.
1863 1285 2014 1353 vom:
1907 1397 2755 1455 Die zweite Premiere: „Der junge
1861 1443 2753 1525 Medardus“ von Artur Schnitzler, neu¬
1854 1492 2414 1552 studiert im Burgtheater.
1905 1537 2749 1615 Es wäre der Mühe wert gewesen, dieses
1854 1597 2756 1651 schöne Werk wirklich neu zu studieren. Der junge
1855 1641 2755 1695 Medardus ist der österreichische Wilhelm
1849 1691 2742 1737 Tell. Unfähig der Tat, wird er doch zum Tun
1842 1729 2744 1798 getrieben, als „Narr seines Schicksals", und in
1847 1774 2747 1836 seiner Hand wird die Tat etwas andres, als er
1856 1829 2750 1899 wollte, etwas andres, als er sollte. Solch ein
1851 1869 2753 1940 Werk mit diesen abgründigen Erkenntnissen, mit
1843 1925 2744 1985 diesen wahrhaft geschauten Szenen und Figuren,
1843 1968 2763 2030 veraltet nicht von heute auf morgen. Ihr sprecht
1841 2012 2746 2079 vom österreichischen Schicksal? Hier, gerade hier
1850 2061 2745 2127 hat es ein Dichter gestaltet. Ihr wollt es nicht
1848 2114 2751 2177 wahrhaben, weil es nicht in die Legende, nicht
1842 2158 2742 2237 in die Lüge der Vergangenheit paßt — aber eben
1830 2179 2735 2267 deswegen ist das Drama nicht mit dieser Ver¬
1844 2255 2535 2304 gangenheit gleichzeitig untergegangen.
1890 2284 2748 2362 Eine dürftige Aufführung lehrt auch hier,
1833 2336 2734 2404 daß die Armut von der Powerté herkommt, von
1832 2373 2745 2449 der inneren geistigen Armseligkeit, die schärfer
1841 2442 2745 2512 in Erscheinung tritt als die verblaßten Deko¬
1839 2486 2744 2553 rationen und Requisiten. Manches ist geistig
1840 2535 2743 2598 erhalten geblieben, wie der Herzog von Valois,
1840 2578 2746 2633 dieses Grabdenkmal seiner selbst, von Georg
1842 2622 2729 2694 Reimers bewunderungswürdig dargestellt,
1840 2680 2742 2739 oder in kleineren Rollen Albert Heine,
1838 2721 2742 2791 Franz Höbling, Walter Huber, Hermann
1835 2775 2738 2843 Wawra, Fritz Straßni. Neu und gut in
1834 2816 2728 2893 kleineren Rollen sind Maria Kramer, Maria
1828 2856 2735 2931 Mayen, Gerda Dreger, Fred Hennings,
1840 2901 2735 2984 Hans Marr. Emmerich Reimers als Etzel,
1834 2955 2732 3033 beinahe ein Brackenburg, wahrt viel Haltung,
1829 3008 2727 3065 Lotte Medelsky als Frau Klähr müßte sich
1828 3055 2731 3117 nur vom letzten Rest einer Pathetik des Sprechens
1835 3101 2723 3168 befreien, um ausgezeichnet zu wirken; ihre
1831 3154 2721 3208 Schlußszene ist aufregend. Ferdinand Maier¬
1824 3205 2721 3263 hofer als Bürger Eschenbacher ist eine sonder¬
1822 3247 2728 3312 bare Fehlbesetzung, die seiner Begabung Abbruch¬
1825 3285 2736 3366 tut. Herr Lohner in der Titelrolle ist noch
1835 3332 2721 3406 immer sehr ungleich; wieviel könnte er unter
1827 3387 2718 3446 richtiger Anleitung gewinnen! Neu Ebba Jo¬
1828 3430 2721 3495 hannsen als Prinzessin von Valois. Ob Frau
1821 3479 2721 3544 Wohlgemuth, ihre Vorgängerin, und eine
1821 3515 2728 3575 sehr berühmte Vorgängerin, aristokratischer war,
1818 3573 2723 3621 wage ich nicht zu entscheiden, da ich in diesen
1818 3616 2721 3690 Belangen mich nicht zuständig fühle. Wohl aber¬
1820 3672 2723 3730 wage ich zu behaupten, daß Frau Johannsen der¬
1790 3688 2424 3790 größte Gewinn des Abends war.
2533 3717 2694 3778 D. B.
