3392 4480
895 342 957 418 M
1472 334 1915 443 box 26/5
146 344 1314 448 22. Der junge bedandus
1867 1432 3034 1521 Wirkung gerne widersetzt. Dies ist nicht die Art,
733 1441 1865 1549 gut aber . Es gad ein Abert Unfer sie¬
1872 1477 3022 1579 jemandem gerecht zu werden, einen Dichter zu
737 1514 1878 1592 tisches Publikum sagte sich: Aha, das Stück hat kei¬
1884 1522 3024 1616 verstehen; man muß in Feiertagslaune, ohne Bal¬
745 1560 1872 1649 nen Erfolg, denn jeder Mensch liest heute schon
64 1420 701 1667 illeton.
1873 1579 3023 1663 last ihm folgen und sagen: Da hast Du mich, jetzt
749 1614 1877 1701 zwischen den Zeilen und versteht klug die Journa¬
1880 1626 3041 1706 wiege mich in Deine Träume. Deshalb versuchte
754 1661 1878 1749 listen zu durchblicken! Leute, die vom Stücke keine
1889 1685 3038 1763 ich wiederholt nach der Lektüre des Werkes mir
75 1657 676 1788 Medardus.*)#
749 1710 1879 1790 Silbe lasen und nur höchstens eine Rezension
1879 1727 3031 1807 zur vielgerühmten Aufführung des Burgtheaters
748 1760 1881 1838 durchflogen, gefielen sich mit überlegenem Lächeln,
87 1746 716 1855 der „Pießburger Zeitung.“)
1885 1770 3040 1855 einen Platz zu verschaffen und erst jetzt kann ich
747 1809 1880 1893 das Stück abzutun. Doch ist dem nicht so! Ich
82 1819 728 1904 ist der einzige lebende Dich¬
1873 1833 2728 1915 was vom jungen Medardus erzählen.
746 1869 1866 1952 will versuchen, den Lesern von einem Theater¬
1971 1868 3032 1954 Die Grundfabel des Dramas, der eigentliche
74 1879 730 1964 arteien steht. In dem chao¬
746 1894 1889 1993 abende, ohne Versuch einer persönlichen Kritik ein
72 1929 732 2010 verschiedenen Anschauungen
1878 1941 3027 2002 Konflikt, ist kurz ausgedrückt folgender: Die Ju¬
762 1974 1877 2042 fach zu erzählen — ich bin aber überzeugt, daß alle
1897 1983 3032 2055 gend ist ungestüm im Aushecken von Plänen, sie
78 1983 734 2065 em Jahrhundert so viele Per¬
749 2008 1878 2096 jene, die sich einen persönlichen Geschmack zumu¬
1889 2020 3033 2100 hat den Kopf voll stürmisch drängender Ideen, aber
79 2015 739 2103 det jede Persönlichkeit neben
755 2053 1880 2143 ten und nicht mit den Wölfen zu heulen gewohnt
1899 2069 3034 2153 das Leben lacht sie aus, denn ein Ruck genügt, um
78 2093 746 2151 krern ablehnende Gegner und
753 2103 1871 2193 sind, zumindest das Verlangen in sich spüren wer¬
1897 2115 3031 2203 sie aus dem Geleise zu bringen. „Gott will sie
70 2127 749 2203 Prophet einer vollkommeneren
761 2163 1877 2238 den, die nähere Bekanntschaft des „jungen Medar¬
1891 2173 3037 2267 zum Helden schaffen, aber der Lauf der Dinge
83 2184 748 2253 von den Besonneneren und
745 2228 1154 2313 dus“ zu machen.
1895 2204 3050 2293 macht Narren aus ihnen.“ So ergeht es auch dem
79 2234 744 2305 selben Einmütigkeit als un¬
846 2254 1893 2322 Ein dramatisches Werk wirkt nur von der
1899 2267 3048 2345 jungen Wiener Bürgersohn Medardus, der im
76 2279 744 2351 tlos abgelehnt. Schnitzler
752 2296 1893 2391 Bühne. Die Lektüre ist nur ein schwacher Versuch,
1897 2316 3049 2406 Vollbesitze seiner gesunden Kraft den unbestimmten
76 2327 752 2410 Jahrzehnt über allen diesen
755 2346 1892 2443 den Eindruck eines Theaterstückes zu genießen und
1898 2368 3053 2442 Drang hat, Heldentaten zu vollführen, eine große
74 2369 750 2455 ##che, die ihm andere Drama¬
760 2389 1891 2494 zumeist das Hilfsmittel jener, die in der Gesell¬
1900 2418 3058 2498 Tat zu begehen. Das ereignisreiche Zeitalter
99 2415 758 2499 sind seine Romane zu weich.
766 2429 1887 2534 schaft über alles zu sprechen wissen müssen, was in
1909 2462 3053 2542 Napoleons narrt ihn zuerst, es lockt ihn in die
84 2479 748 2554 ob man jung oder alt, Idea¬
770 2495 1895 2588 der Mode ist, ohne das Bedürfnis zu haben, ihre
1910 2511 3045 2591 Schaar der begeisterten Soldaten, die sich dem
77 2516 756 2604 bolist oder Naturalist sei, mit
761 2528 1899 2623 eigene liebe Persönlichkeit dem Dichter zu widmen;
1912 2558 3050 2639 Welteroberer in den Weg stellen wollen; aber die
81 2586 738 2645 bundernden Geste steht jeder
768 2589 1895 2687 die Lektüre ist nur ein Surrogat, ein Ergänzungs¬
1912 2621 3058 2696 Enttäuschung eines jeden Soldaten bleibt ihm
84 2621 757 2696 n Werken geblättert, vor die¬
773 2621 1905 2731 mittel. Denn die psychologische Arbeit des Lesens
1916 2661 3042 2736 einstweilen erspart, denn ein neues Ereignis stellt
84 2660 746 2747 ohne Zweifel einer der Aus¬
765 2698 1892 2771 geschieht bekanntlich in erster Reihe durch den Ver¬
1911 2711 3052 2790 sich ihm in den Weg und erfüllt ihn mit einem
91 2713 751 2792 rist. Ein jedes seiner neuen
776 2747 1899 2835 stand; bis der Sinn eines gedruckten Wortes in
1917 2769 3051 2836 neuen Vorhaben, er muß den Tod seiner Schwe¬
88 2776 756 2852 isse; sei es mehr oder weniger
761 2798 1891 2865 uns ersteht, hat die Pernunft eine ziemliche Auf¬
1910 2802 3053 2887 ster, die von der Prätendenten=Familie der Va¬
94 2817 759 2900 inen Irrtümern und Unvoll¬
1280 2841 1902 2912 unserem Gemüte kommt
1913 2857 3051 2932 leis verschmäht, ihre Schande in die Wellen der
770 2861 1149 2936 gabe zu lösen
83 2872 751 2966 es ein anziehendes, erquicken¬
778 2876 1908 2975 dann eine Rolle zu, wenn wir uns vorstellen, wie
1909 2916 3050 2979 Donau begrub, rächen. Wie Hamlet denkt er an
769 2932 1908 3030 diese geschilderte Person auf unsere Augen wirken
1914 2955 3046 3045 nichts anderes, als an Rache und Vergeltung und
94 2941 757 3039 drama Schnitzlers hörte man
774 2986 1901 3074 würde, wie dieser Ausruf in unser Ohr klingen
1915 3004 3050 3080 wie der dänische Königssohn zerschellt auch er an
87 3020 760 3093 ##rde sogar, was sonst bei dem
783 3040 1894 3124 würde! Anstatt dem Dichter nun unser empfäng¬
1913 3051 3055 3141 der Größe seines Beginnens. Der Zufall narrt ihn
99 3068 772 3141 nicht Sitte ist, Reklame damit
780 3080 1908 3171 liches Herz zu leihen, das er durch Vermittlung
1916 3088 3054 3189 zum zweitenmal; er spiegelt ihm die süßeste Mög¬
96 3121 772 3189 e Berichte über die Aufführ¬
775 3129 1903 3215 der Sinne in der denkbar mannigfaltigsten Weise
1926 3149 3056 3227 lichkeit der Rache vor in der Gestalt der stolzen
99 3157 775 3232 sowie auch die Besprechungen
775 3185 1910 3263 beherrscht und auf dem er die verschiedensten Ska¬
1924 3202 3065 3274 Prinzessin, an der er sich Auge um Auge, Zahn um
91 3214 775 3283 inen Werkes, waren ein wenig
775 3227 1916 3322 len menschlicher Empfindungen erstehen und ver¬
1922 3251 3058 3338 Zahn rächen will; wie ihr Bruder seine Schwester
118 3267 763 3355 hieß es: Sehr schön, sehr
795 3272 1918 3370 schwinden läßt, sehen wir ihn durch den gedruckten
1916 3308 3060 3378 zu Schanden brachte, so will er sie besitzen und be¬
791 3324 1921 3414 Buchstaben mit unserer nüchternen, durchdringen¬
92 3348 774 3449 del erschienen beim Verlage
780 3351 3076 3483 den kalten Vernunft, die sich spröde einer jeden schämen. Aber die Gegenwart ist gar zu schön, die
