3344 4384
966 150 1133 221 Med
226 136 1406 257 2 unardus
1559 165 2017 259 box 27/4
814 920 1757 992 Menhrdus?' les heures troubles de l’an 1800
1812 937 2738 991 nale et curieuse avec ses motifs de réve, qu'un
1800 995 2743 1055 poéte hongrois Franz Molnar vient de donner
822 992 1742 1056 à Vienne, à l’époque ou Napoleon tenait cour
819 1044 1738 1086 à Schönbrunn et ou en maintes maisons bour¬
1802 1043 2740 1108 au Burgtheater, et que son nouveau directeur,
821 1093 1751 1150 geoises se logeaient les officiers de son armée
1807 1082 2708 1160 l’incomparable comique M. Hugo Thimig —
1814 1146 2735 1206 qui succéde au baron von Berger — a monté
822 1141 1751 1207 glorieuse. L’ombre de l'histoire s’y glisse rapide,
816 1203 1744 1249 pendant que sur scène l'intrigue qui se dénoue
1818 1194 2735 1241 avec grand succés. M.M. Tressler, Paulsen et
1824 1244 2556 1291 Mile Marberg s’y sont fait applaudir.
826 1240 1744 1288 touche au vif à l’histoire la plus intime de
828 1297 1741 1347 quelques anciennes familles viennoises. Arthur
1856 1293 2737 1352 Le Lessing Theater de Berlin, qui doit sa
815 1348 1752 1409 Schnitzler est aujourd'hul le plus important et
1816 1348 2739 1410 carrière glorieuse au tres fin littérateur Oscar
824 1394 1738 1448 le plus profond des dramaturges autrichiens, le
1815 1397 2743 1446 Blumenthal, le créateur de maints vaudevilles
820 1452 1745 1504 seul qui semblait capable d’écrire unc comédie
1807 1446 2736 1512 joyeux et de piéces de vers, a été spirituelle¬
818 1504 1743 1543 de telle envergure et des’identifier puissamment
1809 1490 2743 1551 ment dénomméle “ théätre des vivants II
822 1545 1754 1611 avec les grands gestes de l’histoire. II dut lutter
1817 1552 2724 1613 semble que Hugo Thimig pousse le Burg¬
830 1595 1740 1662 contre la censure. Sa dernière cuvre“ Projessor
1809 1601 2744 1668 theater dans la mème voic. En quelques mois,
820 1641 1749 1710 Bernhardi fut interdite parce qu’elle posaitle
1810 1651 2740 1711 il a présenté au public trois poétes nationaux:
825 1696 1755 1749 probléme dangereux des relations entre l’Eglise
1817 1697 2736 1768 Taddaus Rittner, Stephan Zweig et Raoul
816 1742 1753 1800 et l’Etat, et qu’en Autriche S. M. l’Eglise est
1813 1757 2736 1801 Auernheimer. Avec un vaudeville tout à fait
827 1806 1745 1847 sacro-sainte, — malheureusement. La censure
1817 1801 2727 1868 moderne“ Das Paar nach der Mode?’ ce der¬
818 1852 1743 1911 qui est d’habitude trés libérale, n’agit ich que
1810 1854 2724 1909 nier a brillamment réussi. A coups de boutoir
818 1906 1744 1963 lorsque les questions ecclésiastiques sont en jeu.
1809 1900 2732 1964 hardis, il a dépeint le ménage moderne, déjeté,
815 1949 1737 2017 Récemment, un des plus grands savants d’Au¬
1820 1957 2737 2008 tirant à hue et à dia, cyniquement actuel. C’est
814 1997 1745 2062 triche, le conseiller d’Etat Dr Karl Glossy,
1806 2009 2726 2063 une piéce plaisante, bonasse, qui récéle pour¬
824 2054 1748 2111 qui est particuliérement au courant des ques¬
1813 2067 2726 2117 tant une dure vérité; ily flagelle l’éducation
816 2104 1753 2160 tions littéraires et politiques de l’histoire locale
1805 2114 2740 2174 superficielle qui n’agit que sur les muscles et
819 2153 1753 2209 a publié dans une brochure sur la censure la
1815 2156 2735 2202 les nerfs et ne forme point le cceur. Son style
822 2194 1752 2266 liste des piéces interdites à Vienne depuis son
1809 2201 2739 2252 modernisé est amusant et gracieux et d’un
817 2252 1747 2300 institution. Aussi, en 1817, la représentation
1817 2256 2728 2315 détail parfaitement posé. M. Auernheimer s’est
816 2303 1736 2352 des drames bibliques elle-méme était interdite.
1818 2299 2729 2364 découvert un art subtil qui ressemble à celul
817 2353 1743 2413 On ne permit qu’en 1850 au Burgtheater de
1809 2355 2729 2405 de Donnay ou de Capus et qui peut le mener
824 2395 1745 2464 monter Les Brgands de Schiller. Nathan ie Sage
1818 2400 2552 2469 rapidement sur les routes du succcs.
813 2449 1740 2515 de Lessing, le beau drame de la tolérance reli¬
1865 2451 2731 2523 Vive la Hongrie! Vienne importa jusqu'ici
818 2510 1751 2566 gieuse dut subir les mutilations que lui infligea
1802 2500 2733 2568 le paprita rouge qui est lui-méme déjà un art
815 2550 1749 2603 le souffleur de ce môie théätre et les opinions
1825 2553 2737 2607 hongrois, le Tokay clair et l’avenante soubrette.
814 2607 1744 2665 personnelles de l’auteur, la satire, la critique
1818 2611 2735 2673 Aujourd'hui les vaudevillistes et compositeurs
826 2651 1742 2723 contre les rois et les mauvais bergers, furent
1810 2649 2731 2707 hongrois passent la frontière. IIs encombrent
817 2701 1744 2764 impitoyablement coupés. La censure théatrale
1816 2709 2739 2754 la scène viennoise de leur art national. Ce n’est
821 2757 1751 2803 actuelle reléve, je le répéte, d’une conception
1805 2775 2740 2826 pas seulement au Burgtheater qu’on joue la
818 2802 1749 2862 toute moderne. Seul, le gouverneur impérial
1805 2809 2735 2865 piéce d’un hongrois, mais au Volkstheater
826 2850 1730 2915 Baron Richard von Binerth, qui fut jadis prési¬
1810 2858 2736 2910 allemand ou la firme hongroise des poétes
830 2901 1735 2960 dent du conseil, peut y trouver quelque intérét.
1811 2908 2735 2959 Lenggel et Biro sévit avec éclat. Leur piéce
873 2949 1734 3021 Pour en revenir àl’état actuel de la produc¬
1820 2967 2731 3019 violente, un peu légérement, quelques épisodes
821 3006 1748 3048 tion dramatique en Autriche, il faut noter que
1806 3015 2728 3071 de la vie de la grande Catherine II de Russie.
827 3048 1739 3104 la piéce bourgeoise a déplacé l’axe du théätre
1799 3057 2725 3114 Sur le modéle des piéces de Scribe et de Sardou
818 3109 1740 3166 et remplacé les piéces historiques et veristes. II
1816 3107 2735 3172 Die Zarin est une piéce forte, admirablement
818 3154 1745 3217 s’agit de la piéce de caractères. On peut con¬
1807 3166 2735 3209 charpentée, batie avec art, neuve et curieuse;
821 3206 1742 3271 sidèrer comme telle cette violente diatribe
1813 3214 2736 3275 mais un mirage faux de ce mélange de sensi¬
823 3257 1751 3317 contre la justice russe: Le Cadaure #ivant la
1814 3256 2741 3305 bilité et d’audace qui caractérisait la célébre
817 3308 1744 3356 piéce posthume du grand philosophe humani¬
1818 3308 2750 3358 impératrice. II semble que sous la direction
826 3362 1736 3417 taire Léon Tolstol. Comédie bourgeoise aussi,
1819 3359 2737 3404 Weisse les belles lettres ont glissé dans l’ornière
824 3410 1744 3473 cette Das MTärchen von Holf infiniment origi¬
1800 3408 2736 3476 au Volkstheater. Le Deutsches Volkstheater
2143 4096 2248 4167 er
