3392 4192
963 99 1021 173 M
236 96 1415 224 22. Derjunge Ledandus
1551 115 2022 216 box 26/5
1264 916 1650 1020 Telephon 12.801.
1665 1058 2923 1161 Bürger und Bürgermeister sind mit sauberster Delikatesse in feinster
682 978 1473 1173 „OBSERVER“
2920 1104 3330 1191 die Donau. Die Mu
1663 1114 2918 1197 Strichelmanier hingepinselt. Keiner ragt sonderlich aus dem Haufen
2911 1147 3312 1203 innen. Man sieht:
532 1141 1637 1227 1. österr. beh. konz. Unternehmen für Zeitungs¬
1664 1168 2915 1241 hervor, aber jeder von den vierzig hat sein eigenes Wiener Gesicht.
2911 1193 3320 1258 schmückendes Attribut
744 1186 1444 1275 Ausschnitte und Bibliographie.
1665 1206 2919 1290 Um alle diese Physiognomien unterscheidend zu genießen, dazu ist's
2955 1237 3333 1313 Nur der junge M
1671 1256 2919 1328 freilich nötig, daß man sich sie ganz aus der Nähe anschaut. Die
706 1235 1488 1328 Wien, I., Concordiaplatz 4.
2921 1260 3316 1346 wollte in den Krie
1672 1292 2906 1372 erste Parkettreihe ist schon ein bißchen zu weit .... Am besten
2911 1314 3261 1381 Abschiedsschmaus
930 1308 1274 1390 Vertretungen
1668 1337 2916 1408 sieht man die Gesichter, wenn man sich abends zu Hause in
2908 1364 3244 1422 an der Donau
523 1343 1637 1446 in Berlin, Brüssel, Budapest, Chicago, Cleveland, Christiania,
1670 1372 2910 1453 sein Fauteuil setzt und sich die Leute im Buch anschaut . .. Ueber den
2911 1400 3247 1472 hereingetragen.
529 1418 1643 1477 Genf, Kopenhagen, London, Madrid, Mailand, Minneapolis,
1653 1415 2915 1505 Altwiener Porträts der Familien Klär, Eschenbacher, Berger, Grin¬
523 1438 1637 1524 New-Vork, Paris, Rom, San Francisco, Stockholm, St. Peters¬
2905 1443 3317 1503 liebt, der sie nich
1660 1465 2911 1539 zinger sieht man, in besserer Theaterperspektive, die Gestalten im
924 1491 1250 1546 burg, Toronto.
2910 1493 3322 1548 in die Donau. (Die
1670 1512 2908 1585 Hause des emigrierten Herzogs von Valois. Ein französischer Prä¬
881 1529 1301 1598 (Quellenangabe ohne Gewähr.)
2912 1532 3310 1599 wie einen Handschuh
1666 1552 2913 1612 sendent, der immer noch das Schauspiel seiner Königlichkeit auf¬
2913 1566 3312 1634 im Rundgemälde.) 9
516 1568 942 1657 Ausschnitt aus:
1668 1596 2912 1671 führt ... Ueber das ganze Panorama aber fällt ein riesiger
2909 1624 3304 1675 und bleibt in Wien.
1655 1634 2910 1709 Schatten, die Silhonette des Mannes, der zu groß war, als daß ihn
783 1625 1532 1736 BSERLINER TAGBLA
2910 1660 3321 1717 schnell der Napoleonh
1662 1678 2913 1744 Schnitzler mit seinen zarten kleinen Pinselstrichen auf seinem histori¬
2910 1702 3322 1764 eines Familienereign
519 1687 696 1752 vom:
1664 1720 2631 1787 schen Tableau hätte unterbringen können: Napoleon.
1027 1696 1379 1789 erb1
892 1710 1014 1799 1
2910 1740 3312 1803 Arathe werden in
970 1721 1357 1827 WirAbrn 1919
1694 1771 2905 1835 Für den Wiener bringt Schnitzler allerlei Verführungsmittel, die
2901 1782 3319 1846 Medardus der Prin
1645 1784 2913 1881 über die fünf Stunden helfen: Das ganze alte Wien steht vor uns
2911 1826 3323 1897 Blumen vom Gra
1646 1844 2908 1930 auf der Bühne: Die Bastelen, das Glazis, das Schönbrunner Schloß.
572 1820 1460 1928 „Ber junge Medardus.“
2897 1861 3316 1929 mütig mörderischen
1651 1883 2898 1961 Vom Kärntner Tor wird geredet, der Tratinerhof steht in Flammen,
2895 1909 3324 1973 der feindseligen Bli
502 1900 1565 1991 (Von unserem Wiener Korrespondenten.)
1656 1929 2903 1996 ##er Erzherzog Karl, der Sieger von Aspern, wird erwartet. Es gibt
2908 1947 3331 2027 anhebende Liebesgesch
1048 1967 1632 2035 #gs Wien, 24. November.
1658 1971 2899 2045 Huldigungen für Kaiser Franz, Kriegslieder von Heinrich von Collin
2898 1997 3323 2060 am ehesten thealerha
447 1995 1654 2079 Ter erste große Abend des Burgtheaters, seit Baron Berger hier
1658 1994 2903 2085 werden gesungen, Altwiener Friedhöfe und Wirtsstuben an der Donau
2894 2035 3317 2099 einem Valois im Zwe
392 2018 1657 2122 ist. Bis jetzt bot er löbliche Professorenarbeit: Calderon, Bauernfeld,
1656 2057 2904 2130 sind da. Mit einem Wort: Im wienerischen Gemüt werden hundert
2904 2080 3327 2151 und die Nacht verbri
391 2090 1659 2151 Heyse, J. V. Widmann ... Alles sehr löblich, sehr verdienstlich,
1657 2096 2901 2172 Reminiszenzen angerührt und aufgeweckt, diesen Reminiszenzen wird
2901 2124 3323 2185 zessin Helene. Er wal
392 2133 1174 2191 nur ohne eigentliche Theaterleidenschaft ..
1202 2135 1652 2200 Arbeit für das seiner¬
1647 2140 2898 2215 die Plastik der Bühne geliehen. Kein Wunder, daß ein allgemeines
2902 2166 3307 2225 erotische Absichten be
398 2162 1653 2250 zeit erscheinende Werk: Das Wiener Hofburgtheater, von Joseph
1646 2177 2900 2255 Ahl durchs Parkett ging, als ein Bild die Burgbastei lebendig vor¬
2892 2203 3297 2264 dem Pathetischen ve
396 2205 1085 2265 v. Sonnenfels bis Alfred v. Berger.
1654 2225 2901 2308 führte, von Soldaten und Bürgermädeln, von Müttern und Offi¬
2893 2245 3322 2312 nehmen am Hause Va
1652 2262 1920 2329 zieren besetzt.
435 2267 1656 2328 Das neue Drama Arthur Schnitzlers ist, bloß äußerlich gemessen,
2892 2290 3296 2348 ganz unwienerisch?
390 2300 1648 2376 in großen Dimensionen gehallen Generalprobe dauerte fünf
1697 2312 2907 2400 Es wird viel geschossen in Schnitzlers nicht immer dramatischer
2896 2332 3328 2400 nächtlichen Annehmlic
387 2346 1645 2407 Stunden, die Premiere begann um halb sieben, und gegen zwölf war
1645 2357 2903 2435 Historie. Wiener in Uniform — ist das nicht eher ein
2899 2378 3318 2432 soll Napoleon erstechen
398 2383 1653 2462 sie zu Ende. Es gibt in dieser „dramatischen Historie“ etwa achtzig
1651 2396 2906 2462 Komödienstoff? Aber der junge Medardus und die anderen
2899 2422 3317 2486 den Valois den Wig
385 2430 1646 2499 Rollen. Solche Dimensionen verpflichten auch zu innerer Größe!
1639 2431 2896 2513 Altwiener Bürgersöhne sind tragisch gestimmt und nur die
2895 2462 3317 2518 schon den Dolch im G
381 2475 1650 2540 Zweitausend Menschen fünf Stunden lang schweigend, lauschend bei¬
1643 2476 2905 2554 behäbigen Schlachtenbummler, die Bürgerwehr, die auf den
2899 2510 3310 2558 ihn zum „verhinderte
383 2507 1644 2581 sammen zu halten, da genügt's nicht, gerstreich, lyrisch, psychologisch
1648 2518 2900 2600 Basteien Soldat spielt, bringen einen wienerisch frozzelnden Ton in
2894 2546 3316 2604 Napoleon vor dem Sch
386 2543 1644 2628 nuanciert sein. Diese Zweitausend müssen in Bann gehalten, ge¬
1635 2552 2889 2638 die herkömmliche Vor=der=Schlacht=Stimmung. Es fallen viele hier
2891 2585 3320 2645 mns Ohr, des Korsen
389 2591 1595 2673 bändigt werden, wenn nicht zuweilen — fünf Stunden sind lang -
1638 2611 2893 2672 den Heldentod. Der brave Sattlermeister Eschenbacher läßt sich, ohne
2894 2625 3312 2696 Medardus die Marau#
388 2642 1580 2708 ein leichtes Seufzen der Ermattung durch die Reihen gehen soll.
1632 2639 2894 2721 sein feelisches Gleichgewicht zu verlieren, von den napoleonischen Sol¬
2886 2674 3318 2729 Schwanlenden böte si
1633 2678 2885 2762 daten niederschießen, weil in seinem Brunnen ein paar Landkarten
912 2692 1129 2762 * * 3
2898 2719 3310 2767 nämlich auch Heiene ei
1641 2731 2885 2806 gefunden werden. Einem uralten Herrn wird das Enkelkind von der
2896 2755 3309 2820 Medardus wurde so zu
393 2723 1641 2826 Schnitzler hat ein kunstreiches Werk geschrieben. Sein „Medardus“
1634 2781 2892 2850 Hand weggeschossen, er raunzt nicht, sondern sagt nur greisenhaft=kind¬
2885 2800 3287 2859 versichern, daß er
372 2787 3144 2856 ist ein Panorama des Altwien von anno 1809. Vierzia Wienerklich: So, so. . Einer Wiener Mutter Kind geht mit dem Geliebten inginge frei.
