3392 4224
1089 104 1155 172 M
356 89 1632 210 22. Derundandus
866 1746 928 1819 3
956 1714 1709 1892 Rümdunger Tendenbiat
1188 1973 1524 2062 Theater,
950 2029 1761 2152 Kunst und Wissenschaft.
1081 2170 1626 2263 Berliner Theater.
1052 2254 1639 2321 „Der junge Medardus“.
863 2287 1808 2372 Oramatische Historle von Arthur Schnitzler.
990 2343 1691 2423 Erstaufführung im Lessing=Themer
1315 2398 1779 2481 Berlin, 25. Oktober.
947 2450 1818 2514 Schnitzlers junger Medardus ist schon
863 2476 1814 2562 ein ziemlich altes Stuck und hat auch innerlich
861 2524 1802 2600 nichts Jugendliches, obwohl sehr junge Menschen¬
864 2555 1814 2646 kinder im Mittelpunkt stehen. Aber es spielt auf
856 2598 1808 2676 dem Hintergrunde einer Kriegszeit, in Wien
852 2630 1793 2722 vor der Schlacht bei Aspern, es kommen Sol¬
862 2685 1764 2755 daten auf die Bühne, es wird vom Kriege ge
864 2722 1811 2789 redet, sogar recht viel geredet, und zum Schluß
859 2759 1799 2835 dreht es sich um Napoleon, — also dachte das
860 2809 1799 2869 Lessing=Theater nicht ganz ohne Grund, dies
856 2843 1796 2903 sei die Zeit für solch ein Stück, das solange
859 2866 1801 2947 im verschwiegenen Dunkel geblieben, und es
849 2918 1811 2991 sei trotz allem bedankt, denn schließlich ist Ar¬
847 2963 1794 3015 thur Schnitzler doch einer der Wenigen, die
849 2990 1807 3068 selbst zwischen den Schlachten gehört zu werden
848 3025 1087 3082 verdienen.
938 3064 1801 3162 „Dramatische Historie“ sollte doch bedenten:
848 3128 1797 3193 Schauspiel auf geschichtlichem Hintergrund;
854 3161 1843 3241 warum also nicht einfach „Schauspiel“? Lessing 18
1680 116 2125 213 box 27/2
2480 1154 2547 1221 Ka
1867 1203 2816 1275 hat sich für seine „Minna“ doch mit „Lustspiel“
1869 1242 2810 1311 begnügt. Diese Kleinigkeit nur nebenbei; mir
1866 1280 2817 1352 sind alle gespreizte Benennungen durchaus zu¬
1865 1317 2017 1374 wider.
1938 1361 2805 1441 Der junge Medardus ist nichts weiter als
1868 1410 2812 1472 ein junger Wiener Bürgersohn, der auf den
1864 1441 2801 1519 Namen Medardus hört, und seine Erlebnisse
1873 1482 2810 1548 sind zwar sehr bewegt, aber keineswegs hoch¬
1855 1521 2811 1593 dramatisch, aus dem bösen Grunde, weil uns
1860 1558 2797 1634 dieser junge Medardus sehr gleichgültig ja
1859 1605 2795 1672 eigentlich ganz fremd bleibt. Wir hören Worte,
1857 1635 2800 1713 wir fühlen keine Seele. Seine Schwester, auch
1865 1678 2800 1747 nur eine Schattengestalt, ist von einem fran¬
1860 1715 2809 1788 zösischen Prinzen von Valois, einem der durch
1861 1756 2803 1818 die Revolution nach Wien versprengten, ver¬
1861 1790 2804 1860 führt und geht mit ihm in die Donau, was
1859 1835 2800 1907 mir für einen französischen Verbannungsprinzen
1853 1875 2796 1950 reichlich unglaubhaft erscheint. Medardus schlägt
1858 1910 2784 1986 sich mit dem Bräutigam der Schwester des
1851 1948 2781 2029 toten Prinzen, eine sehr weitläufige Rache,
1857 1985 2787 2063 und er verführt alsdann, trotz seiner bedenk¬
1858 2025 2789 2103 lichen Brustwunde, die Schwester des Prinzen,
1853 2071 2791 2135 aber nicht aus Rache, sondern mehr aus Ver¬
1856 2102 2786 2169 liebtheit. Zum Schluß gibi es einen von der
1855 2139 2792 2220 Prinzessin gewollten, aber nicht ausgeführten
1851 2176 2791 2257 Mordangriff gegen Napoleon und ein hochauf¬
1846 2220 2781 2287 gebauschtes, aber innerlich gewaltsames Ende.
1841 2260 2782 2323 Nein, dies ist kein Drama einer Seele, sondern
1839 2298 2784 2365 höchstens ein Stück mit einer wildbewegten,
1834 2339 2786 2406 aber schon darum nicht wahrhaft dramatischen
1838 2378 2794 2446 Handlung, weil uns nicht ein Mensch darin
1836 2414 2787 2471 näher aus Herz rückt. Man wird den Gedanken
1842 2459 2777 2518 nicht los: Es ist Krieg, des jungen Medardus
1827 2496 2788 2567 Vaterland ist in Gefahr, er hat auch schon
1832 2533 2772 2601 das Kriegsgewand an; aber er zieht nicht in
1827 2565 2780 2643 den Kampf fürs bedrohte Vaterland, sondern
1832 2602 2755 2678 bringt das lange, lange, bis Mitternacht —
1837 2643 2148 2707 von 7 Uhr ab
2148 2654 2751 2723 — währende Stück damit zu,
1829 2678 2767 2767 seinen eigenen ganz unkriegerischen Abenteuern
1818 2724 2089 2789 nachzugehen.
2366 2739 2729 2806 Eduard Engel.
