3344 4352
1740 85 3282 218 en i het vena
1793 154 3287 248 der Liebhaber der Frau Dr. Kelemen, wie er vergeblich versucht Darsteller k
1716 180 1797 272 n,
1800 207 3049 264 habe, Karriere zu machen. Er sei weder der große Feldherr ge¬
3036 238 3292 309 Rollen durch
1784 248 3042 324 worden, wie er es sich erträumt hatte, noch der hervorragende
3042 294 3297 355 Lachens, we
1716 287 3041 374 m Diplomat, noch der bedeutende Künstler, noch auch ein Lakai. Als
3042 343 3287 406 immer komi
1776 341 3034 427 er zur Assentierung reif gewesen, sei er von Paris in die Heimat
3029 391 3290 452 zwischen kalt
1746 398 1803 468 in
1788 405 3030 469 gefahren im Gegensatz zu den Serben, die sich stets auf ihrer
3038 436 3292 503 weniger schu
1779 442 3028 525 Botschaft zur Assentierung melden. Die Angebetete wendet darauf
3031 488 3292 562 qualen. Erst
1786 498 3038 571 ein, die Serben hätten doch keine Botschaft, sondern nur eine
3029 536 3296 611 An dieses
1779 548 3038 619 Gesandtschaft. Diese Bemerkung erregte sofort ängstliches
3027 582 3300 652 Soupers, dic
1775 595 3052 670 Kopfschütteln — aber nicht im Publikum, denn dieses hörte am
1772 635 3059 698 Abend der Premiere gar nicht mehr das Wort von den Serben.
1776 696 3041 751 An die Stelle unserer heißblütigen Nachbarn hatte man die uns
1770 735 3048 837 befreundeten Rumänen eingeschaltet. Vorsicht war entschieden
1770 791 3050 864 angezeigt. Wenn die großmachtlüsternen Serben gehört hätten,
1775 841 3059 918 daß man ihnen in Wien nicht bloß das Recht auf den adriatischen
1772 888 3043 956 Hafen, sondern auch auf die Bezeichnung ihrer diplomatischen Ver¬
1769 926 3042 1011 tretungen als Botschaft bestreite — der Krieg wäre unvermeidlich
1774 991 3042 1068 gewesen. Die friedliebenden Völker Oesterreichs werden der Burg¬
1781 1037 2439 1097 theaterleitung Dank dafür wissen.
1867 1074 3050 1156 Die modernste Inszenierungskunst schwankt zwischen dem
1775 1117 3052 1211 „intimen Raume“ und dem „Theater der Fünftausend“. Beiden
1776 1181 3051 1264 Formen des Theaterraumes muß sich die Schauspielkunst an¬
1768 1228 3052 1306 passen. Der Schauspieler muß sich im kleinen Raume dessen
1773 1279 3051 1353 bewußt sein, daß ihm das Publikum schärfer auf die Finger sieht
1769 1329 3047 1402 als sonst, während im Riesenraum die Körperlichkeit des Dar¬
1767 1371 3038 1452 stellers dem Publikum fast völlig entrückt ist. Interessant ist es
1765 1426 3039 1496 nun, daß es sich sehr häufig auch in Theatern von ganz
1763 1471 3031 1547 normaler Größe ereignet, daß Schauspieler das Empfinden dafür
1761 1514 3032 1595 verlieren, wie weit die Beobachtungsgabe und Kritikfähigkeit des
1766 1569 3034 1647 Publikums reicht. Man kann es schließlich verstehen,
1764 1606 3044 1697 daß auch wahre Künstlernaturen nicht immer restlos in ihren
1757 1661 3041 1722 Rollen „aufgehen“, daß sich auch auf der Bühne ihr eigenes Ich
602 1664 1552 1745 in Berlin, Budapest, Chicago,—Christiania, Gen.,
1756 1713 3027 1796 nebeu die dargestellte Figur stellt, dieser lächelnd über die
593 1717 1689 1783 hagen, London, Madrid, Mailand, Minneapolis, New-Vora,
652 1772 1656 1836 Paris, Rom, San Francisco, Stockholm, St. Petersburg.
1793 1761 3033 1837 schulter blickt. Nie aber darf das auf einer disziplinierten Bühne
939 1812 1378 1874 (Quelienengube ehme Gewe#.
1813 1821 3033 1888 weit gehen, daß das momentane private Empfinden eines
594 1828 1508 1962 Ausschnitt aus: Heuos Wiener Journal, Wien
1785 1863 3027 1939 inzen Ensembles einen Abend lang allzu merklich neben dem
1779 1913 3031 1981 stücke herläuft. Nichts ist illusionsstörender, als sehen zu müssen,
1788 1954 3043 2021 ie Schauspieler auf dem Theater untereinander Privatgespräche
601 1942 1137 2035 vom: 20.0EL 1912
1786 2005 3032 2078 ihren, um aufs Stichwort mit einem Ruck ihre Physiognomie zu
619 2055 800 2127 ——
1778 2045 3053 2112 krändern und wieder ein bißchen Komödie zu spielen. Ein böses
1741 2079 3040 2161 Beispiel für diese Art von Theaterunfug war die Vorstellung des
692 2036 1577 2227 Theater und Kunst.
1763 2150 3034 2241 „Jungen Medardus“ von Artur Schnitzler am letzten Sonntag
1765 2197 2111 2270 im Burgtheater.
1865 2225 3031 2317 Vielfach wurde im Publikum bereits früher bemerkt, daß
834 2228 1486 2344 pinker den Kulissen.
1744 2295 3030 2372 jede Vorstellung des „Jungen Medardus“ von den Mitgliedemn
495 2285 1200 2378 (Von Fer Hoseftadt ins Bilsihecter.
1239 2303 1725 2392 Das übersiedelte Stück.
1769 2349 2992 2413 des Burgtheaters, die ja in diesem Stück vollzählig beschäftigt
505 2342 1767 2424 Die lockende Rolle,Ein Erwerbung mit Hindernissen. — Warum
1766 2395 2967 2464 sinld, als eine Art heiteres Familienfest betrachtet wird.
503 2396 1765 2464 Molnars „Liliom“ im Volkstheater nicht gespielt wird. — Der vermißte
502 2439 1370 2496 Gesellschaftsanzug. Der spaßige Medardus. —
1372 2450 1763 2525 Das Konversations¬
1761 2442 2974 2512 bißchen gar zu weit wurde nun diese Auffassung diesmal g
640 2463 1637 2554 zimmer auf der Bühne. — Ein unerwünschtes Souper.)
1766 2494 3015 2562 trieben. Auf der Bühne herrschte auch in vielen tragischen
622 2526 1772 2607 Durch eine merkwürdige Verkettung von Umständen gelangt
1766 2544 3018 2608 Szenen ungezwungene Fröhlichkeit. Gleich im ersten Bilde trieben
499 2563 1770 2650 in der nächsten Zeit ein französischer Autor im Burgtheater zum
1760 2587 3025 2659 mehrere Damen und Herren mit dem Säbel, der an der Seits
506 2616 1768 2694 Wort. Es ist Herr Darion Nicodemi, der Dramaturg der Frau
1758 2626 3045 2708 des jungen Medardus hängt, mehr oder minder handgreifliche
499 2669 1767 2742 Rejane in Paris, und sein Stück heißt „Die goldene Geliebte“
1756 2677 3071 2750 Scherzchen, durch die sich Herr Gerasch allerdings nicht beein¬
497 2715 1768 2795 Vor einem Jahre lernte Herr Jarno dieses goldene Liebchen
1750 2721 3078 2804 trächtigt fühlte. Privatgespräche wurden auf der Bühne während
496 2772 3069 2826 kennen und lud es in sein Josefstädter Heim. Aber der Schatz des ganzen Abends ungestört abgewickelt, und es ereignete sich im#
504 2816 3061 2881 wurde ihm wieder entführt. Eines Tages traf er Fräulein Laufe des Abends dabei auch mehrfach, daß jemand sein Stichworts!
498 2867 3065 2948 Marberg, die sich diesmal noch über den Mangel an gutsitzenden überhörte, so daß durch reichliche Extemporierungen der anderen Mit=?
494 2927 3054 2998 Rollen beschwerte. „Sie klagen, daß Sie so wenig beschäftigt spieler ausgeholfen werden mußte. Es kann schließlich einem Requisiteur,
497 2956 3045 3053 werden,“ meinte er bedauernd, „daß Sie keine Rolle finden der gerade hinter der Szene eine Salve vorbereitet, passieren, daß?
506 3005 1761 3083 können? Sehen Sie, da habe ich gerade ein Stück erworben und
1745 3022 3032 3095 ein Schuß unversehens zur unrechten Zeit losgeht. Es schien aber
496 3051 1754 3137 da wäre eine prächtige Rolle für Sie!“ Fräulein Marberg ließ sich
1747 3071 3018 3153 überflüssig, daß sich dann, wie dies am Sonntag während der
503 3102 1755 3181 die Sache nicht zweimal sagen und eilte schnurstraks zu Baron Berger.
1754 3122 3019 3173 tieftragischen Gefängnisszene der Fall war, alle auf der Bühne
509 3171 1764 3233 „Herr Baron“ jammerte sie, „in der ganzen Saison habe ich nur
1749 3170 3020 3255 stehenden Herren wie auf Kommando dem Hintergrunde zuwandten,
505 3205 1751 3279 eine einzige Rolle im „Weiten Land“ gehabt. Ich bitte Sie schon
1758 3220 3010 3267 um ihre Lachsalven nach Herzenslust loslassen zu können. Aller¬
491 3246 1756 3324 die ganze Zeit um eine Rolle. Jetzt wäre was für mich da!“
1744 3269 3015 3336 dings müßte es vielleicht auch nicht sein, daß der Offizier der
501 3307 1746 3366 Voll Feuer und Flamme begann sie ihm nun von dem Jarnoschen
1754 3315 3012 3386 Wache, die Eschenbacher zum Tode führt, mit der auf der Bühne
502 3353 1760 3415 Fang zu berichten und knüpfte die Bitte daran, ihr doch die
1753 3364 3018 3432 stehenden Tragödin beim Auftreten noch rasch ein Witzwort
490 3397 3009 3487 Rolle zu verschaffen. Baron Berger wurde ebenfalls von der wechselte. Zu den Wunderlichkeiten dieser Vorstellung gehörte es
502 3448 3008 3543 „goldenen Geliebten“ geblendet oder auch von der Beredsamkeit auch, daß einer der Hauptdarsteller, obwohl seine Rolle noch nie
490 3502 3009 3571 des Fräuleins Marberg. Er wandte sich an Direktor Jarno und ein anderer gespielt hatte, so sehr „schwamm“, daß er das Wort
486 3543 2996 3597 bat ihn, die französische Dame freizugeben. Inzwischen war auch vielfach, insbesondere im siebenten Bilde, dem Souffleur allein über¬
500 3597 1084 3657 Fräulein Marberg nicht
1085 3605 3014 3673 untätig; sie erinnerte Herrn lassen mußte. Nicht ganz gewöhnlich war es auch, daß dem Publikum
497 3631 1091 3705 Jarno daran, daß er
1095 3649 3010 3732 selber es war, der ihr die zwar durch Anschlagzettel im Theater selbst mitgeteilt wurde, daß in
491 3684 2988 3750 Rolle so anpries, und bewirkte es, daß er ihr versprach, der kleinen Rolle des Desolteux Herr Siebert durch Herrn Stre¬
498 3734 3008 3821 auf die „goldene Geliebte“ ihr zulieb zu verzichten. Ehe binger ersetzt werde, aber nicht, daß in der Rolle der Elisabeth
499 3784 2996 3861 noch das Stück von der Josefstadt ins Burgtheater übersiedelte, für Frau Orloff diesmal Fräulein Schopf einspringen werde. Es
491 3832 3000 3889 starb Baron Berger, und Fräulein Marberg mußte befürchten, mag sein, daß diese Ungezwungenheit der Burgtheatermitglieder
498 3886 3023 3975 daß ihr die Rolle wieder verloren gehe. Da hieß es energisch darauf zurückzuführen ist, daß auch der gegenwärtige Leiter der
