3392 4480
1511 274 1983 367 box 26/6
919 287 970 358 N
190 296 1372 399 22. Denjunge-Ledaraus
1773 1050 2964 1124 Verknechtung seiner Vaterstadt. Napoleon ist vor Wien ge¬
1787 1111 2984 1172 ommen, die Residenz der Habsburger kapituliert, die Schlacht
1746 1149 2972 1197 von Aspern wird geschlagen. Zum ersten Male muß der unbe¬
1769 1195 2972 1258 zwingliche Korse fliehen. Seine Truppen kehren nach Wien zu¬
1777 1230 2962 1286 rück. Und der beleidigte Condottiere züchtigt die Stadt. Der
1778 1269 2975 1324 Oheim des jungen Medardus, der Sattlermeister Eschenbach,
1780 1312 2979 1359 wird füsiliert, weil er vor den französischen Spähern wichtige!
1787 1341 2978 1411 Atlanten verborgen hat. Medardus siehi den Oheim zur Richt¬
1791 1387 2967 1445 statt schreiten, Medardus hört den Knall der Gewehre, die ihn
1787 1432 2967 1480 löten; und wiederum springt in ihm die Rachelust hoch: er ver¬
1768 1464 2962 1521 gißt der Schwester, er will den Tod des Oheims durch den Tod
1774 1494 2974 1563 des Korsen rächen. Aber sein eigener Beginn fällt seinem
1784 1534 2969 1611 eigenen Willen in den Arm: die Prinzessin von Valois, sein¬
2863 1587 2958 1639 sie
1786 1584 2874 1634 Geliebte, verlangt von ihm, was seine eigene Absicht ist;
1703 1627 1782 1683 ie
2861 1627 2955 1676 ge¬
1777 1631 2874 1678 dingt ihn zum Mörder Nupoleons. Vor diesem Wort:
1786 1657 2966 1716 dungener Mörder, scheut er zurück. Da rafft sie selber sich hel¬
1774 1712 2974 1756 disch auf, sie will es tun. Aber im Volke munkelt man, daß sie
1672 1695 1781 1777 ser
1773 1750 2967 1800 Napoleons Maitresse sei, eine seiner Maitressen. Die Valois,
2056 1796 2975 1840 Hat sich ihm, dem Buchhändlerssohn Medardus¬
1774 1789 2068 1844 die Dirne
1757 1828 2958 1884 Klähr, nicht jetzt sein Wille erfüllt, sind sie jetzt nicht herabge¬
1784 1857 2964 1915 zerrt, die stolzen Valois? Medardus spürt es nicht. Er fühlt
655 1799 1492 1951 1### Wiener Theaterbriek.
1782 1902 2965 1953 sich nur betrogen: in seiner Liebe und um seine Tat. Und wie
1135 1896 1733 1974 Wien, Anfang Dezember.
1789 1951 2966 2003 die Prinzessin die Stufen zum Gemach Napoleons emporsteigt,
665 1956 1780 2016 Zweierlei ist von Arthur Schnitzlers „Der
1778 1986 2970 2047 um ihn zu erdolchen, wird sie von Medardus angefallen und ge¬
605 1992 1773 2059 junge Medardus“ zunächst zu sagen: daß jeder Satz eine
1785 2022 2967 2074 tötet. Man nimmt ihn gesangen, aber der Mörder der Mord¬
605 2037 1782 2091 Schönheit bringt, und daß das Ganze sich doch nur in schöne
1779 2060 2967 2124 absicht an dem Franzosenkaiser wäre frei. Er wird zum Helden
610 2081 1769 2131 Kleinmalerei auflöst. Es war die Absicht, zu zeigen, wie ein
1785 2101 2967 2149 sante de mieng, das ein Leben ohne Sinn, ein Leben in Ekel vor
611 2116 1782 2175 Mensch, der das Zeug zu einem Helden hat, durch die Kraft der
607 2139 2972 2207 äußeren Umstände zum Narren wird. Diese Absicht ist anti= dem Ungefähr bedeutete. Er ertrotzt sich die Füsilierung. Und
608 2207 2970 2248 künßlerisch, und gegen sie, nicht gegen die Ausführung bat sich während Friedensglocken den Vertrag von Schönbrunn verkün¬
610 2222 2966 2288 die Polemik zu wenden; denn äußere Umstände bedeuten im lden, wird (wie der Dichter meint) „der letzte und seltsamste Held
611 2247 2978 2327 höheren Sinn immer nur eine Zufälligkeit; Kunst aber ist gesetz=dieses Krieges“ gerichtet. Aber in Wirklichkeit ist Medardus!
610 2324 2975 2371 mäßige Aussonderung und sinnbildliche Ausdeutung des Lebens. Klähr nicht Held, noch Antiheld, sondern ein bläßliches, ver¬
607 2344 2966 2409 Der junge Medardus wird von willkürlichen Ereignissen, die schnörkeltes Schemen, dessen Menschlichkeit uns nicht ergreift.]
600 2398 2959 2468 nicht aus dem Wesen seiner Zeit kommen, willkürlich geschleudert Herr Gerasch vermochte ihn nicht näher zu bringen. Doch wie in
1779 2424 2959 2469 der Dichtung stand auch auf der Szene des Burgtheaters rings
613 2436 1781 2486 und immer wieder von seinem vorgesetzten Wege abgedrängt. Er
1779 2468 2973 2519 um ihn eine Schar von achtzig Gestalten, von denen die letzten!
602 2473 1781 2536 will in den Befreiungskampf ziehen, es ist 1809, und Napoleon
1776 2502 2962 2546 noch ein persönliches Erlebnis auszudrücken hatten. Man war
612 2516 1789 2565 naht der österreichischen Residenz. Gerade wie Medardus mit den
1783 2536 2966 2602 froh und stolz erstannt, welche ungeheure Menge bedeutender!
607 2557 1780 2608 soldatisch gerüsteten Studenten am Tage vor dem Abmarsch in
1783 2579 2968 2637 Spieler das Burgtheater besitzt, wenn ihm auch im männlichen
615 2600 1777 2649 einer Donauschenke sitzt, werden seine Schwester und ihr Ge¬
1782 2618 2988 2679 Ensembleteil das überragende Genie nicht mehr zu eigen ist.##
615 2625 1780 2685 liebter, der Sohn des französischen Prätendenten, als Leichen
1781 2654 2963 2706 Allein selbst dieser Mangel wurde durch einen weiblichen Ger#
604 2669 1781 2722 aus dem Fluß gebracht. Der hochmütige Stolz des Herzogs von
1786 2681 2969 2742 winn aufgewogen: denn Fräulein Wohlgemut, die die
610 2715 1769 2769 Valois hat den beiden eine Diesseitsvereinigung verwehrt. Da
1786 2742 2969 2793 Prinzessin war, scheint mir die große Tragödienspielerin zu
612 2752 1768 2806 packt den jungen Medardus eine Rachelaune. Ev zieht nicht in
1786 2773 2971 2840 sein, die das Burgtheater seit der Wolter entbehrt hat“ Es war
609 2793 1780 2843 den Kampf; er bleibt, um irgendwie, wenn sich ihm Gelegenheit
1770 2801 2982 2867 das erste Mal, daß Baron Berger eine künstlerische Tat von!
606 2829 1780 2884 bietet, den Tod der Schwester zu sühnen (wozu weder Berech¬
1773 2862 2227 2928 höchstem Rang brachte.
606 2864 1788 2928 tigung, noch Anlaß ist). Aber die Gelegenheit ist ihm günstig.,
605 2870 2522 2954 1 Er beleidigt die Schwester des jungen Valois und wird von ihrem! Einen hübscen Abend. bast.920
615 2942 1780 2996 Vetter zum Zweikampf gefordert. Ein neues unbeabsichtigtes
614 2983 1790 3042 Ereignis bringt ihn seinem Racheplan nahe: er wird in diesem
610 3022 1792 3084 Duell verwundet, und in plötzlicher Laune schickt ihm die Prin¬
609 3058 1789 3120 zessin durch ihre Zofe blumige Grüße. Eine weibliche Laune,
599 3088 1794 3166 nicht mehr. Aber aus ihr schürzt sich der Racheplan Medardus
611 3131 1791 3195 Klährs, schürzt sich sein Schicksal, das ihn verstrickt. Er will sich
607 3184 1792 3242 der Prinzessin nähern, will sie mit seiner Jugend bezwingen,
600 3217 1800 3276 will sie entehren, wie ihr Bruder seine Schwester entehrt hat,
606 3259 1792 3320 und sie mit seinen Armen, die noch heiß von ihrer Umarmung
616 3312 1793 3353 sind, über die Stufen des Palastes schleifen: die Valois, die
603 3337 1794 3401 Dime. Wiederum wird der Zufall sein Hilfsgenosse.
599 3371 1799 3438 Die Prinzessin nimmt sein Werben an; sie wird die Geliebte
575 3420 1787 3488 = des Buchhändlersohnes. Er vergißt die Not, die Schmach und
