3344 4224
1582 139 2034 243 box 26/5
264 137 1446 237 22. Der junge Medandus
1424 1108 3360 1164 gingen. Das Mädchen ist Agathe, die Schwester pzogen; die sentimentalische Schwermut, die We
1442 1151 3324 1215 des Medardus, der Jüngling Prinz Franz von fluchtgedanken schweben noch wie Wolken
691 1092 1245 1271 Feuilleton.
1439 1210 2424 1258 Valois; Medardus hat die beiden vor kurzen
2421 1211 3359 1283 diesem Himmel. Auch Medardus ist hier, im V#
1228 1113 1440 1300 e
1442 1254 2426 1303 Stunden daheim als vermeintlich Glückliche
2415 1257 3349 1310 spiel, noch aufrecht und streckt die Hand aus, sei
770 1265 1161 1367 Burgtheater.
519 1215 679 1368 U
1454 1306 2421 1362 zurückgelassen. Der Prinz war gekommen, und
2414 1313 3349 1365 Schicksal selbst zu lenken. Entschlußkraft lode
1452 1354 2415 1416 hatte erzählt, sein Vater habe nunmehr den
2422 1358 3360 1430 noch in ihm, so daß er dem Unheil mit heroisch
488 1342 1455 1424 „Der junge Medardus.“ Dramatische Historie
1450 1399 2413 1467 Widerstand gegen die Vermählung mit einem
486 1394 1442 1460 in einem Vorspiel und fünf Akten von Arthur
2410 1406 3356 1483 zur Größe aufgereckter Gebärde entgegentri
1451 1443 2418 1519 Bürgermädchen aufgegeben. Medardus nahm es
479 1442 1445 1525 Schnitzler. Zum erstenmal am 24. November 1910.
2416 1456 3350 1513 Mit einer Gebärde, von der wir erst spätl
1445 1496 2412 1555 wie ein Wunder auf. Die Valois lebten hier in
2416 1501 3362 1575 merken, daß sie nicht ohne Anmaßung war. E
505 1500 1443 1588 Gleich einem Strom flutet dieses Theaterstück
1445 1545 2423 1608 Wien als Emigranten. Der alte Herzog hielt
2412 1549 3333 1615 Held im Vorspiel, in jeglichem Vorspiel e
470 1571 1452 1635 über die Bühne. Und der junge Medardus, ein¬
1442 1588 2423 1664 sich für den rechtmäßigen König, seinen einzigen
2412 1602 3357 1684 Held der Gebärde. Man könnte es natürlich au
471 1618 1452 1674 geschlossen in sein Abenteuer, treibt wie ein
1440 1643 2418 1707 Sohn Franz für den Dauphin von Frankreich.
2410 1652 3351 1736 anders sagen: Lieber Himmel... ein jung
476 1665 1446 1747 Mann in einem kleinen Boot durch die breit
1447 1694 2410 1763 Nun aber sollte der stolze Prätendent erlaubt
2416 1699 2675 1768 Mensch
469 1714 1454 1783 hinrauschenden Zeitschilderungen. Oft glaubt
1448 1739 2425 1797 haben, daß Prinz François die kleine Bürger¬
2436 1750 3360 1839 An das gemeinsame Grab, in das die Liebe
461 1764 1452 1835 man, die Wellen verschlingen am Ende Schiffer
1445 1795 2408 1858 liche zur Frau nimmt? An der Leiche seiner
472 1808 745 1890 und Kahn.
2406 1803 3355 1879 den nach ihrem Wunsch versenkt werden, trete
1436 1832 2414 1906 Schwester erkennt er, daß jenes Wunder eine
2409 1862 3361 1934 die beiden unglücklichen Familien. Die Bürge
512 1850 1454 1947 Eine große Epoche. Napoleon marschiert
1445 1887 2411 1952 Lüge gewesen, erkennt, daß die Schwester des
2401 1909 3350 1975 lichen: Medardus und seine Mutter und sei
465 1906 1446 1988 heran, belagert Wien, erobert die Stadt und
1440 1932 2414 1997 Prinzen Geliebte gewesen und daß die beiden
2400 1955 3360 2026 Onkel, der brave Sattlermeister Eschenbache
473 1978 1451 2035 residiert in Schönbrunn. Die Schlacht bei
1449 1987 2406 2060 nun vor der Schande in den Tod geflüchtet sind.
2400 2008 3353 2076 auf der einen Seite. Auf der andern der grei
458 2013 1457 2080 Aspern wird geschlagen. Zum erstenmal erlebt's
1470 2032 2408 2120 Medardus wird nicht in den Krieg ziehen.
2410 2055 3358 2130 Herzog von Valois, die Herzogin und sein Neff
470 2049 1444 2139 die Welt, daß Bonapartes Truppen weichen,
1445 2097 2405 2162 Ihm ist jetzt, als müsse er bleiben, als müsse er
2403 2105 3355 2178 der Marquis von Valois. Wie dann alle for##
470 2121 1451 2187 und die Begeisterung der Freiheitskriege zieht
1447 2129 2403 2214 mit der hochmütigen Familie, die ihrem Ehrgeiz
2409 2156 3351 2215 gehen, bleibt Medardus zurück. Ihm ist an
467 2169 1437 2251 zum erstenmal singend durch alle Gemüter wie
1444 2197 2403 2280 hier ein wertvolles junges Leben hinopferte,
2405 2206 3362 2277 jetzt wieder, als habe er hier noch etwas zu tun
470 2212 843 2291 eine Ouvertüre.
1445 2244 2222 2318 fürchterlich abrechnen. Er bleibt also.
2405 2256 3361 2323 Die Schwester des Prinzen kommt nun allein
509 2254 1451 2348 Der junge Medardus nimmt Abschied von
1468 2294 3351 2374 Diese Geschehnisse füllen das Vorspiel. Straff Ihr hochmütiges Herz hat kein Begreifen dafü
458 2323 1446 2390 der Mutter und von der Schwester. Er wird
2404 2353 3349 2418 daß man ein königlicher Prinz sein und au
1438 2324 2415 2413 ist hier jede Szene, sausend im Tempo, jählings
468 2374 1441 2446 unter den Fahnen des Erzherzogs Karl als
2394 2391 3353 2452 Liebe zu einem einfältigen Mädchen sterbe
1435 2400 2410 2465 und steil im Anstieg. Daß ein königlicher Prinz
469 2421 1447 2497 Freiwilliger gegen den Franzosenkaiser fechten
2398 2447 3343 2516 kann. Nun tritt Medardus hervor. Mit schmerz
1440 2448 2406 2510 mit seiner bürgerlichen Liebsten in den Tod
468 2480 1448 2538 wie so viele andere junge Wiener Bürgersöhne.
2393 2501 3346 2561 lich glühenden, zornigen und wunden Worte
1443 2507 2407 2563 geht, nimmt man beinahe als“ etwas Notwen¬
465 2526 1436 2590 Der junge Medardus ist ein feuriger, leiden¬
2390 2529 3361 2611 weist er die Prinzessin vom Grabe weg. Dulde
1437 2549 2408 2608 diges hin. Typisch und von allgemeiner Gültig¬
462 2568 1432 2640 schaftlich aufbrausender Mensch. Sie trauen ihm
2403 2595 3348 2670 nicht, daß sie Blumen darauf niederlege. Di
1435 2594 2402 2660 keit sieht's nicht aus, auch dann nicht, wenn wir
455 2623 1443 2683 daheim alle die Kraft zu, daß er ein Held werde,
1434 2641 2400 2701 uns besinnen, Aehnliches schon in der Wirklich¬
2396 2646 3360 2718 Prinzessin ist von der Beleidigung getroffen
459 2676 1443 2734 daß er eines Tages lorbeergeschmückt heim¬
2400 2693 3359 2765 aber tiefer noch von dem männlichen Willen, de
1431 2694 2402 2766 keit mit angeschaut zu haben. Geschieht es hier
452 2714 1436 2800 kehre, oder — wenn es ihm anders verhängt ist
2392 2740 3333 2806 ihr aus Medardus' Stimme ins Herz dringt
1435 2744 2392 2814 auf der Bühne, so nebenher, nur als Anstoß zu
464 2763 1220 2833 — eines ruhmreichen Todes sterbe.
2399 2791 3352 2862 Ihrem Vetter, dem Marquis von Valois, den
1430 2789 2404 2852 Anderem, Fernerem, nur in aller Knappheit
495 2809 1433 2890 Da begibt sich in jener Nacht des Abschieds
2400 2839 3360 2906 der laute Auftritt herbeiruft, sagt sie: „Töten
1437 2841 2404 2911 einer Prämisse, empfindet man etwa, es sei ein
455 2850 1443 2943 ein Unglück, durch das Medardus aus seiner
2391 2883 3362 2965 Sie den jungen Menschen, der da eben wegging
1434 2887 2404 2960 Drama für sich, eines, das anderswo behandelt
454 2919 1439 2995 Bahn geschleudert wird. In das Wirtshaus, wo
2387 2921 2864 3010 und ich bin die Ihre.“
1434 2937 2397 3005 werden könne, eines, von dem wir eigentlich
454 2975 1435 3045 er zum letztenmal mit seinen Kameraden zecht,
1438 2989 2405 3068 nur die Keimzelle sehen. Bei alledem: dieser
2417 2986 3349 3070 Medarbus schlägt sich mit dem Marquis, aber
459 3013 1436 3091 drunten in den Praterauen, nahe am Donau¬
1418 3029 3362 3120 zwanzigjährige französische Prinz hat von Kind=er wird icht getötet. Er empfängt nur einen
464 3068 3360 3166 ufer, werden die Leichen zweier Liebenden heit an Deutschlands Luft geatmet, und diese Degenstie, in die Brust und verwundet den
460 3123 3355 3232 gebracht, die eben gemeinsam ins Wasser! Luft ist noch von der Werther=Stimmung durch= Marquis am Arm. Die Prinzessin, die in ihren
162 3132 447 3218 Herrn Vize¬
165 3195 457 3269 erklärt, bei
155 3240 456 3305 ers als Be¬
169 3281 452 3346 oße Oper
158 3320 459 3400 den musika¬
165 3367 442 3432 usschaltung“
157 3402 434 3476 nsere Erklä¬
439 3435 557 3496 hein
167 3443 437 3528 hmen. Wir
436 3473 1410 3573 die morgen, nachmittags halb 3 Uhr, stattfindende
169 3493 1412 3609 ht geändert. Schülervorstellung „Der Verschwender“ von Ferd.
164 3531 1422 3651 hes Offert] Raimund die Anzahl der vorhandenen Plätze
160 3586 433 3648 eine Pacht¬
421 3594 1410 3683 weitaus übersteigen, und um den zahlreichen
172 3631 431 3692 rwenn wir
427 3626 1408 3723 Wünschen gerecht zu werden, hat sich die Vereins¬
164 3679 424 3754 reibung ein
414 3656 1410 3765 leitung veranlaßt gefunden, diese Vorstellung zu
414 3711 1410 3810 wiederholen, und es gelangt daher am 10. Dezember
426 3762 1404 3840 anstatt „Die letzte Fahrt“ und „'s Christkindl“ das
155 3741 425 3833 nber dieses
1215 3808 1272 3841 1110
413 3796 1398 3873 Zaubermärchen „Der Verschwender“ zur Aufführung.
161 3814 413 3883 re, seitdem
412 3829 1316 3913 Für gelöste Karten zu Die letzte Fahrt" und
172 3854 416 3930 dem Ver¬
406 3858 1395 3974 Ebristkindl“ wird das Geld an der Tageskasse rück¬
409 3894 643 3966 erstatttet.
166 3889 426 3962 hört. Als
170 3941 433 4016 Dezember
490 3926 869 4019 Konzertnachrichten.
151 3984 405 4049 Karnevals
443 3976 1396 4071 Heute Freitag um halb 6 Uhr abends findet im
156 4025 408 4100 rde er zum
408 4021 1399 4108 Bösendorfer=Saal der zweite (letzte) Liederabend des
165 4078 399 4140 des vierzig¬
408 4047 1391 4152 Kammeisängers Franz Raval statt. Am Klavier
381 4097 811 4156 Prof. Ferdinand 2.0
190 4108 330 4156 . 10.
844 4116 949 4162 Parten
