3436 4384
994 179 1107 239 Me
265 162 1427 280 22. Der jungedandus
1584 177 2042 275 box 27/4
1862 1095 1991 1212 1
2174 1105 2402 1229 2 11
1015 1235 1872 1345 Der junge Medardus
1660 1355 2382 1458 von Walther Lutz.
1245 1379 1493 1479 #11000
1177 1426 2373 1524 anzen und Sterben — der schauernde Reiz, das kapriziöse
1229 1522 2368 1584 Zucken liebebittender Menschenherzen, das heiße Lachen und
1033 1584 2363 1645 2 Küssen, vermengt mit ein bischen Angst und Stannen vor
1024 1644 2369 1701 der Härte des Lebens, das Durchtollen dieses ganzen Reigens bis zu der
1023 1699 2378 1756 einen Stunde, in der ein paar sehnsüchtige Tränen der Erkenntnis ihm in
1025 1755 2374 1836 die Augen traten, der bitteren Erkenntnis, daß es nun aus sein soll
1031 1821 2358 1893 — das alles, etwas weniger geschmacklos, dafür tiefer und aufrich¬
1032 1871 2357 1939 tiger, war die Seele des Jünglings gewesen, der einmal Anatol ge¬
1028 1932 2358 1999 heißen hat und später noch ein paar andere Namen hatte und heute
1019 1998 2372 2077 — tot ist. Heute kam ein anderer, ein Medardns, einer, der jung
1019 2053 2362 2117 und heiß von einer tieferen Sehnsucht ist, der sich im Sturm ein
1022 2109 2348 2181 Leben ertrotzen will, der alles von sich verlangt und doch immer
1030 2175 2357 2251 wieder vor sich selber zurückschreckt, dessen Schmerz und Begeisterung
1019 2236 2351 2316 viel größer sind als er selbst. Und hinter ihm reckt sich riesengroß,
1018 2292 2350 2366 mordlechzend und verderbenglühend eine titanische Zeit auf. Ihre
1020 2347 2350 2423 Fluten schlagen über den armen Menschlein zusammen, bevor kaum
1029 2413 2345 2482 einige von ihnen wissen, daß nun alles ganz anders geworden ist.
1111 2474 2359 2554 Aus allen Winkeln Wiens flammt die Begeisterung, das, was
1013 2523 2314 2614 bei diesem Volte an die Stelle des Heimatgefühles getreten ist —
1024 2590 2362 2669 die Begeisterung für irgend etwas, das ihnen in einem Augenblick
1024 2645 2351 2734 als das Größte erscheint. Was verschlägts, wenn sie heute Collins
749 2629 857 2736 13
1017 2701 2344 2790 Kriegslieder singen und dem Erzherzog Karl zujauchzen und morgen
1017 2772 2335 2847 vor den Toren Schönbrunns rufen: „Es lebe der Kaiser Napoleon!“
1109 2833 2353 2919 Mitten aus dieser seltsamen, so ganz österreichischen, — uns
1013 2894 2354 2970 heute bis zu ihrem Hausrat wieder modern gewordenen Zeit griff
1017 2949 2354 3030 der Dichter den einen heraus, um an ihm zu zeigen, wie klein die
1013 3010 2364 3096 Menschen sein können im Verhältnis zu ihrer Geschichte. Dieser
1011 3082 2191 3142 eine ist Medardus, in dessen Brust so viele Seelen wohnen.
1113 3126 2354 3211 Vielleicht hat Schnitzler nicht so sehr eine Tragödie des
995 3187 2367 3264 Neunerjahres schreiben wollen, als vielmehr das, was die Tra¬
1008 3270 1133 3348 456
2326 4065 2543 4194 Aeenhele
2839 4072 2911 4184 2
