3392 4256
729 114 1415 187 „ODOENVEY
571 172 1640 243 I. österr. beh. konz. Unternehmen für Zeitungs¬
766 223 1450 277 Ausschnitte und Bibliographie.
741 267 1493 352 Wien, I., Concordiaplatz 4.
965 346 1279 409 Vertretungen
561 394 1646 447 in Berlin, Brüssel, Budapest, Chicago, Cleveland, Christiania,
555 438 1656 483 Genf, Kopenhagen, London, Madrid, Mailand, Minneapolis,
555 470 1669 524 New-Vork, Paris, Rom, San Francisco, Stockholm, St. Peters¬
965 512 1261 568 burg, Toronto.
912 559 1311 600 (Quellenangabe ohne Gewähr.)
550 566 1548 683 Ausschnitt aus: Kölnsche Volksken
802 674 1078 779 2 1. 1911
568 735 749 821 vomien
927 800 1335 919 Uums Ohrich
2233 905 2416 985 E
1790 958 3000 1031 Diesen Erfolg hatte dieses Schauspiel nicht zum wenigsten der
1799 1021 3015 1076 neuerwachten Vortiebe des Publikums für unser biedermeierisches
739 1034 1715 1119 SWelt und Wissen 1
1801 1060 2996 1106 All=Wien jener Tage zu verdanken; freilich auch der Zugehörig¬
1798 1098 3008 1160 keit des Verfassers zu jener unsere Theater beherrschenden Clique!
1807 1148 3005 1198 Denn welcher sonstige Antor hätte es gewagt, dem Burgtheater
949 1146 1580 1239 Wiener Brief.“
1796 1203 3014 1251 ein über vier volle Stunden dauerndes, unzählige Verwand¬
1275 1218 1725 1284 + Wien, 29.Dez.1910.
1811 1234 3004 1286 lungen enthaltendes und das gesamte Personal des Burgtheaters
584 1269 1758 1328 Neunzehnhundertzehn wird sobald nicht vergessen sein; denn
1800 1279 3007 1344 bis auf den Altmeister Baumeister in Anspruch nehmendes Stück
553 1310 1772 1373 #### war für uns Wiener ein doppelt erinnerungswurdiges Jahr:
1795 1326 3004 1376 einzureichen?! Ein Schnitzter durfte es sich erlauben und war
1793 1362 3004 1412 des Erfolges in der tonangebenden Presse im voraus sicher, was
561 1369 1766 1414 Dr. Lueger ging, im Frühjahr dahin, und im Dezember ward
1797 1428 3002 1469 auch für das Burgtheater auf die Entscheidung trotz der un¬
566 1406 1768 1471 sein größtes Weik, die zweite Kgiser Franz Joseph=Wasserleitung,
1791 1450 3010 1516 geheuren Kosten des Stuckes entscheidend wirken mußte. Das
549 1460 1771 1516 zur Vollendung7 Zudem war es unsetts) Kaisers 80. Lebens¬
1796 1495 3000 1549 Drama selbst enthalt manches Schöne und Wirkungsvolle im
553 1512 1769 1561 jahr, das Jahr der großen-Zersten“ internationalen Jagd¬
551 1542 1770 1600 ausstellung, und nochdazan das Kometenjahr. Hat man vom
1797 1553 3004 1603 Detail, aber als Gesamtes wird auch der gnädigste Richter es
553 1589 1769 1641 Kometen auch luenig' söder nichts gesehen, um so mehr wurde
1803 1588 2999 1653 nicht als Meisterweik oder auch nur hervorragend bezeichnen.
1797 1634 2995 1678 Aber es spielt in Alt=Wien, läßt uns Alt=Wien neu erleben —
547 1634 1767 1673 von ihm geschriben und geredst. Und das bleibt haften.
560 1677 1765 1722 Unsere Kinder werden die Ereigussse des Jahres unseren Enkeln
1798 1677 2995 1730 und das mußte ziehen und zog! Ob es außer Wien den gleichen
550 1733 1766 1776 und diese unseren Urenkeln erzählen, und vielleicht feiert man
1796 1718 3008 1777 Erfolg haben wird, davon wird ein endgüttiges Urteil über die
557 1763 1770 1811 im Jahre 2010 die Renaissance des Jahres 1910 — des
1801 1768 3003 1819 Vorzüge desselben abhängen. Für den neuerwachten Geschmack
554 1807 1776 1862 Lueger-, Kaiser= und Kometenjahres — ebenso literarisch und
1798 1823 3016 1876 an Wien zeugt es endlich dar wir sogar eine Alt=Wiener
553 1861 1769 1911 künstlerisch wie wir jetzt im Jahre 1910 sozusagen eine Wieder¬
1771 1853 2348 1925 [Operette Srhhiten Hob
549 1899 1781 1958 geburt des Jahres 1810 feiern — ebenfolls auf literarischem“
556 1941 1808 1983 und künstlerischem Gebiete. Bisher lebte das Alt=Wien dieses¬
554 1987 1765 2047 Jahres 1810, d. i. Alt=Wien in der Zeit Beethovens, Schuberis,
551 2025 1775 2077 der Biedermeierzeit, während die damalige Weltgeschichte von
561 2075 1777 2131 Napoleon des Großen bezwingender Erscheinung beherrscht war,
550 2122 1778 2173 höchstens im Gedächtnis einiger Wiener Geschichtsforscher,
553 2162 1776 2218 Wiener Sammler und Liebhaber von Alt=Wiener Kunst fort;
552 2200 1774 2257 jenes All=Wien, das noch von Mauern umgürtel, von den
547 2245 1780 2300 grünen lachenden Glacis umsäumt, mit Basteien und Türmen be¬
550 2287 1775 2332 krönt war und sich eigentlich nur auf die innere Stadt
558 2335 1776 2380 beschränkte. Nun aber — im Jahre 1910 — auf einmal, plötz¬
560 2381 1771 2434 lich interessiert sich alles wieder für dies altmodische Wien! Die
551 2423 1787 2488 Bauten und namentlich deren Verzierungen greifen wieder vielfach
555 2472 1777 2520 auf Motive dieser Zeit zurück, namentlich die Villen in der
568 2509 1783 2572 Umgebung: wie oft schmückt das Blumenkränzlein der Bieder¬
563 2553 1772 2618 meierzeit wieder ihre Fronten und Firsten! Die Herren von
568 2600 1770 2647 heute lieben wieder den die Taille eng einschneidenden Rock und
561 2644 1777 2686 die bunte Weste, und unsere holden jungen Wienerinnen
557 2690 1769 2757 flechten sich hinter die zart geröteten Oehrlein wieder
561 2737 1770 2793 die noch vor kurzem viel belächelten „Schneckerln",
549 2780 1771 2821 wie wir sie an den Bildern der Urgroßmütter sehen.
561 2821 1770 2858 Vornehme Bürgersleute und Adelige geben viel Geld aus, um
561 2855 1771 2923 sich in den Besitz von Alt=Wiener Möbeln und vor allem von
553 2905 1774 2955 Alt=Wiener Porzellau zu setzen! Bei den Versteigerungen von
549 2954 1770 2989 Gemälden und Stichen, die uns an Orte, Bauten, gesellschaftliche
555 2998 1782 3043 Zustände und berühmte Persönlichkeiten dieses Alt=Wien erinnern,
557 3042 1784 3093 werden höchste Summen erzielt, so neulich staunenswert hohe
549 3078 1784 3129 Preise bei der Versteigerung des Nachlasses unseres Mitter¬
560 3125 1768 3173 wurzer, des großen Schauspielers des Burgtheaters und un¬
556 3170 1782 3215 zähliger anderer Bühnen, auf denen er als niemals Ruhe und
562 3214 1775 3255 Rast findender Gast Triumphe geseiert hat, während der Nachlaß
562 3255 1775 3303 eines Kainz in Berlin weit geringere Preise erzielte. Aber vor
557 3299 1770 3362 allem erlebten wir in diesem Jahre in unserer Literatur eine
558 3350 1771 3402 förmliche Rückströmung des Geschmacks wie der Erinnerung ins
556 3400 1768 3451 Jahr 1810! Wir erhielten mehrere Alt=Wiener Romane, Otto
549 3441 1777 3484 Hauser hat sogar einen Roman Alt=Wien belitelt, und gerade
562 3485 1777 3540 in ihm finden wir nicht bloß ein getreues Gemalde der Orte,
557 3531 1765 3582 Verhättnisse und Persönlichkeiten der Zeit um 1810 herum,
558 3562 1767 3634 sondern vor allem eine sich hingebende Vertiefung und daraus
550 3609 1770 3656 entspringend eine eindrucksvolle Erschöpfung des Geistes jener
554 3654 1773 3716 Zeit, wo man so romantisch weich dachte, fühlte und lebte und
553 3697 1780 3763 darum von der Kraftnaine und den Gewalttaten eines Napoleon
563 3747 1767 3801 so überwältigt war. Alt=Wiener Romane lieferten uns außer
566 3785 1774 3846 Hauser noch Bartsch und Haus Hart, und der Junge Medardus
566 3836 1772 3886 Artur Schnitzters hat uns Alt-Wien, oder wenigstens Ausschnitte
557 3880 1764 3927 aus dem po#itischen und kutnreiten Leben in Wien im Jahre 1810
553 3919 1786 3986 auf die Buhne gestellt. Und dieses Stück wurde nicht nur das
555 3958 1785 4026 Senschionsune des Burzthentesgsondern auch desse Kasseustück.
1483 3959 1649 4111 01
