3392 4256
947 118 1010 191 M
1542 110 2007 222 box 26/5
235 106 1409 236 22. Der —junge -Ledandus
772 1072 3225 1152 sehen wir, die stammelnden Laute der Liebesbrunst hören auch diesmal nicht geglückt. Im Buche mag die Poesie
170 1093 753 1198 Medardus.
781 1130 3203 1194 wir nur, wenn gerade die Kanonen schweigen. So will! des Lesers die Bildertexte verbinden, in der Bühnen¬
784 1187 3217 1257 die andächtige Sammlung nicht aufkommen. Wir darstellung fehlt diese Verbindung und wir genießen
133 1183 708 1268 von Arthur Schnitler
782 1242 3224 1315 gähnen ermüdet, da der junge Medardus an der Ge=lediglich eine kinematographische Bilderserie mit den
126 1236 801 1310 r das Stück alls, anpapberen
1978 1285 2883 1369 tönenden Worten der einzelnen Akteure.
784 1274 1466 1376 fängnismauer erschossen wird.
126 1289 805 1356 hner Tagesblätter dis umfang¬
2092 1305 3219 1398 Die Bilder sind oft von köstlichem Reiz, die Worte
882 1324 2001 1393 Daran krankt ja Schnitzlers dramatische Begabung,
133 1321 808 1413 Kritik ist also mit dem Spallen¬
1993 1380 3212 1449 oft rührend. Aber zu rasch und zu oft wechseln die
775 1371 1998 1459 daß er aus großen Problemen die nichtigen Impulse
147 1371 795 1445 Burgtheater gegangen, dann
142 1420 3220 1497 Nachsatz über die Aufführung herausholt. Der junge Medardus zieht aus, das Vater= Bilder, zu wenig Spielraum wird dem Geist gegeben,
118 1480 3222 1552 n zu bringen ... Das Urteil land zu befreien. Er hält an, weil sein junges der das Wort lebendig machen soll. Die kraffesten
137 1519 3222 1601 bendige Aufführung gesprochen. Schwesterlein mit einem Prinzen in die Donau geht, da Schicksale vermögen nicht zu rühren. Leichen, vor den
662 1588 3211 1634 solch dessen stolzer Vater die Verbindung nicht gestattet. Am Augen Erschossene und Erstochene vermögen nicht Stim¬
134 1591 597 1652 noch so auserlesen,
132 1621 3225 1720 uchkritik mit frischem Nachguß Grabe des jungen Paares entbrennt er in Leidenschaft mung zu machen. Man erinnert sich höchstens des
786 1683 3227 1748 für die hochmütige Prinzessin, die seine Schwester im Wortes Kalchas: „Ramt's mir die Leichen weg, ich kann
2614 1718 3220 1794 “ und bedauert, sein Nacht¬
151 1736 2642 1789 ernst strebender Schriftsteller! Grabe schmäht. Und hier setzt der Verfasser der Anatol= die Unordnung nit sehn .. “
138 1753 3223 1843 ruch auf ein langsameres, in geschichten ein, der Prinzessinnen nicht höher stellt wie mahl versäumt zu haben. Bedauert auch nebenbei den
133 1824 3226 1897 digen Darstellung begründetes das süße Mädel und kurzweg die Prinzessin mit dem Dichter, der offenbar ernst nach dem Großen strebt und
130 1866 3231 1946 lssprüche auch nachsichtig und kleinen Bürgerssohn nach eineinhalbstündiger Bekannt= vom Beifall der Menge und der willfährigen Kollegen
1996 1919 3142 1994 irregeführt, in reinere Höhen nicht gelangen kann.
135 1930 2009 1996 bestaltende Bühne spricht, das schaft ins Brautbett schickt ... Vergebens versucht er dann
2092 1962 3223 2043 Die Aufführung: alle Hochachtung. Thiemig stellt
787 1984 2017 2042 die historischen Wahrheiten mit der sernellen Unwahr¬
136 1975 811 2048 ht aus dem toten Buche lesen.
137 2024 3215 2096 flen, sie tun dem Dramatiker heit zu verknüpfen, er läßt Medardus Rache lechzen, wunderbare Bilder, Herr von Berger war splendid.
137 2063 3226 2149 Leser, sondern für die Bühne wo der doch nur nach Liebe lechzt, gleich einem brünstigen Achtzig Künstler und ein Vermögen hat er beigestellt,
792 2114 3218 2184 Hund. Daraus resultieren dann der Mord an der Prin= der eine Liebling spielt eine alte Herzogin, der andere
138 2134 809 2199 nen sucht. Zweifellos hat
164 2184 3234 2236 historische Vaterlandsdrama zessin, die getötet wird, weil sie sich dem verhaßten Na=ein Stubenkätzchen. Aber von alldem bleibt uns doch
168 2217 3234 2287 Medardus fand, sein spinti= poleon ergeben, der Tod des Medardus, da er erkennt, nur eines in der Erinnerung: die großen Augen des
148 2256 3226 2334 ieber mit psychologischen Er= daß dieses Liebesopfer nur gebracht wurde, den alten Hartmann, die glanzlos und doch sehend in eine
142 2323 3227 2391 der gravitätisch schreitenden Tyrannen zu töten. Vielleicht ist es historisch, was da neue Zeit schauen. Vielleicht ins neue Burgtheater.
145 2359 3241 2448 zu Sardon und Blumenthal, geschieht, aber dann waren die Impulse der Tat andere. Wo zwar der Gerasch sehr melodisch spricht und die
149 2417 3230 2483 d Wildenbruch. Die kleine So wie sie uns Schnitzler predigt, wirken sie lächerlich, [Wolgemuth eindrucksvolles Spiel entfaltet, weit
2001 2462 3228 2523 und breit aber kein Größe versprechendes Zeichen für
1163 2463 2018 2551 Wieder schlägt der Autor des
138 2469 1188 2544 edardus, der auszog, eine illusionzerstörend.
2734 2503 3229 2584 Freilich, die Stücke,
1998 2508 2669 2577 die Zukunft zu erblicken ist .
803 2509 2022 2593 „Reigen“ durch. Kleine Ursachen, große Wirkungen.
152 2513 808 2590 und im Schlafgemach einer
805 2550 3231 2630 Das mag in der Weltgeschichte zutreffen. Auf dem wie dieses, die brauchen solche Mittel nicht. Es genügt
141 2564 812 2646 hat den historischen Stoff der
812 2609 3234 2694 Theater gilt ein anderes Gesetz und das Drama ist miß= ein tüchtiger Regisseur und eine volle Privatschatulle.
151 2615 814 2680 Hintergrund. Vielleicht fühlt
133 2667 2943 2728 schen Wucht seine Gestaltungs= glückt, das diese Gesetze verleugnet. Was nützt der an= Das sichert eine Reihe von Aufführungen.
2091 2701 3233 2782 Muß ich noch hinzufügen, daß es viele Hervorrufe
161 2706 2027 2783 bleibt Napoleon hinter den schauliche Bilderkram, der eine große Zeit in hübschen
797 2769 3235 2815 Genrebildchen schildert. Was heißen die hübschen großen und viel Beifall gab? Das ist bei Premieren heutzu¬
134 2771 817 2825 kiungsjahr rauscht an uns mit
151 2799 3244 2889 Wiener Kleinmeierei vorüber. Worte, die sie begleiten und was besagt der Mut, die tage selbstverständlich und ehrt das Publikum mehr
135 2861 3236 2938 naten von der Bastei in das Kleinlichkeit des großen Körpers „Volk“ zu spotten. jals den Dichter. Und alle Feuilletons der Zünftigen
671 2917 3093 2989 Das Vom Dramatiker verlangen wir ein Theaterstück, nicht vermögen die Wahrheit nicht hinwegzuschreiben
133 2911 547 2988 Esromans hinein
3070 2932 3195 3016 5.—
132 2946 2033 3046 waltigen Hintergrund. Ihn Bilder mit Text. Und das Theaterstück ist Schnitzler!
