3296 4224
1508 160 1983 265 box 26/5
190 161 1378 275 22. Der junge Medandus
118 1168 3230 1241 19 an allen Eiken herdor. Runf gefräßiger nach dem algemeinen Gut auftut. Wenn Einbrecher, der das in der Nacht wegtrögt, was ihm
96 1219 3220 1273 einen, daß eine Finanzverwaltung, die Herr v. Bilinsli noch einmal mit neuen Steuern am Tage verweigert worden war. Aber ist es so ganz
103 1271 928 1329 näße Entwicklung der kulturellen und
910 1274 2074 1328 kommt, so wird man wissen, wofür ihr Ertrag ge¬
2070 1275 3223 1340 unmöglich, daß sich auch das Parlament helfe und
105 1316 2083 1370 gaben nur sechsunddreißig Millionen braucht wird. Die Dreagnoughts, und was drum und
2067 1322 3227 1407 sich von dieser so antisozialen Finanzwirtschaft gründ¬
110 1366 2073 1435 hwere Hand auch bei den unprodultiven, dran hängt, sind es, denen zuliebe die produktiven
2064 1374 2365 1436 lich befreie?
1001 1427 2066 1523 eugen mr und die in den Srnen der Santenheil.
2060 1467 3229 1530 ihre Schande öffentlich ausrufen. Trotz allen Schwierigkeiten
102 1455 572 1556 Feuilleton.
916 1500 2073 1574 Und es ist wirklich ein Strudel, den aber der Dichter hinlänglich
2063 1514 2839 1576 vollführt er den ersten Teil seines Planes.
542 1514 756 1621 UU
923 1541 2084 1618 so zu regulieren gewußt hat, daß wir ihn heil durchschwimmen
2173 1537 3226 1611 Der dritte Akt spielt auf der Bastei. Es ist alles für die
114 1575 723 1669 junge Medardus.
911 1601 2080 1666 können trotz der drohenden Schrecken des Personenverzeichnisses.
2063 1609 3224 1663 durch Navoleon zu erwartende Belagerung vorbereitet. Die
924 1646 2069 1700 Die Geschichte spielt im Jahre 1809 vor und nach der Schlacht
105 1643 919 1710 ie in einem Vorspiel und fünf Aufzügen von
2062 1640 3227 1721 Bürger haben Angst. Als es Ernst wird, zieht man weiße
106 1705 916 1773 er. Zum erstenmal aufgeführt im Burgtheater
912 1694 2077 1761 bei Aspern. Im Haufe der Buchhändlerswitwe Franziska Klähr
2063 1696 3235 1769 Fahnen auf. Wien übergibt sich abermals. Im Hause der
98 1727 600 1801 am 24. November 1910.)
916 1746 2073 1804 lernen wir ihre Kinder Medardus und Agathe kennen. Diese hat
2059 1745 3228 1807 Emigranten ist man unruhig. Was wird Napolenn mit ihnen
107 1768 921 1842 Schnitzlers „Grüner Kakadu“ auf der Bühne
911 1789 2072 1843 ein sehr schwärmerisches Liebesverhältnis mit François, dem
2066 1794 3227 1864 machen? Die Trauung Helenens mit dem Marquis von Valois
96 1832 918 1891 daß der Dichter uns mit diesem festen und
913 1845 2070 1903 Sohne des Thronprätendenten, des Herzogs von Valois. Da
2073 1849 3226 1899 ist vollzogen, dieser und seine Freunde rüsten sich zur Abfahrt,
102 1881 927 1940 rwartung erweckt habe, daß er sich nunmehr
919 1877 2081 1957 die vornehmen Eltern eine Heirat nicht zulassen, wollen sie
2074 1891 3224 1944 um in Frankreich die Restauration vorzubereiten. Da wird der
93 1921 918 1995 Stoffen zuwenden werde. Er hat auch bald
922 1917 2075 2001 gemeinsam in den Tod gehen. Medardus rüstet sich, nächsten
2062 1929 3239 2015 napoleonische General Rapp gemeldet, der eine Einladung des
89 1974 930 2044 piel „Der Schleier der Beatrice“ erscheinen
923 1981 2072 2039 Morgen als Soldat zum österreichischen Heere abzugehen. Er
2067 1972 3228 2042 Kaisers an die Familie Valois bringt, am Hose in Schönbrunn
95 2013 928 2085 Wien nicht aufgeführt wurde. Und nun
913 2029 2071 2086 geht zu einem Abschiedsfest, das die jungen Leute noch heute
2063 2013 3224 2090 zu erscheinen. Helene ist dazu bereit. In der Klährischen Buch¬
93 2067 915 2132 m Stücke, das in der Buchausgabe (Berlin,
913 2071 2070 2133 Abends feiern wollen. In einer Schenke im Prater, ganz nahe
2065 2069 3225 2131 handlung ist man derweil damit beschäftigt, gewisse Atlanten,
101 2116 926 2178 iten füllt und gegen achtzig Cinzelpersonen
910 2114 2075 2186 an der Donau, findet es statt. In die Lust hinein bringt man
2060 2122 3224 2184 auf deren Besitz Napoleon die Todesstrafe gesetzt hat, weg
96 2152 930 2229 ie Striche aufgeführt, möchte es wohl sechs bis
915 2161 2076 2227 die Leichen zweier eben Ertrunkenen, eines jungen Paares,
2058 2152 3223 2233 zuschaffen und zu verstecken. Der Bruder der Witwe Klähr, der
93 2215 930 2280 usfüllen. Er nennt es nicht Schauspiel oder
914 2199 2071 2266 Agathes und François'. Medardus ist erschüttert, er ahnt sofort
2061 2219 3221 2293 Sattlermeister Eschenbacher, übernimmt es, sie in seinem Hause
91 2249 917 2321 Dramatische Historie, eine Bezeichnung, die wir
916 2261 2065 2312 den ganzen Zusammenhang. Er war bisher Feuer und Flamme
2068 2264 3229 2323 zu verbergen. Die letzte Szene führt uns in Helenens Zimmer.
100 2291 921 2360 vohnt sind. Aber bei diesem sind so jene Dramen
912 2311 2065 2369 für den Krieg. Aber jetzt will er der Rache leben. Er läßt sich
2069 2308 3218 2370 Sie schließt mit einem kurzen, iiderspruchsvollen, aber heißen
97 2345 919 2414 die wir auch als Königsdramen bezeichnen,
920 2353 2073 2414 durch einen anderen ersetzen und bleibt als Milizpflichtiger in
2065 2342 2910 2431 Liebesdialog zwischen Helene und Medardus.
96 2399 926 2461 nd die Großen der Erde: die Könige, die
931 2399 2072 2469 Wien. Diese Handlung bildet das Vorspiel. Und nun folgen
2163 2401 3228 2476 Wenn der vierte Akt beginnt, ist die Schlacht bei Aspern
910 2428 1250 2514 fünf lange Akte.
111 2440 929 2518 Feldherren. Ginge man mit dieser Vor¬
2065 2447 3226 2509 schon geschlagen. In den Quartieren Wiens liegen viele ver¬
95 2483 940 2566 türe des Stückes von Schnitzler, so würde
1025 2483 2070 2560 Der erste besteht aus zwei Szenen. Die erste spielt auf
2055 2484 3223 2563 wundete Franzosen. So auch bei der Witwe Klähr. Bei ihr sind
101 2538 931 2596 t, denn die wenigen „Großen“, die auftreten,
916 2541 2062 2602 dem Friedhof. Die Leichen der beiden Selbstmörder werden
2061 2542 3229 2604 zwei Offiziere einquartiert. Der eine von ihnen ist im Sterben.
94 2581 927 2654 on echten Großen dadurch, daß sie tatenlose
921 2589 2063 2645 ohne Zeremonien bestattet. Dabei treffen sich die beiden leid¬
2071 2588 3228 2650 Es kommt Hausdurchsuchung. Ein Schleicher hat die Buch¬
106 2634 924 2701 b gerade das nicht haben, was die Shake¬
921 2633 2066 2691 tragenden Familien. Auf beiden Seiten Schmerz, bei den Valois
2066 2627 3226 2696 handlung denunziert, daß sie die verbotenen Atlanten besitze.
101 2681 919 2741 auszeichnet. Wir befinden uns ganz im
923 2682 2064 2740 aber auch unerträglicher Hochmut. Besonders die Schwester
2074 2682 3227 2740 Bei Klähr wird natürlich nichts gefunden, aber im Hause des
101 2723 923 2788 haus in Gesellschaft von Menschen mittleren
926 2729 2071 2785 François', Helene, tut sich dabei hervor. Medardus brüsliert sie
2061 2733 3230 2791 Nachbarhauses, das dem Satilermeister Eschenbacher gehört, hat
98 2777 924 2835 es, in Gesellschaft der zünstigen Welt der
926 2776 2068 2834 und wird von dem Marquis von Valois, dem Helenen be¬
2071 2765 3232 2837 man unter einem Steinhaufen die Bücher entdeckt. Medardus
927 2822 2069 2888 stimmten Ehegatten, zum Duell gefordert. Die zweite Szene
104 2808 926 2877 des neunzehnten Jahrhunderts. Es ist eine
2063 2807 3232 2881 will seinen Oheim entlasten und alle Schuld auf sich nehmen.
92 2854 929 2927 on Wiener Geschäftsleuten und ihren Frauen
929 2862 2075 2947 führt uns in die Gruppe der Emigranten. Helene fängt an, sich
2070 2877 3235 2935 Vergeblich. Eschenbacher läßt sich nicht helfen. Er wird gefangen
102 2908 931 2978 Studenten, von bürgerlicher Miliz, von kleinen
922 2905 1994 2979 für den im Duell verwundeten Medardus zu interessieren.
2063 2911 3236 2980 abgeführt. Der Freund des Medardus, der dessen Verhältnis zu
88 2948 937 3026 de Elemente schieben sich dazwischen französische
1028 2957 2077 3026 Im zweiten Alte sehen wir Medardus verwundet im
2072 2953 3233 3034 Helene mehr ahnt als weiß, tut ihm in die Seele weh, als er
116 3008 926 3081 französische Emigrantenfamilie, die Valois,
914 3008 2071 3070 Hause seiner Mutter. Seine Verwundung ist ungefährlich.
2066 3013 3234 3071 ihm sagt: „Du ruhst ja in deinem Glück!... Was kümmert
110 3039 928 3128 auf den französischen Thron zu haben
2059 3055 3231 3113 dich anderer Schicksal?“ Er fühlt sich tief getroffen. Denn er
917 3058 2059 3116 Helenens Kammerzofe bringt ihm im Auftrag ihrer Herrin
96 3101 933 3177 niliengruppe ist für die Entwicklung der
908 3093 2077 3166 Blumen und er läßt dieser sagen, daß er noch diese Nacht in
2065 3098 3238 3164 lebt ja in einem inneren Zwiespalt. Es nützt nichts, daß die
99 3144 473 3230 nderer Wichtigkeit.
921 3145 2067 3223 ihren Garten kommen werde. Er will Helene besitzen und dann
2058 3144 3230 3214 Mutter Klähr die ganze Nacht im Schlosse Schönbrunn wartet,
