3344 4256
1137 93 1342 167 eg
820 128 1116 187 burg, Toronto.
765 162 1180 233 (Oueilenangabe ohne Gewahr..
415 207 806 309 Ausschnitt aus:
1227 312 1544 426 3e, Wien
418 346 582 408 vonz:
566 298 1206 457 — JARETEWSER1910
763 476 1038 571 Allwien.
305 539 1095 637 Sen Per Messer.
377 599 1479 671 Ein Seismograph der Kultur und des geistigen
301 679 1483 737 Lebens könnte in diesem nun ablaufenden Jahre eine
304 713 1478 780 merkwürdige Bewegung konstatieren. Genau nach Ablauf
311 773 1488 828 eines Jahrhunderts vollzieht sich in Wien eine literarische
310 811 1490 864 Wiedergeburt der Zeit von 1810. Die nie ganz verebbte
312 861 1489 930 Schwärmerei für das Wien Beethovens und Schuberts,
316 906 1487 972 für das kränzleingeschmückte Biedermeiertum dieser Epoche,
313 953 1478 1011 für die alte mauerumgürtete Stadt mit dem breit¬
317 999 1483 1048 leuchtenden Wiesenband des Glacis, den trotzigen
309 1044 1480 1107 Basteien und Türmen, diese bisher auf engere Kreise
307 1087 1478 1143 von Sammlern und Liebhabern beschränkte Neigung,
300 1140 1468 1198 treibt im Jahre 1910 eine Richtung auf, deren Existenz
298 1188 1484 1268 nicht mehr geleugnet werden kann: die Renaissance von
299 1232 522 1292 Altwien.
330 1275 651 1360 Crnessen
606 1350 663 1398 ansan
1508 1383 3298 1455 hat diesen Menschen niemals genügt. Es war die Zeit beziehungen zu aristokratischen
416 1391 1512 1452 Altwien ist modern geworden. Nicht allein in der
2681 1440 3299 1495 der Musik anknüpften. Was
1511 1443 2682 1503 der stürmischen, heißen Gefühle, die nach großen, in
330 1447 1516 1500 Literatur! Auch die bildende Kunst, das Kunsthandwerk
2681 1479 3301 1543 Beethovens und Schuberts als
333 1501 2675 1555 greist auf jene alten großväterischen Motive zurück. Auf Leidenschaft schmetternden oder leisen, im Gefühl er¬
2677 1536 3293 1596 überträgt der Dichter auf sein
1512 1537 2674 1604 sterbenden Worten rangen. Es war die Zeit, da die
330 1541 1512 1590 vielen neuerbauten Häusern der Wiener Straßen, auf
2684 1580 3300 1641 Die Neigung des Jünglings
1512 1595 2602 1653 großen Abstrakta: Freundschaft, Vaterland, Glaube
334 1578 1509 1652 manchen Villenbauten der Vororte winken uns wieder
2672 1619 3279 1691 keusch und tief. Sie äußert si
1503 1611 2683 1698 als lebensvollste Ideale galten und die Selbstsucht gar
335 1634 1512 1702 die heiteren Blumenkränzlein der Biedermeierzeit zu. Ja
2692 1668 3282 1741 Taten und ist doch so heiß,
1504 1681 2678 1744 schlaue Verkleidungen annehmen mußte, um nicht ent¬
337 1697 1502 1747 auch die Mode, jener feinste Fühler des Zeitgeschmackes,
2674 1708 3288 1788 von ihr bestrickt, alles andere
1516 1719 2676 1779 larvt und über den Markt geschleppt zu werden. Es war
328 1727 1503 1787 zeigt lebhafte Neigung, den noch vor wenigen Jahren so
2684 1746 3297 1831 verachten. Aber eines Tage
1506 1772 2674 1832 eine schmachtende, sentimentale Zeit, der die Tränen näher
332 1772 1509 1841 spöttisch belächelten Biedermeierstil zu beleben. Das
2685 1818 3295 1871 Komtesse wird mit einem älte
1520 1821 2677 1883 lagen als das Lachen und wo Werthersche oder Byronsche
339 1819 1511 1887 schneckenförmig hinter den Ohren geflochtene Haar der
2682 1865 3295 1916 Trennung muß erfolgen. W
1519 1868 2676 1928 Gefühlsschwermut fast zum guten Ton der Gesellschaft
1100 1863 1503 1933 der männlichen
334 1866 1112 1938 Mädchen, der enge Taillenschnitt
2684 1902 3285 1962 Lehrer wagen ein Wort des
342 1908 1513 1972 Kleidungsstücke, die buntfarbige Weste, die Vorliebe für
1509 1917 2672 1975 zählte. Es war eine Zeit, die, dem ewigen Gesetz des
2688 1951 3289 2021 Auflehnung. Sie scheiden vo
1502 1963 2688 2029 Gegensatzes folgend, nach dem brutalen Willensmenschen
335 1951 1507 2025 Altwiener Möbelstücke, das sind Symptome, die jedem,
2686 1994 3293 2068 geben, nur in glühenden Wor
1506 2009 2680 2080 lechzte. Die klare Tat und Kraft erschien ihren Menschen
332 2016 1509 2089 der am Herzschlag der Zeit horcht, interessant erscheinen
2695 2044 3289 2122 sie sich ewig lieben werden,
1505 2053 2688 2131 als schauriges, unbesiegbares Wunder. Napoleon war nur
330 2059 536 2140 müssen.
2694 2102 3290 2163 einander geschieden sind. In
1505 2103 2003 2179 in dieser Zeit möglich!
428 2080 1510 2174 In unserer Wiener Literatur prägt sich diese Rück¬
2691 2143 3296 2210 sie die Erfüllung ihres Glückes
1262 2143 1513 2221 Rechts und
335 2153 1267 2229 strömung des Geschmacks noch deutlicher aus.
1594 2139 2687 2235 Eine so verworrene und komplizierte Zeit dichterisch
2677 2193 3299 2257 für das sie sich abschiednehme
1281 2199 1509 2262 Altwiener
334 2207 1274 2266 links sprießt es in diesem Jahre von
1505 2212 2676 2281 und zugleich wahrheitsgetreu zu schildern, ist schwerer, als
2680 2238 3270 2300 Rendezvous geben. Und so
1247 2243 1496 2322 Komödien,
336 2252 1261 2321 Romanen, Erzählungen, Tragödien und
1520 2259 2676 2317 es den Anschein hat. Es gibt Altwiener Geschichten, bei
2680 2288 3272 2348 Komtesse Giuditta auch in
1300 2296 1518 2354 Da hat
423 2291 1265 2369 sogar von Altwiener Operetten auf.
338 2304 438 2369 ja
1510 2299 2684 2368 welchen Landschaft und Kostüm trefflich gemalt sind. Doch
2687 2314 3291 2395 Oden Klopstocks an die ferne
333 2349 1504 2407 R. H. Bartsch in einem Roman das alte Wien
1508 2350 2676 2416 ihre Menschen haben etwas durchaus Modernes an sich.
2683 2383 3282 2449 seine im Leiden selige Seele.
333 2387 1513 2449 als Folie der Handlung benützt. Ihm folgte ein
1510 2400 2684 2461 Sie treten im Biedermeierkostüm auf, könnten sich aber
2679 2416 3298 2492 andere Leidenschaft. Die natür
340 2430 1511 2497 Jüngerer, Hans Hart, mit seiner farbenreichen Altwiener
1511 2443 2676 2515 ebensogut im Frack und Smoking bewegen. Anders bei
2672 2466 3286 2547 die sich ihm in derberer Form
326 2490 1500 2553 Erzählung „Liebesmusik“, die das Wien von 1810 in
1521 2483 2675 2548 Otto Hauser. Auch hier sind hübsche Landschaftsbilder.
2683 2519 3274 2585 männin Rosi naht, stößt e
327 2516 1505 2593 buntem Glanz auferstehen läßt und Beethoven, Schubert,
1515 2537 2675 2594 Aber sie sind keine farbigen, üppigen Makart=Gemälde,
2685 2568 3275 2632 ständnis zurück und schafft s
325 2582 1505 2646 Schwind in die Handlung einflicht. Artur Schnitzler
1509 2585 2686 2647 sondern erscheinen uns mehr wie zartgetönte Pastelle.
2685 2600 3301 2681 schick, nämlich das der Ver
329 2629 1504 2702 hat im „Jungen Medardus“ der dramatischen Sen¬
1512 2634 2680 2697 Hingegen sind die Figuren, die Hauser in seinen Roman
2694 2655 3281 2724 gerät. Er selbst versöhnt sich
325 2660 1511 2745 sation dieses Jahres, genau diese Zeit um 1810
1512 2678 2680 2739 stellt, von unbestreitbarer Echtheit. Sie sind so vom Blut
2695 2700 3308 2759 täubt sich mit Arbeit und w
330 2723 1501 2795 herum in einem Ausschnitt theatralisch zum Leben
1504 2739 2678 2786 ihrer Zeit durchtränkt, daß sie uns in ihrer Absonderlich¬
2691 2755 3282 2808 Ohne Liebe heiratet er ein
1224 2760 1499 2825 ein Roman
321 2766 1203 2835 erweckt. Und nun liegt uns wieder
1508 2773 2685 2825 keit oft lächerlich und fremd dünken. So wie der Held
2683 2800 3276 2867 das ihm seit langem gut ist.
322 2802 1502 2892 vor, der sich schlankweg „Alt=Wien"*) betitelt und
1507 2821 2678 2885 des Buches, Matthias Harand, dessen Jugend= und
2685 2849 3293 2905 sieht er nie mehr wieder. Es
333 2856 1506 2936 zum Teil Figuren aufweist, denen wir schon bei Hans
1501 2859 2649 2922 Mannesgeschichten wir vernehmen, lebt und empfindet, so
2682 2895 3296 2964 dem himmlischen Rendezvous.
320 2903 1200 2981 Hart und Artur Schnitzler begegnet sind.
1507 2924 2681 2979 lebt und empfindet kein Mensch unserer Tage mehr.
2682 2941 3284 2997 Jahren, als er schon seinen
407 2942 1503 3014 Otto Hauser, der Dichter des neuesten Altwien¬
1510 2953 2684 3020 Diese Figur ist ein historischer Typus. Schnitzler hat so
2677 2988 3301 3055 und groß geworden, begegn
320 2995 1508 3070 romans, stellt die großen Glorien der Zeit nicht etwa
1510 3005 2676 3071 in seinem jungen Medardus einen Charakter gezeichnet,
2686 3024 3304 3098 storbenen Geliebten auf eine
325 3043 1505 3107 nur als blendende Staffagen hin. Sein Beethoven zum
1506 3051 2677 3125 der manche Schattierungen der damaligen Zeitpsyche auf¬
2679 3071 3296 3158 beamte stürzt vor ihr nieder:
326 3092 1498 3175 Beispiel ist mehr als eine Nebenfigur. Er wandelt in er¬
1505 3098 2679 3165 weist. Auch der Matthias Harand ist ein historischer
2681 3135 3294 3186 mir wiedergekommen. ...“ Zu
320 3145 1495 3219 greifender Lebendigkeit durch die Geschichte des Romans.
1503 3150 2674 3207 Charakter. Otto Hauser häuft auf ihn die Merkmale des
2679 3170 3278 3240 will an Sie denken, wie mi
323 3193 1497 3265 Der Held der Erzählung, Matthias Harand, ist ein voll¬
1505 3197 2673 3257 seelischen Lebens der ganzen Zeit. Matthias Harand
2676 3218 3307 3284 hat.... O, auch ich habe Si
325 3243 1496 3307 endeter Typus seiner Zeit. Wie er vom Dichter körperlich
1506 3245 2671 3303 erscheint somit gleichsam als ein epischer Repräsentant der
2692 3267 3297 3334 heim. Friede zieht in sein Hei
312 3297 1492 3372 gezeichnet ist, glauben wir ihn schon gesehen zu haben,
1511 3288 2683 3366 Zeit um 1809, ebenso wie der junge Medardus
2685 3302 3298 3385 stens im Abbild ihrer Tochter
317 3323 1508 3409 etwa in einem Museum oder in den Schaufenstern der
1501 3330 1941 3414 ihr dramatischer ist.
2681 3360 3280 3424 genügt ihm. Nach Hause g
1586 3362 2682 3450 Matthias Harand ist ein Bauernsohn. Ein geistlicher
319 3388 1503 3449 Antiquare, in einem jener ovalen Medaillons oder in
2683 3412 3302 3469 Gattin Adine schon aufgestank
319 3419 1496 3490 einer jener farbigen Miniaturen aus der Altwiener Zeit.
1511 3424 2679 3499 Herr hat sich des begabten Knaben angenommen und ihm
2694 3444 3308 3512 dem Arm. Er küßt sie zum
322 3467 1497 3540 Die Menschen dieser alten Bilder sehen anders aus als
1500 3487 2676 3549 ein kleines Stipendium verschafft. Nun haust Matthias in
2692 3499 3262 3567 folgt sie ihm ins Zimmer
317 3519 1501 3580 die Menschen unserer Zeit. Etwas Versonnenes, Weiches,
1507 3529 2678 3596 einer schmutzigen Studentenbude mitten drin im ältesten
2688 3533 3281 3612 kleinen Bilde in der Hand,
1499 3569 2676 3636 Wien. Aber seine reine, fromme Seele leidet trotz der
321 3571 1502 3637 Idealisches spricht aus ihren schmalen Gesicheern. Es
2672 3587 3291 3669 Dine,“ sagte Matthias und ze
1497 3613 2677 3693 schlechten Umgebung keinen Schaden. Er findet Zutritt in
323 3611 1509 3702 waren romantische Menschen! Mag auch die Kunst jener
2677 3635 3287 3719 Mädchen habe ich geliebt....
1502 3669 2670 3737 ein gutes Bürgerhaus. Dort lernt er Beethoven kennen,
319 3667 1500 3740 Epoche sich in den großen Einzelnen zur klassischen Höhe
2762 3693 3286 3766 So schließt der Roman „
313 3719 1496 3780 erhoben haben, das große Publikum, die Gebildeten aller
1498 3705 2680 3783 der dem Jüngling zwar die Musik ausredet, sich aber
2679 3746 3295 3822 zählte Haupthandlung reich vo
1509 3762 2675 3829 gütig seiner annimmt und ihm eine Klavierstunde bei
317 3758 1497 3830 Stände, die Jünglinge und Mädchen, die sich liebten,
2687 3804 3288 3860 umrankt ist. Der Dichter hat
1502 3806 2674 3877 einer italienischen Komtesse verschafft. Zwischen Matthias
323 3811 1506 3882 waren romantisch angehaucht, eben mit jener spezisischen
2677 3849 3302 3920 fühligkeit in das Wesen jener
1513 3848 2687 3920 und der Komtesse entwickelt sich ein Liebesroman, wie er
321 3861 1498 3931 Romantik von 1809! Die reale, nüchterne Wirklichkeit
2677 3892 3280 3964 auch großen Zeit und ihrer
1512 3905 2678 3971 charakteristischer nicht erfunden werden konnte. Es war ja
427 3924 508 4001 *),
490 3907 1508 4002 „Alt=Wien.“ Roman von Otto Hauser. Verlag Adolf Bonz
1492 3950 3297 4025 die Zeit, wo künselerisch=geniale Naturen so zarte Herzens=! Er ist nicht bloß ein Male
318 3967 785 4063 & Cie., Stuttgart, 1911
