3392 4192
253 106 1417 233 22. Derjunge Medandus
1577 126 2038 221 box 26/5
2754 700 3148 785 — — —
2414 705 2591 788 —.—
1848 838 3165 905 Zorn, daß er mit gezogenem Säbel auf die Bürgerwache stürmt. Tell
151 838 1851 916 dieren. Von 7 Uhr Helene wird die Sorge um den hübschen, mutigen Medardus nicht los.
1854 876 3158 942 reißt ihm den Säbel aus der Hand und wirft ihm denselben zerbrochen
159 887 1853 972 m Schneesturm da Die von ihm schwer Beleidigte entsendet ihre Vertraute Nerina in die
1853 928 3037 1011 vor die Füße. Tags darauf wird er am Getreidemarkt füsiliert.
161 938 1861 1016 hütteli trat Klähr in Krankenstube, damit sie Medardus die Blumen bringe, die er vernichten
1910 956 3159 1028 Anna Berger sucht für ihr krankes Herz, in dem Medardus steckt,
558 1003 1853 1061 wollte. Der fiebernde Medardus läßt der Prinzessin sagen, daß er noch
160 1011 541 1080 Tagen. Das hat in
1855 1026 3155 1093 Heilung durch die Pflege Kriegsverwundeter. Im Lazarett holt sie sich
549 1034 1855 1117 am Abend sich im Parke ihrer Villa einfinden werde, ihr seinen Dank
161 1058 547 1128 ächtig geschürt. Auf
1858 1074 3157 1145 den Tod. Wieder bringt die Szene das Friedhofsbild anläßlich der Be¬
554 1088 1843 1160 persönlich zu Füßen zu legen. Helenens Botschaft kommt ihm gelegen.
193 1107 541 1183 des befreundeten
1858 1135 3170 1190 erdigung der armen Anna. Ihr gibt auch Medardus, dessen Haß zu
553 1137 1845 1216 Seine Schwester will er rächen, wenn er die Prinzessin in den Armen
160 1165 558 1231 htet. Medardus soll
1867 1185 3160 1243 Helenen sich in glühende Liebe verwandelt hat, das letzte Geleite. Helene,
554 1191 1854 1266 hat, alle zusammenrufen, Herrschaft und Lakaien. Mit der Wunde in
152 1214 548 1277 ine Schwester Agathe
1857 1242 3155 1294 die sich seiner sicher glaubt, beschließt, Medardus zu ihrem Werkzeug zu
557 1236 1841 1313 der Brust macht er sich zum Rachewerk auf. Helene hat sich inzwischen
153 1264 549 1334 us der kapetingischen
1868 1271 3159 1346 machen. Sie strebt, den Valois' die Krone Frankreichs wieder zu er¬
557 1283 1852 1357 dem Marquis verlobt, doch die Bedingung gestellt, daß er gleich nach der
156 1311 547 1380 hron gesessen. Der
1866 1320 3163 1399 ringen, und will Medardus zum Mörder Napoleons dingen. Man er¬
560 1344 1851 1418 Trauung nach Frankreich abreisen müsse. „Ich will nicht früher einen
148 1354 553 1424 Kaiser von Oesterreich
1859 1372 3163 1430 zählt sich, daß Helene Napoleons Geliebte sei. Davon hört auch
555 1384 1846 1461 Sohn zu erwarten haben,“ sagt sie ihm, „ehe ich sicher bin, daß er be¬
159 1419 555 1473 gewährt, träumt von
1857 1429 2680 1501 Medardus, und seine Sinne werden verwirrt.
561 1435 1859 1518 stimmt ist, einmal König von Frankreich zu werden.“ Etzelt, der die
157 1463 545 1533 die seinen Hof bilden,
1918 1466 3167 1539 Viel Volk strömt nach Schönbrunn. Dort soll Napoleon Parade halten.
555 1483 1863 1566 Klährsche Buchhandlung leitet, und Medardus' treuer Freund, wartet
159 1517 560 1589 tendenten. Frangois,
1868 1536 3170 1601 Jeder will ihn sehen. Seit langem lag es in Medardus' Sinne, zu tun,
564 1533 1856 1616 sorgenvoll die ganze Nacht vor der Villa Valois. Seine Ahnung
161 1566 560 1638 arrsinn seiner Eltern
1870 1598 3172 1654 was Helene von ihm verlangt hat. Jetzt ist sein Arm lahm, sein Dolch
557 1589 1857 1660 hat ihm den richtigen Weg gezeigt. Da der junge Tag beginnt, schlüpft
163 1616 549 1690 ner Frau zu machen,
1865 1635 3162 1697 stumpf geworden, denn Medardus kann nicht aus dem Rächer seines
563 1650 1195 1724 Medardus aus der Gartenpforte.
1862 1688 3173 1749 Vaterlandes ein gedungener Mörder im Solde der Valois' werden. Seine
604 1672 1849 1763 Die Franzosen sind inzwischen vor Wien angelangt. Sie haben ein
1864 1746 3168 1795 Liebe zu Helene hat einen anderen Menschen aus ihm gemacht. Die
161 1718 562 1801 versammeln sich die
560 1737 1851 1810 Haus hinter den laiserlichen Stallungen am Spittelberg durchgebrochen,
1868 1768 3172 1840 Eifersucht quält ihn, macht ihn sinnlos, und sein Dolch, der für Napoleon
171 1790 552 1853 sind der Begeisterung
564 1786 1861 1851 um ihre Kanonen auf die Burgbastei richten zu können. Ein Trompeter,
1862 1819 3162 1881 bestimmt war, wühlt sich in Helenens Herz. Man bringt Medardus ins
167 1842 554 1899 rzu befeuern, scherzen
560 1830 1860 1910 der mit den Abgesandten des Marschalls Lannes durchs Tor geritten
1866 1866 3164 1934 Gefängnis. Er hat dem Kaiser von Frankreich das Leben gerettet, denn
168 1882 545 1952 ihr innerstes Gefühl,
561 1882 1863 1952 ist, wird von der aufgeregten Menge erschlagen. Kanonendonner er¬
1874 1919 3180 1988 es ist erwiesen, daß Helene mit der Absicht ins Schloß kam, Napoleon zu
175 1937 549 2000 Der Student Bern¬
560 1929 1861 1992 dröhnt. Der Feuerschein am Himmel verrät, daß viele Gebäude in
1868 1965 3172 2034 ermorden. Napoleon entsendet General Rapp zu Medardus, diesen vor
559 1973 1855 2054 Flammen stehen. Die Kanonade dauert an, Hunger und Not steigern
150 1959 557 2051 ei den Depots daheim
1868 2014 3179 2086 sein Angesicht zu bringen, um ihm die Freiheit zu schenken. Doch
566 2027 1861 2089 die Erregung. Lebensmittel sind kaum aufzutreiben. Das Volk ver¬
162 2033 558 2104 urstig ins Feld ziehen
1870 2075 3176 2131 Medardus lehnt diese Großmut ab; denn offen bekennt er, er habe
563 2066 1861 2153 langt stürmisch, man möge kapilulieren und die weiße Fahne auf der
155 2082 562 2156 hmit Dukaten lohnen
1869 2107 3179 2183 Napoleon unschädlich machen wollen. Wäre ihm Helene nicht in den
575 2118 1867 2189 Bastei aufstecken. „Wir wollen nicht massakriert werden!“ tobt die
154 2133 554 2205 Bewegung. Wie dies
1879 2173 3174 2232 Weg gekommen, hätte sein Stahl Napoleon getroffen. Napoleon, dem
562 2153 1866 2251 Menge. Ein uralter, schon schwachsinniger Herr, dem alle seine Kinder
167 2185 557 2255 geschwemmt worden.
1874 2224 3167 2284 dies freimütige Geständnis imponiert, will Medardus wieder die Frei¬
570 2218 1867 2289 unb Kindeskinder ins Grab vorangegangen sind, zieht mit einer kleinen
156 2238 550 2305 en Prinzen von Valois
1877 2253 3170 2327 heit geben, wenn er verspricht, ihm nicht mehr nach dem Leben zu
571 2268 1869 2340 Urenkelin durchs Stück. Das Schlachtgetöse lockt ihn auch auf die
152 2288 562 2353 ne steigen in ihm auf.
1870 2314 3174 2374 trachten. Mutter und Freunde vermögen Medardus zu diesem Worte nicht
575 2306 1869 2387 Burgbastei, da tötet ein Granatsplitter das kleine Mädchen, und nun
155 2338 562 2413 pester eines Franzosen
1872 2354 3173 2434 zu bewegen, und er erduldet den Feuertod als „dieses Krieges letzter und
569 2361 1871 2434 steht der Alte ganz allein da. Wien hat sich ergeben. Napoleon ist
158 2388 564 2455 er mit Bernburg, der
1875 2423 2219 2486 seltsamster Held“.
576 2416 1861 2478 in Schönbrunn eingezogen. Die Trauung zwischen Helene und dem
161 2430 553 2502 dus will in der Stadt
1923 2421 3184 2529 Ist es uns geglückt, die Vorgänge im „jungen Medardus“, wie wir es
581 2460 1872 2533 Marquis wurde vollzogen. Durch seine Kundschafter hat Napoleon
149 2485 558 2563 zu tun hätte,“ ruft er
1881 2499 3181 2584 angestrebt haben, plastisch und ausführlich zu skizzieren, dann sind wir
566 2507 1864 2573 hiervon Kenntnis bekommen, sendet General Rapp zu den bestürzten
573 2557 1864 2622 Valois', der Braut nebst den Glückwünschen ein kostbares Perlenhalsband
1878 2548 3174 2624 der Kritik enthoben. Denn man wird leicht erkennen, daß in jeder Szen¬
162 2583 562 2660 Historie eine glänzende
1875 2603 3181 2670 der Dramatiker, der Poet waltet, der das Leben in seiner ursprünglichen
580 2611 1866 2676 als Angebinde zu bringen und die Familie zu der am nächsten Tage
148 2632 560 2707 zug bietet ein düsteres
1883 2658 3180 2723 Kraft und Gewalt darstellt und keine der vielen Personen verzeichnet,
578 2653 1464 2724 in Schönbrunn stattfindenden Cour einzuladen.
156 2691 563 2761 paares werden im ge¬
626 2691 1863 2769 Die Landwehr ist wieder aufgelöst, Generalpardon erlassen, die Fran¬
1876 2704 3173 2777 Menschen von Fleisch und Blut aus den verschiedenen Sphären und
168 2749 562 2808 Trauergäste entfernt,
576 2745 1876 2825 zosen führen das Regiment. Der weitere Verkauf sämtlicher Landkarten
1877 2751 3185 2818 Schichten porträtgetreu gestaltet hat. Mit dem „jungen Medardus“ selbst
143 2792 563 2860 or dem frischen Grabe.
578 2796 1867 2865 ist strenge verboten. Etzelt hat noch zwei im Klährschen Laden. Sie
1886 2804 3185 2865 vermögen wir uns allerdings nicht vollends zu befreunden, und, da wir ihn
145 2843 570 2914 die Ankunft der Prin¬
573 2844 1871 2908 aber trotz des dafür gebotenen hohen Preises den Franzosen zu über¬
1877 2859 3185 2927 charakterisieren sollen, drängt sich uns in die Erinnerung, was Medardus
149 2890 574 2956 des Bruders Grabstätte
579 2905 1865 2959 liesern, dünkt ihm Hochverrat. Der Sattlermeister Eschenbacher, Frau
1890 2892 3187 2980 einst von seinem Freunde Etzelt zur Antwort erhielt: „Worte, Medardus,
154 2939 563 3014 hrei heischt Medardus,
565 2943 1871 3036 Klährs Bruder, versteckt die beiden Landkarten bei sich in einem aus¬
1877 2952 3190 3019 große tönende Worte!“ Wieder zeigt sich Schnitzler als souveräner Be¬
165 2993 522 3062 rich zerirete sie".—
572 3010 1867 3061 getrockneten Brunnen. Ein Schurke zeigt ihn an, man findet die Karten,
1880 3005 3177 3063 herrscher der Sprache, als blendender Former des Wortes. Vielleicht dachte
147 3037 574 3113 Schicksal.“ (Sie nimmt
582 3044 1873 3105 Eschenbacher wird mit seinen Gesellen verhaftet, ihm kurzer Prozeß ge¬
1888 3036 3179 3112 er, im „jungen Medardus“, der aus der österreichischen Literatur nie ver¬
573 3089 1877 3169 macht, der Meister wird auf dem Glacis erschossen, die Gesellen läßt
171 3091 574 3160 sind sie einem würdi¬
1885 3085 3192 3163 schwinden wird, sein Lebenswerk vollbracht zu haben. Er hat ihm jeden¬
591 3132 1875 3201 man laufen. (Nach der historischen Tatsache stand Eschenbach, den
162 3143 572 3208 ig mörderischen Fingern
1890 3115 3187 3212 falls die Jahre des kräftigsten und bedächtigsten Schaffens geopfert. „Derk
582 3180 1877 3246 Schnitzler hier Eschenbacher nennt, unter der Anklage, daß er auf seinem
167 3194 579 3263 der um Helene wirbt
1883 3180 3189 3258 junge Medardus“ mag vielleicht eine Wende in Schnitzlers Produktioni
583 3230 1872 3290 Grund und Boden drei Kanonenrohre vergraben habe.) Die Kriegs¬
1890 3250 3185 3310 bedeuten. Wir begrüßen sie freudig und sehen nun Schnitzlers Zukunft
150 3235 574 3313 irdus vor seine Klinge.
588 3286 1872 3353 gefangenen werden hart behandelt, darüber entsteht ein förmlicher Auf¬
155 3291 571 3363 wenn er den Frechling
1890 3301 2520 3373 erst recht verheißungsvoll entgegen.
583 3332 1876 3396 lauf vor den Hofstallungen, in denen die Gefangenen eingesperrt sind.
163 3345 579 3411 nicht auszuführen, denn
2363 3327 3125 3407 Ludwig Klinenberger=Wien.
156 3385 1886 3450 cki, verletzt den Herzog Weil der Anführer der Bürgermiliz, der Tischler Tell, das Volk nicht
159 3445 1922 3509 de unweit des Herzens, barsch genug auseinandertreibt, gerät ein französischer Offizier derart in
