3436 4256
352 116 1528 227 22. Derjunge Medardus
601 1083 1028 1156 Ausschhieg aus:
602 1168 771 1233 vom:
745 1136 1737 1287 Son Asseistusiorie A Hahng, basse
624 1220 847 1304 Sershen
578 1369 627 1420 2
626 1317 1757 1442 Lessing=Thealer.“ Die Aufführung der dramatischen Historie
707 1394 1755 1493 junge Medardus“ von Arthur Schnitzler
577 1416 1755 1540 bezeutete eine Enttäuschung für die, die gekommen waren,
639 1461 1685 1570 durch dramatische Werte aus dem Alltagsgetriebe
569 1492 1651 1590 reknere Höhen heben zu lassen. Was auch immer
561 1527 1303 1622 rebet und geschrieben wird von
1304 1577 1743 1652 dem ernsten Ton
560 1563 1659 1684 einer Kunst die unsrer großen Zeit gerecht würde
568 1606 1746 1715 in der Praxis des Theaterlebens stellt sich den Leuten von der
561 1646 1744 1765 idealen Forderung eine unüberwindliche Mauer entgegen, hinter
565 1686 1735 1815 der es eigen und seltsam zugeht. Schnitzlers Stück ist trotz eines
557 1723 1732 1829 ernsten Untergrundes ebenso wenig der Macht dieser Tage ge¬
551 1757 1736 1878 wachsen wie tausend zeitgenössische Possen. Ja, man empfindet
551 1798 1725 1909 eine herzliche Langeweile bei den vierzehn Bildern, die viereinhalb
543 1827 1734 1959 Stunden lang Auge und Ohr in Anspruch nehmen. Das Herz
543 1878 1726 1993 aber bleibt ungetroffen, trotz reichlicher Sentimentalitätsmache,
544 1925 1725 2026 Schnupftuchlyrik und angehender Filmdramatik. Ein unreifes
532 1961 1738 2077 Pärchen nimmt sich das Leben. Er ist ein Prinz aus dem Hause
1447 2058 1663 2141 B#s
462 2101 1654 2206 Valois (die noch immer, trotz Bonapartes Kaisertum, nach Frank¬
466 2135 892 2200 reichs Thron gieren);
918 2163 1649 2251 sie ein Wiener Bürgermädchen. Ihr
465 2167 1662 2287 Bruder, der junge Medardus, will sich an der Schwester des
462 2206 1657 2304 Prinzen, der hochmütigen Helene, rächen. Aber er gerät dabei
463 2257 1643 2353 in ihre Liebesnetze, schwankt in den Niederungen sinnlicher Glut
463 2295 1645 2407 und wilden Tyrannenhasses, wird von ihr klug zum Mörder
454 2323 1645 2446 Napoleons gedungen, senkt aber schließlich doch den Dolch in das
453 2365 1641 2480 Herz der treulose Marquise, die Napoleons Geliebte sein soll.
448 2408 1632 2517 Der Dichter phantasiert viel von dem „edlen Kaiser der Fran¬
452 2450 1629 2544 zosen“ läßt ihm begeisterte Huldigungen der Wiener Bürger dar¬
446 2479 1638 2599 bringen und findet keinen bessern Helden für sein Stück, als diesen
441 2525 1637 2629 haltlosen törichten Burschen Medardus. Denn daß auch nur ein
442 2572 1628 2670 Lichtgedanke den langen Wortschwall durchzuckte, daß auch nur
440 2602 1623 2709 ein echtes Menschentum, wie wir es jetzt von Dichtern verlangen
444 2647 1630 2748 müssen, in diesem historisch=sentimentalen Bilderbogen gezeigt
436 2688 1625 2770 würde — das wärc zu viel behauptet. Gewiß ist der Wiener
434 2710 1626 2825 Lokalton gut getroffen. Aber das reicht nicht hin, um eine Dich¬
437 2751 1620 2845 tung zu erfüllen. Die Langeweile lag lähmend auf den Zu¬
431 2801 1617 2897 schauern, die die meisten Bilder schweigend und gleichgültig auf¬
430 2834 1622 2934 nahmen. Gespielt wurde unter der Regie Viktor Barnowskys
429 2875 1611 2972 ganz vortrefflich. Ilka Grüning als Mutter, Theodor Loos als
422 2890 1643 3020 Medardus, Lina Lossen als Helene und Alfred Abel als Etzelt.—
419 2948 1612 3048 bemühten sich, blutvolle Menschen aus dem. kargenSinn zu
421 2982 581 3046 schälen.
1464 3040 1554 3085 Ds.
1692 145 2133 234 box 27/2
2033 804 3104 896 Ausschnitt aus ###e Heit am Montag, Berlin
2319 852 2606 949 260K71914
2052 893 2205 935 vam:
2134 890 3075 1108 Theater und Mufik
2327 1055 2801 1129 „Der junge Medardus.“
2337 1105 2825 1169 (Lessing=Theater.)
2042 1119 3177 1218 Diese nicht mehr ganz neue „dramatische Historie“ des Herrn'
1965 1148 2292 1232 Arthur Schn.
2367 1190 3160 1261 grist schlechtweg ein dramatisierter Roman,
1973 1194 3178 1303 Erzählt wird die Geschichte von der unglücklichen Doppelliebschaft,
1962 1240 3166 1327 die sich zwischen den Geschwisterpaaren einer Wiener Kleinbürger¬
1966 1288 3149 1367 familie und der französischenThronprätendentenfamilie des Herzogs
1970 1322 3164 1413 von Valois entspinnt und mit dem tragischen Untergang der vier
1960 1362 3168 1450 jungen Menschenkinder endet. Den farbigen Hintergrund bildet
1964 1406 3168 1498 Alt=Wien und die kriegerischen Ereignisse von 1809 bis zum
1963 1438 3152 1532 Frieden von Schönbrunn. Der junge Medardus, Sohn einer Buch¬
1956 1478 3159 1560 händlerswitwe, steht von seinem begeisterten Vorhaben, gegen
1960 1505 3153 1597 Napoleon ins Feld zu ziehen, ab, als man seine Schwester und
1960 1550 3145 1651 ihren Geliebten, den Prinzen von Valois, aus der Donau zieht,
1952 1594 3154 1686 in die der Adelsstolz des Herzogs und seiner hochmütigen Tochter,
1951 1624 3149 1714 die eine Mesalliance weit von sich weisen, das Paar getrieben.
1943 1677 3148 1742 Der Familienrache will sich Medardus nun weihen. Aber zwischen
1946 1714 3135 1803 ihm und der stolzen Prinzessin Helene, die sich am Grabe des er¬
1951 1747 3138 1839 trunkenen Paares begegnen, entwickelt sich eine wilde Liebes¬
1957 1783 3146 1890 leidenschaft. Sie jagt den jungen Medardus durch alle Höllen,
1948 1818 3131 1923 die der Zwiespalt zwischen Haß und Liebe zu entfachen vermag,
1937 1845 3133 1961 und reißt die kalt intrigierende, stolze Aristokratin in die Arme
1933 1901 3128 2001 des Bürgersohnes. Wie er aber das Gerücht vernimmt, das sie Napo¬
1940 1947 3134 2037 leons Maitresse nennt, ersticht sie der Rasende auf der Schloß¬
1942 1983 3128 2073 treppe von Schönbrunn in dem Augenblick, als sie zu dem
1944 2017 3134 2122 Cäsaren will, ihm den verborgenen Dolch ins Herz zu bohren.
1947 2051 3121 2151 Als ihn dann für diese Tat der Kaiser begnadigen will, der in¬
1934 2098 3122 2190 zwischen die Absicht der Prinzessin Valois erfahren, schreit der
1938 2136 3127 2244 junge Medardus heraus: daß er selbst ebenfalls den Kaiser habe
1936 2179 3126 2264 töten wollen. Und erzwingt so seine Erschießung. Dieser hero¬
1928 2219 3121 2314 rische Schluß stützt sich auf eine historische Begebenheit, die John
1931 2255 3114 2344 Holland Rose in seiner Napoleon=Biographie berichtet. In die
1931 2284 3118 2387 vierzehn Einzelbilder, welche die Historie veranschaulichen, hat der
1925 2317 3116 2422 Dichter eine reiche Fülle Alt=Wiener Volksleben, nächtlicher Schloß¬
1918 2373 3147 2477 garten=Romantik und kriegerischer Soldatenszenen getan. Dank
1862 2511 3140 2632 Aabe der geschickten Regie des Herrn Barnowski, der keinen Aufwand
1909 2566 1945 2615 t
1949 2586 3145 2659 gespart, ist das alles auch reichlich bunt und lebendig geworden.
1947 2602 3138 2705 Aber die Ueberfülle ermüdet, und diese Ermüdung wird noch ge¬
1953 2648 3071 2739 fürdert derch eine papierne Sprache, welche diejenigenSgen##
1934 2684 3142 2784 nur auf dem Dial#n steben, großenteils unausstehlich macht. Der
1946 2719 3129 2826 Stel des flachen Konversationsromans, über den die Sprachkunst
1931 2743 3128 2864 des Dichters nur selten hinauskommt, bricht dem Ganzen den
1937 2789 2059 2851 Hals.
2010 2826 3125 2923 Daß der Dichter trotztem einen Achtungserfolg errang, dankt
1938 2864 3119 2969 er dem Regisseur sowie den erstklassigen Darstellern, die ihre
1927 2922 3121 3019 Kraft für das Experiment einsetzten. Theodor Loos gab sich
1924 2948 3122 3042 mit dem Medardus redliche Mühe. Die blonde Lina Lossen,
1918 2985 3116 3074 deren starke Innigkeit uns sonst bezaubert, kämpfte wacker mit der
1918 3026 3118 3116 Rolle der schwarzhaarigen dämonischen Intrigantin Helene von
1922 3057 3108 3153 Valois. Heinz Salfner, Guido Herzfeld, Alfred
1911 3098 2507 3170 [Abel, John Gottowt,
2527 3125 2941 3184 Max Adalbert,
2946 3142 3112 3192 Kurt
1920 3132 3107 3231 [Goetz ließen eine bunte Gesellschaft heroischer und komischer
1918 3167 3093 3273 Bürgertypen lebendig werden, neben ihnen Ilka Grüning,
1909 3196 3098 3305 (Irmgard v. Hansen, Senta Söneland, Paula
1914 3253 3101 3351 [Eberty. Einen samosen Kammerzofen=Typ charakterisierte
1907 3291 3094 3384 [Traute Dumcke=Carlsen. Als blinder Herzog und Thron¬
1898 3334 3087 3418 prätendent war Max Landa gut in Maske und Spiel. Friedr.
1899 3373 3084 3451 Kayßler aber lieh seine prachtvolle Heldenstimme dem Fran¬
1894 3422 3094 3513 zosengeneral Rapp. Auch alle übrigen Mitwirkenden bis zu den
1903 3443 3076 3532 kleinsten Chargen waren mit Geschick bei der Sache. So urde
1897 3481 3055 3566 die Aufführung, trotz der Mängel des Stücks, ein Triumph der
1896 3514 2356 3585 Barnowskyschen Bühne.
2613 3548 3041 3618 Albert Weidnter.
2169 3580 2778 3663 „Wenn der junge Wein blüht.“
