3436 4320
241 177 1503 280 22. Derjunge Madandus
424 783 746 886 „OBGENWER
379 857 829 943 I. österr. bahèrdl.
423 912 774 1000 konzessionirtes
515 973 701 1041 Bureau
397 1030 816 1112 für Zeitung #nachrichten
520 1087 705 1152 Wien, I.
416 1118 818 1215 Konkordiaplatz A
569 1292 863 1399 24 11. 1910
828 1399 1486 1519 BOHEMIA, PNAG
632 1596 1493 1712 Cheater und Mustk.
692 1698 1388 1807 Schnißlere= Medardus“.
640 1749 1603 1837 Wien, 28-Rov. (Privat). Im Burgtheater
558 1838 1595 1894 hat heute nachmittag die Generalprobe der aus
1542 1875 1587 1919 2
563 1880 1535 1922 einem Vorspiel und fünf Aufzügen mit 17 Verwand¬
560 1931 1590 1970 lungen bestehenden dramatischen Historie „Der junge:
558 1955 1541 2012 Medardus“ von Arthur Schnitzler stattgefun¬
565 1995 1542 2052 den. Dieses Werk ist vom Dichter schon seit Jahren
566 2041 1560 2091 konzipiert, und der intimere Kenner seiner Produktion
561 2073 1549 2165 wird vielleicht stoffliche Zusammenhänge zwischen dem
561 2120 1542 2188 neuen Drama und einem früheren, dem „Ruf des
565 2169 1542 2254 Lebens“, entdecken. Hier wie dort hat Schnitzler
562 2204 1563 2285 ein altösterreichisches Volksstück geschrieben, hier wie
577 2247 1561 2310 dort ist die Stimmung der hitzige Enthusiasmus einer
573 2293 1556 2360 Jugend, die stets am Rande des Todes steht, und
577 2332 1550 2386 von Liebesleidenschaft und militärischen Massenszenen
561 2375 1562 2450 ist die dramatische Atmosphäre des ganzen erfüllt.
657 2418 1547 2489 „Der junge Medardus“ spielt in dem Wien
577 2448 1565 2522 vom Jahre 1809, das zum zweitenmale die Armee
581 2484 1570 2556 Napoleons vor den Toren der Kaiserstadt weiß. Als
583 2550 1560 2601 Repräsentant der Wiener Jugend ist von Schnitzler:
579 2585 1550 2640 die Hauptperson, der junge Medardus Klähr, ge¬
563 2622 1550 2698 dacht. Seine Schwester Agathe ertränkt sich ge¬
583 2670 1554 2739 meinsam mit dem Prinzen Franz von Valois, dem
582 2728 1559 2770 Sohne eines blinden Herzogs, der in Wien lebt und
580 2756 1556 2806 Anrüche auf den französischen Thron macht. Das
579 2809 1554 2860 Liebespaar geht in den Tod, weil der Herzog dem
585 2843 1572 2907 Bunde Agathens und Franzens die Zustimmung
578 2882 1555 2953 verweigert. In dasselbe Wirtshaus an der Donau,
1179 2924 1570 2982 anderen jungen
580 2931 1167 2995 wo Medardus und die
570 2964 1563 3040 Krieger ein Abschiedsgelage veranstalten, werden die
585 3005 1564 3082 Leichen gebracht. Von da ab hat Medardus nur
581 3060 1566 3111 noch den einen Wunsch, sich an der Sippe der
582 3093 1572 3169 Valois zu rächen. Er verführt Helene, Franzens
591 3146 1570 3195 Schwester, und als Helene dann in Schönbrunn die
570 3176 1574 3258 Geliebte Napoleons wird, beschließt Medardus diesen
580 3218 1567 3294 zu ermorden. Aber anstatt ihn zu treffen, ersticht er
577 3260 1551 3327 Helene selbst. Er soll hingerichtet werden. Eine Be¬
572 3311 1563 3371 gnadigung wird ihm angeboten, wenn er verspricht
570 3368 1555 3417 dem Kaiser nicht mehr nach dem Leben zu trachten
582 3406 1457 3465 aber er weigert sich, und so wird er füsiliert.
658 3416 1551 3500 Die Tragödie erfordert ein ungeheneres Auf
560 3471 1560 3549 gebot, jedes Bild beansprucht einen riesigen szeui¬
585 3521 1556 3574 schen Apparat. Ganze Schlachten werden auf de
579 3557 1570 3639 Bühne geschlagen. Elf Personen werden getötet, un
562 3620 1561 3670 ein ganzes Regiment von Darstellern tritt auf der
580 3643 1554 3709 Plan. Am Burgtheater war das Herrenensembl¬
575 3682 1575 3752 restlos aufgeboten, nur Baumeister, der Veteran
577 3739 942 3823 wirkte nicht mit.
1285 3752 1430 3848 K
1563 168 2019 264 box 26/5
2260 278 2632 378 „OBSERVER“
2249 327 3082 435 L#. O4 Gel
2270 411 2609 478 konzessieurt
2351 469 2569 543 Bureau
2757 452 3132 540 Rurlanert
2263 521 2651 601 ir Zeitungsnachrichten
2372 584 2551 643 Wien, 1.
2668 574 3047 682 ∆ . 46  0
2272 612 2656 684 Konkordiaplatz 4
2443 816 2501 891 720
2485 807 2753 961 INH
2267 1047 3033 1166 Schnitzlerpremier
2498 1149 2819 1243 Bécsben.
2263 1267 3028 1368 Otoräs bemutaté a Burgszinbäzban
2255 1384 2997 1491 Forgöszinpad 15 vältozässal
2606 1481 3036 1583 Bécs, november 23.
2537 1555 3024 1656 (Ar Est tudösttöjdtol.)
2285 1638 3038 1713 Erdekes eseménye lesz holnap a
2244 1697 3027 1764 bécsi szinházi vilägnak. Erkor mu¬
2263 1744 3041 1814 tatia be a Burgszinhäz Schnitzler
2262 1804 3035 1882 Arthurnak uj darabjät, 42 issu Me¬
2260 1855 3027 1914 dardus-t. A premiert nemesak iro¬
2254 1909 3026 1980 dalmi, hanem szinhäztechnikal szem¬
2257 1966 3023 2026 pontbol is szokatlan erdeklödés efôzte
2256 2016 3033 2088 meg. Mikor Sehnitzler al darebjät
2257 2073 3048 2134 bemutatta a Burgszinhäz igazgatö¬
2250 2132 3025 2196 sägänak, ugy-lätszott, hogy a drámät
2259 2160 3031 2262 nem is lehet szinpadra vinni, olyan
2259 2242 3026 2307 technikai akadälyai vannak. Az cre¬
2259 2297 3035 2363 deti szöveg szerint a bemutatäs 8
2255 2334 3032 2414 örät vett volna igénybe és olyan
2258 2392 3034 2470 szinhäzi apparätust, melylyel meg
2264 2448 2933 2523 a Burgszinhäz sem rendelkezik.
2284 2515 3033 2572 Bäró Berger igazgató azonban min¬
2254 2549 3025 2633 dent megtett, hogy leküzdje ezeket
2250 2611 3024 2688 az akadälyokat. A szerzövel együtt
2256 2668 3023 2733 hönapokon keresztül dolgozott azon,
2242 2703 3016 2787 Chogy a darabot megröviditse, #tech¬
2248 2773 3014 2851 nikajät egyszerüsitse, a nélkül, hogy
2256 2825 3018 2896 annak irodalmi ertékét csökkentse.
2256 2877 3012 2954 Igy azutän clerték, hogy a mai fö¬
2255 2947 3021 3011 pröbán a darab elöadasa csak öf. 68
2257 2995 3012 3061 jél ordig farlott, a miböl a bemutaton
2258 3031 3014 3103 egy fél örat még meg akarnak taka¬
2244 3089 3044 3180 ritani. Este hat brakor kezdödik a.
2251 3172 3021 3246 premier és a szinhaz reméli, hogy
2262 3225 2831 3296 11 brära véget er a darab.
2292 3268 3021 3355 Az-ifjn Medardus 1809-ben jätszik,
2255 3334 3012 3402 Napoleon hadjáratänak idejen. a mi¬
2258 3382 3009 3453 kor a gyózelmes hadvezer Schön¬
2256 3420 3015 3497 brunnban lakik. Az ilju Medardus
2260 3481 3024 3561 egy bécsi kereskedönekta fia, a kit
2250 3536 3017 3624 u darab vegen Napoleon katonai öbe¬
2243 3594 3011 3663 lövik. Oriasi körkép a darab, a régi
2246 3656 3028 3721 Bécs képe, egy clöjätekkal és tizenöt
2249 3702 3006 3765 seinndlfosdssal. A gyakori szinvältozä¬
2242 3752 3004 3820 sokat forgöszinpaddal végzik, a me¬
2235 3803 3009 3874 lyet erre az alkalomra illesztettek be
2245 3851 3000 3929 a Burgszinhaz szinpadara. Szäznegy¬
2236 3916 3016 3982 venkilenc magänszereplöje van a da¬
2240 3970 2997 4031 rabnak, ugy hogy a szinhaz vala¬
2235 4018 3007 4086 mennyi (hetvenkilenc) maganszinészét
2237 4074 3010 4152 foglalkoztatja, azonkivül köristák is
2232 4118 2842 4195 jätszanak kisebb szerepeket.
