3392 4480
1495 259 1957 375 box 26/6
897 292 993 359 Me
152 274 1355 419 22. Der junge dardus
542 953 2916 1159 Berichte über Graukkührungen
521 1116 706 1238 8
839 1096 2349 1259 und Neuerwerbungen
460 1229 2929 1352 von 5. Filcher, Verlag (Theaterabteilung), Berlin de, Bülowstr. 90
2720 1391 3126 1472 Besember 1911
426 1405 802 1487 Bericht Nr. 41
1191 1665 2451 1858 irthur Schnitzler:
997 1847 2589 2036 der junge medaraus
1009 2045 2561 2143 Dramatische historie in einem vorspiel und fünf Aufzügen.
537 2153 2964 2285 zum ersten male aufgeführt am 21. november 1910
2932 2231 3016 2308 —
938 2303 2610 2427 am K. K. hofburgtheater in Wien.
425 2443 3117 2586 Die Premiere des JJungen medaraus war das Theaterereignis
540 2590 3019 2721 dieser Saison, das Stück errang einen großen Erfolg.
542 2746 3120 2881 Auf Wiener Boden spielt diese Historie, die Zeit ist 1809. Armen vergißt er alles, was er sich vorgenommen hatte. Und da
1778 2850 3124 2939 Helene ihn so schwach und gefügig sieht, fordert sie, daßer Napoleontöte.
449 2831 1795 2944 Nupoleon ist in Sicht, er läßt schon die Stadt belagern und ergreift
1861 2914 3127 2994 Medardus hatte immer diese Absicht. Aber da Helene es von
458 2918 1807 2990 von Schönbrunn Besitz. In allen jungen Herzen erwacht die
1781 2966 3127 3044 ihm verlangt, möchte er den Plan am liebsten fallen lassen, weil
457 2974 1787 3042 Kampfeslust, man will dem französischen Tyrannen Trotz bieten.
1792 3013 3124 3112 er nicht als gedungener Mörder erscheinen will. Im Schönbrunner
447 3032 1790 3115 Da ist besonders einer, der es ernst meint: der junge Medardus
1778 3096 3127 3163 Schloßhof drängt sich alles, Napoleon zu sehen. Auch Medardus
455 3090 1798 3172 Klähr, der Sohn einer Buchhändlerswitwe, die schon Gatten, Tochter
1788 3143 3131 3215 ist zur Stelle und es ist nicht ganz ausgeschlossen, daß er den Dolch
459 3148 1788 3218 und Bruder auf tragische Weise verloren hat. Medardus nimmt
452 3204 3123 3276 Abschied von Mutter und Schwester Agathe, die schon lange ein doch gegen Napoleon führt. Noch ehe er aber mit sich einig wird,
1789 3271 3115 3338 sieht er Helene den kaiserlichen Gemächern zueilen und in auf¬
463 3279 1786 3343 Prinz von Valois umgirrt, und geht zu seinen Kameraden in eine
1790 3323 3129 3399 wallender Eifersucht tötet er sie. Er wird eingesperrt, aber schon
459 3319 1791 3399 Wirtsstube an der Donau, um von dort aus ins Feld zu ziehen.
460 3379 3128 3453 Gerade, da er aus dem Wirtshaus fortgehen will, bringt man zwei naht ihm die Befreiung, da man ihn in der Annahme, daß Helene
463 3446 3125 3522 Leichen: Agathe und den Prinzen Franz von Valois. Medardus Napoleon erdolchen wollte, für den Lebensretter des Kaisers hält.
465 3485 3126 3589 schwört den Valois Rache. Er geht nicht mehr in den Kampf: Er bestreitet dies und gesteht unumwunden, daß er die Absicht
454 3551 2983 3632 er muß erst die Ehre seiner Schwester retten. Das ist das Vorspiel. hatte, den Kaiser zu töten. Daraufhin wird er erschossen.
1865 3615 3131 3692 Es gibt viele schöne Szenen in dieser fünfaktigen Historie,
455 3621 1805 3690 Im ersten Akt sehen wir Medardus am Grabe Agathes. Da
1784 3649 3120 3746 und aus dem Ganzen heraus sieht Medardus, eine der wunder¬
452 3676 1795 3744 erscheint auch Helene, die Schwester des toten Prinzen, die es
1790 3738 3129 3806 lichsten und idealsten Gestalten, die Schnitzler schuf. Auf den
463 3741 1790 3814 niemals verstehen konnte, wie ein Mensch von blauem Blute eine
460 3801 3128 3867 Neigung zu einem schlichten Bürgermädchen fassen konnte. Sie Basteien, im Schönbrunner Schloß und in der Wohnung der
466 3843 3131 3929 legt auf das Grab des Bruders Blumen nieder. Medardus weist Mutter des jungen Medardus, da weht uns überall eine Luft
462 3911 3130 3995 sie mit scharfen Worten von dem Grabe. Sie fühlt sich durch sein entgegen, so wienerisch und so frisch, daß wir uns nach dem Alt¬
2528 3963 3087 4051 Hamburger Correspondent.
466 3978 2433 4057 herrisches Benehmen beleidigt. Diese Szene hat ihren Vetter, den Wien der Franzosenzeit sehnen.
458 4029 1805 4117 Marquis von Valois, herangelockt und so ruft sie ihm gebieterisch
1876 4052 3142 4156 Das Wertvolle an diesem Werk: seine Buntheit des Lebendigen,
463 4095 1813 4166 zu: „Töten Sie den jungen Menschen, der da eben wegging, und
1801 4140 3127 4213 seine Fülle der Gestalten. Die Kunst, Verknüpfungen des Schick¬
472 4152 1808 4227 ich bin die Ihre.“ So kommt es zwischen Medardus und dem
463 4202 3135 4277 Marquis zu einem Zweikampf, der mit beider Verwundung endet. sals zu zeigen. Die dichterische Kraft, die alle Szenen ganz leise
