3392 4224
222 67 1422 192 22. ber junge Nedandus
1572 90 2030 193 box 26/5
1149 957 1589 1042 en dn  ee  e
194 989 3140 1131 gingen. Das Mädchen ist Agathe, die Schwester szogen; die sentimentalische Schwermut, die Welt= Seele ein Verlangen aufwachen fühlte, irgend¬
197 1058 3130 1181 des Medardus, der Jüngling Prinz Franz von fluchtgedanken schweben noch wie Wolken an einen Helden zu feiern, sendet, weil ihr Vetter
202 1106 1196 1191 Valois; Medardus hat die beiden vor kurzen
1174 1131 3141 1232 diesem Himmel. Auch Medardus ist hier, im Vor-nicht als Sieger heimkam, die Zofe zu
211 1154 1179 1239 Stunden daheim als vermeintlich Glückliche
1179 1180 2154 1260 spiel, noch aufrecht und streckt die Hand aus, sein
2142 1199 3139 1284 Medardus. Sendet sie mit denselben Blumen,
208 1204 1179 1290 zurückgelassen. Der Prinz war gekommen, und
1176 1232 2151 1306 Schicksal selbst zu lenken. Entschlußkraft lodert
2147 1246 3128 1322 die sie nicht aufs Grab hat legen dürfen. Jetzt
209 1258 1181 1330 hatte erzählt, sein Vater habe nunmehr den
1181 1278 2152 1352 noch in ihm, so daß er dem Unheil mit heroischer,
2144 1294 3141 1369 flammt in Medardus ein Gedanke auf und
204 1302 1179 1381 Widerstand gegen die Vermählung mit einem
1174 1327 2153 1407 zur Größe aufgereckter Gebärde entgegentritt.
2136 1348 3144 1420 reißt ihn mit sich fort. Hin zur Prinzessin!
200 1353 1171 1435 Bürgermädchen aufgegeben. Medardus nahm es
1168 1379 2143 1441 Mit einer Gebärde, von der wir erst später
2146 1386 3143 1476 Ihre Liebe, ihre völlige Hingabe erobern, sie in
193 1401 1179 1485 wie ein Wunder auf. Die Valois lebten hier in
1175 1429 2145 1514 merken, daß sie nicht ohne Anmaßung war. Ein
2146 1418 3125 1516 seinen Armen halten — und sie dann wie eine
197 1452 1172 1537 Wien als Emigranten. Der alte Herzog hielt
1171 1468 2135 1552 Held im Vorspiel, in jeglichem Vorspiel ein
2135 1477 3128 1565 Dirne wegwerfen. Ihren adeligen Leib ge¬
202 1499 1177 1579 sich für den rechtmäßigen König, seinen einzigen
1170 1520 2135 1613 Held der Gebärde. Man könnte es natürlich auch
2131 1539 3124 1608 nießen, dann aber das ganze Haus donnernd
194 1550 1161 1628 Sohn Franz für den Dauphin von Frankreich.
1167 1571 2141 1651 anders sagen: Lieber Himmel... ein junger
2135 1586 3124 1650 aus dem Schlafe wecken und diese Sippe ver¬
180 1586 1174 1674 Nun aber sollte der stolze Prätendent erlaubt
1167 1614 1420 1701 Mensch
2134 1635 3116 1700 höhnen, sie in Demütigung und Schande zurück¬
182 1647 1175 1727 haben, daß Prinz François die kleine Bürger¬
2141 1685 3123 1762 lassen. Das wäre eine Tat, die arme, hinge¬
1199 1674 2122 1756 An das gemeinsame Grab, in das die Lieben¬
190 1695 1165 1776 liche zur Frau nimmt? An der Leiche seiner
2125 1733 3126 1821 opferte Schwester im Grabe noch an denen, die
1169 1721 2130 1807 den nach ihrem Wunsch versenkt werden, treten
193 1746 1171 1823 Schwester erkennt er, daß jenes Wunder eine
2132 1782 2798 1859 sie verschmäht haben, zu rächen.
1160 1778 2135 1865 die beiden unglücklichen Familien. Die Bürger¬
193 1785 1167 1885 Lüge gewesen, erkennt, daß die Schwester des
1158 1827 2125 1914 lichen: Medardus und seine Mutter und sein
2159 1841 3113 1918 Wie es kommt, weiß ich nicht, aber gerade
191 1841 1162 1926 Prinzen Geliebte gewesen und daß die beiden
1151 1874 2126 1959 Onkel, der brave Sattlermeister Eschenbacher,
2124 1850 3118 1952 dieser auflodernde Gedanke, gerade dieser
184 1890 1165 1985 nun vor der Schande in den Tod geflüchtet sind.
1153 1927 2136 2005 auf der einen Seite. Auf der andern der greise
2124 1929 3118 2005 kühne Racheplan entfremdet mir den jungen
221 1944 1156 2033 Medardus wird nicht in den Krieg ziehen.
1152 1984 2127 2061 Herzog von Valois, die Herzogin und sein Neffe,
2121 1975 3106 2054 Medardus ein wenig. Er könnte vielleicht be¬
184 1989 1163 2069 Ihm ist jetzt, als müsse er bleiben, als müsse er
1150 2023 2118 2107 der Marquis von Valois. Wie dann all fort¬
2116 2029 3105 2088 denken, daß in dem Grab seiner Schwester ja
176 2037 1155 2143 mit der hochmütigen Familie, die ihrem Ehrgeiz
1150 2072 2122 2158 gehen, bleibt Medardus zurück. Ihm ist auch
2122 2074 3113 2177 auch der Bruder der Prinzessin schlummert.
189 2103 1149 2198 hier ein wertvolles junges Leben hinopferte,
1144 2116 2119 2211 jetzt wieder, als habe er hier noch etwas zu tun.
2110 2131 3104 2214 Daß die Valois ja einen Sohn verloren haben,
183 2146 955 2228 fürchterlich abrechnen. Er bleibt also.
1144 2165 2111 2246 Die Schwester des Prinzen kommt nun allein.
2118 2178 3096 2249 geradeso wie der Buchhändlerfamilié Klähr
215 2211 1158 2294 Diese Geschehnisse füllen das Vorspiel. Straff
1149 2220 2121 2301 Ihr hochmütiges Herz hat kein Begreifen dafür,
2109 2222 3106 2313 eine Tochter gestorben ist. Die Bürgerlichen
169 2245 1152 2343 ist hier jede Szene, sausend im Tempo, jählings
1145 2265 2114 2351 daß man ein königlicher Prinz sein und aus
2117 2274 3107 2345 mochten ihr Kind dem Prinzen nicht zu einem
168 2307 1147 2392 und steil im Anstieg. Daß ein königlicher Prinz
1141 2316 2116 2402 Liebe zu einem einfältigen Mädchen sterben
2113 2321 3103 2404 freien Glück dahingeben, die fürstlich Geborenen
165 2347 1154 2436 mit seiner bürgerlichen Liebsten in den Tod
1143 2369 2122 2449 kann. Nun tritt Medardus hervor. Mit schmerz¬
2113 2370 3107 2455 nicht dulden, daß ihr Sproß um eines geringen
167 2401 1150 2494 geht, nimmt man beinahe als etwas Notwen¬
1148 2418 2119 2487 lich glühenden, zornigen und wunden Worten
2105 2414 3101 2503 Mädchens willen die Hoffnung auf einen Thron
168 2452 1157 2536 diges hin. Typisch und von allgemeiner Gültig¬
1136 2458 2108 2540 weist er die Prinzessin vom Grabe weg. Duldet
2102 2474 3102 2544 verliert. Vorurteil hüben wie drüben. Aber auch
170 2499 1145 2590 keit sieht's nicht aus, auch dann nicht, wenn wir
1136 2515 2111 2600 nicht, daß sie Blumen darauf niederlege. Die
2104 2515 3104 2582 hüben wie drüben eine tödliche Wunde, aber
166 2542 1149 2618 uns besinnen, Aehnliches schon in der Wirklich¬
1136 2558 2104 2643 Prinzessin ist von der Beleidigung get## sen,
2112 2572 3098 2642 auch in beiden Häusern tiefe Trauer um ein
164 2596 1139 2686 keit mit angeschaut zu haben. Geschieht es hier
1148 2616 2112 2693 aber tiefer noch von dem männlichen Willen, der
2102 2616 3096 2702 Gestorbenes. Mag es sein, daß im Gemüt des
156 2643 1145 2733 hauf der Bühne, so nebenher, nur als Anstoß zu
1141 2662 2110 2752 ihr aus Medardus' Stimme ins Herz dringt.
2108 2662 3087 2748 Bürgerlichen nach solch einer Tragödie ein
168 2699 1143 2788 Anderem, Fernerem, nur in aller Knappheit
1141 2712 2112 2796 Ihrem Vetter, dem Marquis von Valois, den
2102 2710 3092 2798 heftiger wühlender Groll zurückbleibt. Mag
168 2743 1139 2829 einer Prämisse, empfindet man etwa, es sei ein
1130 2743 2105 2840 der laute Auftritt herbeiruft, sagt sie: „Töten
2100 2762 3079 2856 es auch sein, daß dieser Groll gerechter ist,
166 2796 1141 2874 Druma für sich, eines, das anderswo behandelt
1141 2809 2098 2912 Sie den jungen Menschen, der da eben wegging,
2096 2807 3074 2894 oder doch — weil er ein breiteres Echo findet —
158 2843 1141 2934 werden könne, eines, von dem wir eigentlich
1128 2857 1606 2933 und ich bin die Ihre.“
2097 2861 3083 2938 gerecht erscheint. Nicht dieser Zorn des Me¬
150 2897 1153 2988 Inur die Keimzelle sehen. Bei alledem: dieser
2091 2904 3078 2986 dardus macht es, daß mein Gefühl von ihm
1152 2911 2114 3024 Medardus schlägt sich mit dem Marquis, aber
2095 2957 3085 3020 abrückt. Er muß an dem Tage, an dem seine
160 2943 3083 3094 zwanzigjährige französische Prinz hat von Kind=er wird nicht getötet. Er empfängt nur einen! Schwester begraben wurde, gewiß nicht zu solch
152 3001 3078 3141 heit an Deutschlands Luft geatmet, und diese Degenstich in die Brust und verwundet den ruhiger und alles verstehender Ueberlegung
148 3038 3075 3208 Luft ist noch von der Werther=Stimmung durch= Marquis am Arm. Die Prinzessin, die in ihrer fähig sein. Nur dieses: daß einer mit ganzer
