3344 4352
960 230 1029 292 M
1562 212 1995 304 box 26/7
237 229 1399 317 22. Der junge dardus
2053 968 2518 1148 (Galer
1239 1024 1668 1172 W
1642 1301 2353 1368 gangenen Zeiten spielenden Ein¬
913 1315 1621 1376 Vergangenheit. Schönherrs Tragö¬
1649 1350 2359 1413 aktern J. V. Widmanns („Lysan¬
915 1362 1618 1422 die eines Volkes versetzt in die Zeit
1649 1398 2362 1465 ders Mädchen" und „Das Urteil
910 1410 1616 1479 der Gegenreformation, Artur
1649 1442 2353 1511 des Paris“) zu einem kulturhistori¬
918 1462 1617 1532 Schnitzlers dramatische Historie
1643 1497 2363 1567 schen Lustspielabend zusammenge¬
917 1507 1621 1579 „Der junge Medardus“ will ein
1645 1540 2356 1614 spannt wurde, und das andere Mal
917 1569 1628 1615 Stück Alt=Wien im farbigen Ab¬
1651 1597 2358 1647 entführte er uns gar in die Nie¬
920 1610 1618 1676 glanz jener bewegten Tage veran¬
1633 1653 2356 1710 derlande der Rubenszeit, um in
915 1654 1627 1720 schaulichen, da Napoleon seine Resi¬
1648 1693 2368 1744 einem mit Rudolf Lothar gemein¬
923 1713 1625 1772 denz in Schönbrunn aufgeschlagen
1646 1744 2368 1807 sam skandierten Reimspiel „Die drei
923 1762 1625 1828 hatte; in seiner bizarren Komödie
1657 1788 2370 1862 Grazien“ eine Lanze für die Nackt¬
926 1803 1630 1870 „Königin Christine“ unternimmt es
1654 1834 2368 1905 kultur zu brechen. Ziehe ich noch
925 1853 1630 1923 August Strindberg, ein dramatisches
1655 1886 2365 1950 das von Joseph Kainz nachgelassene
927 1905 1623 1959 Gemälde der vielverlästerten Frau
1658 1936 2367 2012 Fragment einer biblischen Tragö¬
923 1957 1625 2021 zu entwerfen, der Tochter des
1658 1988 2367 2062 die „Saul“ hinzu und geselle ich
921 1994 1622 2068 schlichten Soldatenkönigs Gustav
1648 2035 2374 2101 ihm E. von Keyserlings Komödie
930 2045 1627 2115 Adolf, die einen Gelehrten= und
1655 2083 2361 2156 „Benignens Erlebnis“ eine fein
931 2106 1638 2159 Minnehof um Schwedens Thron
1651 2134 2370 2195 und innig wiedergegebene Episode
926 2146 1633 2208 versammelte und, als der heimische
1652 2181 2369 2241 aus dem Wiener Revolutionsjahr,
927 2198 1626 2257 Puritanismus ihr ihre Liebhabe¬
1656 2242 2370 2289 dann mag daraus ersehen werden,
931 2246 1634 2302 reien und Liebeleien wehren wollte,
1660 2283 2370 2350 daß es der Spielplan der Wiener
931 2301 1637 2359 beherzt den Kronreif hinwarf, um
1661 2327 2375 2401 Bühnen an historisch=ethnographi¬
933 2342 1633 2407 zu Innsbruck katholisch zu werden;
1667 2377 2364 2445 scher Buntscheckigkeit nicht fehlen ließ.
936 2395 1645 2449 Otto Anthes erweckt in seinem dra¬
1721 2427 2375 2482 Man wird sich vor allzu ein¬
933 2447 1636 2508 matischen Versuch, dem Lustspiel
1672 2475 2370 2538 fachen Verallgemeinerungen hüten.
936 2491 1637 2551 „Frau Juttas Untreue", Erinne¬
1672 2529 2380 2588 Aber der Zufall allein genügt doch
941 2536 1651 2601 rungen an jene Zeit, da die Fürsten
1669 2574 2382 2645 nicht als Erklärungsgrund für diese
935 2587 1643 2641 der deutschen Kleinstaaten ihr Leben
1672 2623 2372 2684 Hingabe unsrer dramatischen Dich¬
945 2636 1630 2701 im Rokokostil vertändelten; Eduard
1671 2672 2374 2737 ter an die Vergangenheit. Da ist
942 2684 1648 2742 Stucken beschwört in „Lanväl“, dem
1661 2721 2381 2784 doch wohl das starke allgemeine Be¬
933 2733 1640 2802 zweiten seiner drei Gralsdramen,
1669 2771 2375 2825 streben am Werke, die Bewegungs¬
942 2787 1640 2836 die ritterliche Tafelrunde des Kö¬
1669 2814 2380 2881 freiheit in der Darstellung von all¬
935 2830 1648 2900 nigs Artus; und Hans Müller ist
1674 2868 2377 2929 gemein=menschlichen Ideen, Leiden¬
943 2876 1651 2939 mit seinem romantischen Schauspiel
1683 2921 2383 2980 schaften und Charakteren wiederzu¬
949 2926 1648 2995 „Das Wunder des Beatus“ der
1677 2968 2386 3021 erlangen. Die Gegenwart und ihre
949 2986 1646 3045 Sonne des Bayreuther Genius zu
1672 3016 2393 3065 Darstellung ist einer zu strengen
945 3028 1647 3087 nahe geraten und, einmal aus der
1671 3063 2386 3133 Aussicht unsres durch den Natura¬
945 3072 1657 3140 Bahn seiner im Alltäglichen wur¬
1662 3108 2388 3179 lismus geschärften und anspruchs¬
949 3115 1649 3187 zelnden Begabung geworfen, nicht
1667 3169 2387 3234 voll gewordenen Wirklichkeitssinnes
953 3175 1647 3241 mehr aus der Anziehungssphäre
1677 3220 2393 3267 unterworfen. Und dazu kommt ein
946 3222 1649 3292 des „Lohengrin“ gekommen, wie leb¬
1683 3261 2389 3330 äußerer Grund: der Fortschritt uns¬
946 3275 1649 3341 haft er auch bemüht war, moderne
1682 3318 2393 3373 rer Ausstattungs= und Inszenie¬
953 3322 1655 3381 psychologische Wege zu beschreiten.
1686 3356 2388 3420 rungstechnik, die nach neuen Stil¬
948 3365 1648 3434 Selbst Oskar Blumenthal ist uns
1680 3415 2384 3468 prinzipien, nach einem Ausgleich
949 3417 1662 3492 heuer im Kostüm der Vergangenheit
1672 3458 2385 3512 zwischen zu viel und zu wenig sucht.
957 3474 1646 3537 gekommen. Sogar schon zweimal,
1685 3506 2401 3567 Und beides, jenes dichterische wie
964 3515 1661 3575 weil es ihm die Konjunktur zu ge¬
1684 3554 2389 3611 dieses theatralische Bestreben, ar¬
961 3566 1657 3638 bieten schien. Einmal allein in
1688 3598 2386 3676 beiten zunächst mit verworrenen
954 3608 1657 3682 einem einaktigen Nokokospiel „Der
1690 3651 2242 3716 und oft haltlosen Mitteln.
954 3659 1671 3729 schlechte Ruf“, das vom Burgtheater
1735 3691 2390 3766 Die meisten der angeführten
967 3710 1667 3781 mit zwei gleichfalls in längst ver¬
2255 3758 2391 3840 231
936 3775 1338 3907 Ii. Märzbeit bu.
2533 991 2729 1194 #
