3392 4480
1516 304 2009 419 box 26/6
224 324 1404 437 22. Denjunge Medandus
2374 983 2475 1058 389
1196 1006 2128 1070 J. Minor, Schnitzlers „Der junge Medardus“.
821 1129 2515 1200 brauchbar erscheint, hat auf sie doch einen starken Eindruck gemacht; und als
820 1219 2521 1276 sie von seiner Verwundung erfährt, schickt sie ihm durch ihre verschlagene
827 1258 2521 1331 Zofe ein paar einladende Rosen. Jetzt glaubt der junge Medardus seine Rache
817 1338 2526 1392 in den Händen zu haben: wie ein Valois seine Schwester entehrt hat, so will
828 1381 2523 1443 er die Prinzessin in seinen Armen halten, nur um sie vor dem ganzen Hof¬
821 1435 2526 1502 staat ihres Vaters der Schande bloßzustellen. Trotz der schweren Wunde
827 1504 2525 1576 springt er von seinem Lager auf und bahnt sich über die Gartenmauer den Weg
824 1562 2518 1631 zu ihr. Aber es kommt ganz anders, als der junge Medardus (nicht aber der
822 1621 2518 1697 Zuschauer und der Leser) gedacht hat: Haß und Rachgier verlöschen in der
820 1665 2525 1743 wahnsinnigsten Liebe, aus der ihn erst die Belagerung von Wien wieder
829 1729 2521 1804 herausreißt, wo er auf der Bastei bei der Bürgermiliz halb träumend seine
822 1790 2523 1873 Pflicht erfüllt. Erst an ihrem Vermählungstag, gerade in dem Augenblick, wo
824 1848 2521 1922 ein Abgesandter Napoleons die unschädlichen Valois zu einer Cour ins Schön¬
826 1903 2525 1975 brunner Schloß entbietet, erscheint Medardus in dem Aufzug eines Irrsinnigen
821 1970 2522 2036 wieder vor der Prinzessin, die ihn zwar vor dem Hofstaat kühl und fremd ab¬
819 2036 2517 2100 weist, gleich darauf aber durch ein Billett in ihr Schlafzimmer bestellt, wo sie
830 2101 2528 2162 ihm ihre Liebe erklärt. Inzwischen hat Napoleon auf Grund eines falschen Ver¬
831 2160 2517 2218 dachtes auch den Sattlermeister Eschenbacher, den Oheim des jungen Medar¬
828 2193 2526 2272 dus, hinrichten lassen, und jetzt findet dieser endlich die Zeit für seine Tat reif.
836 2255 2526 2322 Da tritt ihm, wiederum auf dem Friedhof, Helene entgegen und entstellt ihm
828 2315 2525 2383 diese große Tat, indem sie ihn für die Sache der Valois zum Morde Napo¬
837 2379 2517 2453 leons bereden will und ihm dafür ihren und ihres Hauses Lohn verspricht.
835 2455 2521 2518 Da er verstört entflieht, beschließt sie selber die Hand ans Werk zu legen.
838 2505 2532 2563 Eine moderne Judith, wird sie die Geliebte Napoleons, der ihr bei der
839 2573 2531 2640 großen Cour in Schönbrunn gezeigt hat, daß er alle Umtriebe der Valois
836 2614 2523 2682 kennt und verachtet, und den sie, wenn er sich erst sicher fühlt, zu ermorden
834 2671 2518 2747 gedenkt. Als sie aber am Tage des Friedensschlusses die Treppe des Schön¬
840 2727 2522 2805 brunner Schlosses hinauf zu dem Kaiser eilen will, tritt ihr Medardus ent¬
832 2798 2524 2867 gegen und stößt sie nieder. Napoleon, der von den Anschlägen der heuchlerischen
841 2848 2535 2916 Geliebten erfährt, muß den jungen Medardus als seinen Retter betrachten und
828 2918 2535 2983 will ihm deshalb die Freiheit schenken. Aber gerade so wie der junge Staps¬
840 2966 2534 3042 schlägt auch der junge Medardus die Begnadigung aus, indem er bekennt, daß
839 3036 2531 3103 er nach Schönbrunn gekommen sei, um den Kaiser zu töten, und erst als er er¬
843 3080 2533 3157 fahren habe, daß Helene Napoleons Geliebte sei, den Dolch gegen sie ge¬
837 3137 2529 3212 braucht habe. Und so stirbt auch der junge Medardus zwar auf Befehl, aber
840 3215 2542 3276 eigentlich gegen den Willen Napoleons, der ihn als „dieses Krieges letzten und
834 3266 2122 3324 seltsamsten Helden“ mit kriegerischen Ehren bestatten läßt.
940 3310 2530 3392 Machen wir gleich hier Halt, um diese dramatische Historie mit der Ge¬
842 3388 2538 3455 schichte zu vergleichen. Denn so ähnlich die Katastrophe in beiden von außen
835 3454 2533 3512 erscheint, so grundverschieden ist sie von innen besehen. Der junge Staps ist
829 3503 2532 3566 den Tod eines Helden gestorben; der junge Medardus aber stirbt als „ein
844 3554 2534 3620 Narr seines Schicksals“, weil er der großen Tat nicht gewachsen war. Es
839 3636 2535 3688 gibt gar nichts einfacheres als die geschichtliche Erzählung: ein junger Mann
846 3669 2536 3746 haßt in dem Eroberer den Feind seines Vaterlandes; er plant die große Tat,
848 3740 2561 3822 welche er allein der Geliebten anvertraut, die selbstverständlich nicht anders als er
