3392 4224
172 3564 286 3647 □.8
186 3629 295 3681 0
227 40 378 104 LO E
1619 46 2183 115 heues nieder Konserratdt ium
528 64 1453 134 Vorzügliche ungarische Küche wie zu Hause.
249 78 318 156 8
1617 106 2177 162 I.. Himmelpfortg. 11. Tel. VI 12-82.
2822 95 3362 187 REPARATUR
415 123 1557 195 Nach dem Theater Souper-Spezialitäten.
1623 148 2180 192 Vollständige Ausbildung in allen
1608 180 2177 225 musikalischen Disziplinen. Anmel¬
638 169 1330 232 Original ungarische Weine.
2355 160 3398 278 Josef Wild, VI., Mollardgasse Nr. 63
230 186 382 260 G.
1617 208 2184 249 dungen täglich Prospekte gratis.
2612 227 3149 294 Telephon Stelle 2 v. 12-06
320 251 366 291 50
371 266 1592 328 Auslieferung aller Waffen begehrte und die auf den Basteien
307 282 345 336 8
313 309 368 365 85
379 311 1597 396 und in den Stadtgräben aufgestellten österreichischen Ge¬
218 281 314 378 1
1695 307 2172 377 AMARINDEN
2197 301 3396 410 aushielt. Bei Staps soll er abergläubische Gründe gehab
319 356 359 402 2
1750 368 2073 419 Dr. Schlossers
368 357 1590 425 schütze demontieren ließ, urternahm es Eschenbach mit
2191 334 3397 453 Thaben, ihn entwischen und durch Rapp nach Amerik:
1618 405 2172 449 abführende, wohlschmeckende Frucht¬
367 416 1594 480 zweien seiner Gesellen und einem Schlossergehilfen, zwei
2197 391 3400 518 bringen zu lassen. Einige von Staps' früheren Kameraden
1622 436 2176 475 pastillen, bester Regulator b. Stuhlver¬
1622 468 2168 511 stopfung u. Stuhlträgheit. In allen Apo¬
2189 426 2980 536 wollen ihm dort auch begegnet sein.
355 461 1601 532 Kanonenrohre heimlich in sein Haus in der Favoritenstraße
1616 500 2174 529 theken erhaltl. Gen.-bes. Apotheke Zum
350 505 1586 572 zu schaffen und dort im Garten zu vergraben. Die an sich
1624 525 2164 561 heil. Florian“, IV., Wiedner Hauptstr. 60.
229 513 352 578 (6 □
2284 516 3399 620 Hier hat Schnitzler das Geschehnis und für den Mann
359 561 1584 621 ganz sinn- und zwecklose Tat mußte nach Kriegsrecht mit
2187 543 3395 662 den äußeren Umriß. Als reinen Fanatiker kann er ihn
1802 589 2050 653 NEU!
336 589 1587 676 Tod bestraft werden, eine Vergeltung, die man eher dem
2195 617 3399 712 Gramatisch nicht brauchen, ebenso wenig als den Thüringen
287 621 368 712 3
362 647 1581 733 schuftigen Angeber des Sattlermeisters gewünscht hätte.
2190 657 3399 760 auf unserem Boden. Und nicht nur die Wiener Luft ist
1588 610 2180 746 Modernes
298 712 1567 772 àg Eschenbach wurde am Abend des 23. Juni erschossen;
2195 705 3398 820 es, die einen jugendlich hartgeschmiedeten Tatmenschen zur
1598 742 2176 788 Atelier für seine Damenkleider, Kostüme,
285 752 1574 828 50 seine drei Mitschuldigen, die mit ihm gehn und das gleiche
1586 780 2179 816 Mäntel, Blusen. Einfache und elegante
2198 762 3394 861 problematischen Natur umbiegt; der Schiller’sche Helden¬
1586 804 2168 843 Ausführung. Lager u. Maßarbeit. Unter¬
296 786 1563 860 = Schicksal erwarten mußten, wurden in letzter Minute be¬
1583 836 2170 884 richt in Kleidermachen und Schnittzeichnen.
2199 805 3390 903 jüngling geht auch unserem Wiener Dichter, der für jede
284 850 1578 921 # gnadigt und bloß stadtverwiesen, sollen aber beim Trans¬
1687 863 2073 907 III., Fasangasse 44 11.
285 878 343 911 1
2184 855 3388 944 Art psychischer Schwäche — seine Schwäche hat und auch
317 893 351 928 —
362 898 1580 955 port an die französische Linie entkommen sein. Wenn es
2190 910 3399 1014 als Seelenarzt das scharfe Zergliederungsmesser zur Hand
213 903 352 987 5
357 938 1579 1013 bei Schnitzler statt der Kanonen der Atlas von F. A.
2189 951 3390 1049 hat, wider die Natur. Was beim ortshistorischen Eschen¬
344 990 1574 1064 Schraembl (1751—1800) ist, den „Eschenbacher“ bei sich
1644 961 2137 1058 Modellhüte
2188 992 3391 1091 bach Don Quijote-Streich ist, muß der Bühne gemäß zur
349 1029 1572 1115 im Keller verbirgt, so hat auch Dies lokalhistorischen
1688 1043 2084 1125 Hilde Heinze
2189 1041 3396 1162 besonnenen Tat eines gereiften Bürgersmannes umgeformt
344 1087 1570 1153 Untergrund. Napoleon hatte auf die Auslieferung eines
2183 1094 3399 1203 werden, wenn es nicht etwa das unfruchtbare Heldentum
1622 1109 2141 1184 VII., Schottenfeldgasse 36. I. Stock.
346 1134 1558 1207 jeden Exemplares dieses wertvollen Kartenwerkes einen
2174 1137 3399 1257 zeigen soll in einem Land, das nur nach dynastischen
348 1181 1565 1242 Preis von 400 Dukaten, auf die Zurückhaltung aber die
2186 1189 3398 1310 Familien-Interessen regiert wurde, in einer Gemeinde, in
353 1220 1556 1300 Todesstrafe gesetzt. Der bekannte Lokalschriftsteller und
1573 1238 2167 1322 SCHUH-SALON
2187 1240 3399 1361 der die großmäuligen „Mir san mir“-Schreier das Bom¬
344 1264 1566 1336 Buchhändler August Graeffer am Kohlmarkt und der Kunst¬
2185 1288 3397 1398 bardement als eine Sehenswürdigkeit genießen und, in der
1657 1300 2058 1385 „Imperial“
345 1334 1568 1394 und Musikalienhändler Josef Eder (Großvater seines Nach¬
2176 1343 3398 1428 Gemittlichkeit gestört, mit revolutionärem Gebärden die
1612 1373 2143 1430 I., Rothgasse 9.
342 1377 1560 1450 folgers Josef Bermann und des Schriftstellers Moriz Ber¬
2179 1382 3390 1485 Ubergabe an den Feind fordern, in einer Stadt, %, wie
1577 1414 2167 1467 Spezialltäten in Damen- und Herren¬
336 1422 1569 1498 mann) in der Johannesgasse, von denen jeder ein Exemplar
1786 1451 1955 1498 Schuhen.
2181 1439 3382 1524 Geusau berichtet, die Figurantinnen des Kärntnertor¬
335 1473 1551 1551 des Schraembl besaß, vergruben es im Keller und blieben
1572 1481 2160 1544 Stets nur strenge Neuheiten!
2185 1483 3387 1572 Theaters die „feschen“ Eroberer in ihre Garderoben hinauf¬
239 1501 954 1592 E glücklicherweise unentdeckt.
2181 1544 3399 1626 winkten und (am 17. Juni) auf dem Graben eine Dame
429 1584 1571 1650 Genau an die Begebenheit hält sich Schnitzler mit
2172 1593 3398 1681 sich einem französischen Offizier erbötig machte, ihm einen
1632 1575 2149 1690 Modensalon
337 1624 1564 1709 Dem, was er seinen „Eschenbacher“ über den jungen
1571 1645 1669 1711 *
1719 1653 2002 1708 für erstklassige
2165 1632 3400 1720 verkappten einheimischen auszuliefern, was ihr von dem
342 1676 1556 1752 Tischlerssohn Peter Tell (nach diesem ist jétzt eine Gasse
1576 1692 2142 1753 Damen- und Kinderkleider
2151 1667 3389 1776 honorigen Feind — eine Ohrfeige eintrug, derentwegen er
332 1729 1563 1802 im 15. Bezirk getauft) und seine Füsilierung berichten
2164 1730 3399 1844 bei einem Haar gelyucht worden wäre. Und ist nicht auch
1574 1733 2133 1809 Mella Fürst, III., Stanislausgasse 4.
335 1768 1553 1836 läßt. Lokalhistorische Personen sind auch die Oberleutnants
1566 1800 2131 1841 (Bei Kreczung Rennweg-Fasangasse.)
230 1765 304 1854 0
2160 1785 3382 1856 der wirklich zum edelsten Blutopfer entschlossene Helden¬
332 1815 1561 1902 Anton Schöffmann und Ludwig Jolsdorf und Lorenz Bargetti
2157 1835 3377 1904 jüngling ein Genarrter, wenn heut mit Manifesten und den
328 1876 1566 1949 (im Burgtheater wird merkwürdiger Weise übersehen, daß
2158 1878 3398 1968 Kriegsliedern des „Herrn von Collin“ Begeisterung in den
1619 1875 2100 1970 Bücher=Kauf,
323 1924 1546 1992 der Name- italienische Aussprache verlangt), Schottenfelder
2157 1929 3398 2026 Lantsturm gebiesen und mergen-zumekgepiidenWird,
322 1957 1546 2037 Seidenband-Fabrikant und Hauptmann im 2. Regiment der
1555 1948 2150 2049 =Tausch, =Verkauf.
2158 1971 3396 2043 gestern der korsische Usurpator verhöhnt und heute das
325 2017 1556 2095 Bürgermiliz, der auf der Bastei einen tötlichen Granat¬
1642 2026 2083 2080 Neugegründete Buchhandlung
2161 2029 3368 2106 phänomenale Genie gepriesen wird, zu dessen Geburtstag
316 2054 673 2130 schuß empling.
1577 2072 2139 2138 Herm. Tuchner, Wien,
2153 2076 3371 2149 der Erzbischof Graf Hohenwart bei St. Stephan ein großes
1550 2130 2144 2177 II., Gr. Stadigutgasse 7: Ecke Taborstr. 52.
2161 2112 3369 2196 Tedeum hält, als gelte es „unserm guten Kaiser Franz“
405 2119 1545 2203 Schnitzlers „Held“ aber, der junge Medardus, hat das
2207 2176 3377 2251 und schließlich die Bettler von Aspern Spalier bilden
317 2171 1546 2263 historische Vorbild in dem siebzehnjährigen Friedrich Staps
1620 2210 2092 2285 Werkstätte für moderne
2148 2210 3367 2300 könnten bei der Auffahrt der Herrschaften zur Vermählung
320 2237 1556 2300 (Leipziger Handelsgehilfe, Sohn eines Erfurter Predigers),
2142 2271 3369 2357 Napoleons mit Österreichs Kaiserstochter, wobei Erzherzog
323 2280 1545 2363 der sich am 11. Oktober, drei Tage vor der Unterzeich¬
1615 2260 2094 2376 Pelzarbeiten
2149 2312 3129 2390 Karl die Prokura des Bräntigams übernimmt?
320 2319 1539 2385 nung des Wiener Friedens, in Schönbrunn durch das Ge¬
1560 2356 2140 2444 Jos. Roval, ( Schönbrunner Str. 109
321 2380 1548 2449 wühl der Garden auf den Freitreppen bis ins Vorzimmer
2239 2379 3366 2468 Das Stück ist zuletzt am 21. Mai 1914, genau 105
1620 2422 2059 2480 (Eingang: Amtshausgasse 8).
314 2424 1543 2505 Napoleons drängte, wo ihn dessen Adjutant General Rapp
2139 2403 3363 2507 Jahre nach der Schlacht bei Aspern und wohl zu ihrem
324 2464 1541 2545 als Verdüchtigen festnahm und zu dem Geständnis brachte,
2142 2497 3358 2569 Andenken, gespielt worden. Als der Krieg ausbrach, fiel
323 2524 1541 2601 daß er mit dem bei ihm gefundenen Dolchmesser den
2144 2546 3355 2617 es in die Versenkung, obwohl man dann nicht genug Stücke
1697 2537 1991 2616 Modellhüte
317 2558 1544 2648 Imperator ermorden wollte. Napoleon ließ den Jürgling
2137 2588 3360 2672 zur Stärkung der Begeisterung ansgraben konnte, neben
2008 2616 2057 2661 7
322 2620 1540 2692 vor sich kommen und gewann so viel Sympathie für ihn.
1635 2607 2033 2707 „Clarisse
2137 2626 3370 2715 dem „Philotas“ und der „Hermannsschlacht“ sogar des
309 2671 1548 2749 daß er ihm die Begnadigung zusagte, wenn er sein Wort
2140 2681 3355 2765 ödesten Hofdichters Josef v. Weilen „Tag von Oudenarde“.
1608 2686 2066 2755 IV., Argentinierstraße 4
311 2713 1537 2790 darauf gäbe, nichts mehr gegen den „Kaiser der Franzosen“
1659 2739 2002 2789 ehemalige Alleegasse.
2144 2726 3361 2808 Wollte man die Wiener nicht mehr wissen lassen, daß die
308 2767 1534 2842 zu unternehmen. („Kaiser von Frankreich“, wie Schnitzler
2137 2778 3359 2851 Franzosen einen Napoleon hatten, der sogar Österreich
311 2807 1540 2896 den General Rapp wiederholt sagen läßt, war niemals ein
2143 2822 3360 2909 (man denke!) besiegte und vor dem der bevollmächtigte
1560 2856 1895 2909 Ankauf, Verkauf
312 2854 1529 2942 offizieller Titel.) An Stelle dieser Zusage wiederholte Staps
2133 2878 3346 2962 Metternich in Schönbrunn so buchstäblich kroch, daß Feld¬
1587 2887 1763 2965 Tausch
306 2914 1531 2984 mutvoll seinen Entschluß, den Verderber Europas zu töten,
1594 2879 2045 3033 reuenseen
2132 2932 3350 3008 marschall Larnes dann zu seinem gekrönten Freund und
309 2966 1531 3019 sobald er dazu Gelegenheit fünde. Geusau berichtet, daß
1594 2914 2069 3091 are ensen
2137 2966 3348 3051 Kriegskameraden sagte: „Wenn ich dem Kerl einen Tritt
312 3008 1529 3088 er wenige Stunden darauf in Meidling erschossen worden
1850 3029 2107 3087 I., Krugerstr. 4
2133 3028 3346 3098 in den Hintern gegeben hätte, sei gewiß, sein verbindliches
302 3057 1537 3131 sei. Nach anderen Behauptungen hatte jedoch bloß eine
1699 3067 2111 3111 Ecke Karntner Str. 43—45.
2126 3078 3350 3148 Lächeln hätte dich vorne nichts davon merken lassen!“ Und
309 3107 1519 3174 Schein-Hinrichtung stattgefunden, hinter einer hohen Hof¬
2126 3102 3342 3199 wiederum eine Weile später hätt' man befürchten müssen,
304 3145 1524 3225 mauer, über die man nur die Schüsse zu hören bekam.
1548 3172 2100 3233 9999000s0
2121 3152 3341 3231 daß die Gefallenen von Aspern an die Millionen von Blut¬
305 3199 1519 3273 Sicher ist, daß diese Exekution seltsamer Weise keine
2119 3191 3348 3294 zeugen für das „Schulter an Schulter mit unseren deutschen
1600 3256 2057 3316 Werkstätte für moderne
290 3240 1533 3335 Zeugen hatte, während sonst, des abschreckenden Beispieles
2119 3250 3343 3333 Brüdern“ erinnert hätten, an das „unauflösliche“ und täg¬
304 3302 1522 3371 wegen, in solchen Fällen auf möglichste Offentlichkeit
2133 3307 3329 3392 lich immer mehr „auszubauende und zu vertiefende“ Bünd¬
291 3336 1524 3411 gesehn wurde. Andererseits war Napoleon, der nicht nur
2129 3360 3334 3441 nis, dieweilen in Paris der Sixtus-Brief ein Verständnis
1590 3342 2080 3445 Velzarben
303 3403 1522 3474 einen Andreas Hofer, sondern unter weit hinfälligerem
2121 3418 3344 3469 mit dem Erbfeind der Deutschen einleiten wollte, wobei
306 3440 1521 3519 Rechtstitel den Herzog von Enghien erschießen ließ, nicht
1578 3432 2073 3527 Karl Krpalek, Kürschner
301 3496 1521 3573 sentimental; Das hatte er schon als General in Egypten
1582 3508 2060 3587 II., Rotensterngasse 33
297 3539 1512 3603 bewiesen, wo er einem kaum dem Knabenalter entwachse¬
1560 3561 2075 3634 Umänderungen u. Reparaturen
2162 3513 3315 3667 Ledergalanteriewaren-Fabrik
291 3585 1511 3655 nen Attentäter vor versammeltem Volke den Unterarm über
1575 3623 2062 3672 werden bestens ausgeführt.
2217 3621 3240 3707 En gros. Karl Grünwald & Co. Export.
294 3643 1519 3720 Kohlenfeuer langsam rösten ließ und vollkommen unbewegt
292 3692 1528 3755 zusah, wie der Tapfere die Marter ohne Schmerzenslaut
1524 3699 2081 3757 b9ssososso
2106 3690 3293 3771 TXVIII., Währinger Straße Nr. 105. Telephon Nr. 39-1-47.
2884 3816 3333 3885 für Anzüge, Hosen,
1870 3794 2305 3898 VI., Amerlingstr. 13
429 3829 1237 3934 demHlaus
2852 3846 3321 3930 2 Uister, Damenkostüme.
1891 3875 2272 3958 Telephon 92•55
1378 3881 1798 3950 Fahe
2342 3866 3321 3989 Steirenzagehöre.
