<?xml version="1.0" encoding="UTF-8" standalone="yes"?>
<PcGts xmlns="http://schema.primaresearch.org/PAGE/gts/pagecontent/2013-07-15" xmlns:xsi="http://www.w3.org/2001/XMLSchema-instance" xsi:schemaLocation="http://schema.primaresearch.org/PAGE/gts/pagecontent/2013-07-15 http://schema.primaresearch.org/PAGE/gts/pagecontent/2013-07-15/pagecontent.xsd">
    <Metadata>
        <Creator>prov=University of Rostock/Institute of Mathematics/CITlab/Gundram Leifert/gundram.leifert@uni-rostock.de:name=ONB_Newseye_GT_M1+(htr_id=10810)::::v=2.4.2
prov=University of Rostock/Institute of Mathematics/CITlab/Tobias Gruening/tobias.gruening@uni-rostock.de:name=de.uros.citlab.module.baseline2polygon.B2PSeamMultiOriented:v=2.4.2
prov=University of Rostock/Institute of Mathematics/CITlab/Tobias Gruening/tobias.gruening@uni-rostock.de:name=/mnt/transkribus/LA/DEA/URO/LA_news_onb_att.pb:de.uros.citlab.segmentation.CITlab_LA_ML:v=2.4.2
Transkribus</Creator>
        <Created>2019-10-07T11:15:13.570+02:00</Created>
        <LastChange>2019-10-08T00:42:33.447+02:00</LastChange>
        <TranskribusMetadata docId="223966" pageId="9496682" pageNr="199" tsid="16492581" status="IN_PROGRESS" userId="40391" imgUrl="https://files.transkribus.eu/Get?id=MRJRXOQCFGCNBXXRNCKWFHEG&amp;fileType=view" xmlUrl="https://files.transkribus.eu/Get?id=NFCFEVCYAZPHVRHPLIMRZYYP" imageId="6186909"/>
    </Metadata>
    <Page imageFilename="223966_0199.jpeg" imageWidth="3392" imageHeight="4256">
        <ReadingOrder>
            <OrderedGroup id="ro_1711440550364" caption="Regions reading order">
                <RegionRefIndexed index="0" regionRef="r1"/>
            </OrderedGroup>
        </ReadingOrder>
        <TextRegion orientation="0.0" id="r1" custom="readingOrder {index:0;}">
            <Coords points="153,168 153,2843 3112,2843 3112,168"/>
            <TextLine id="r1l1" custom="readingOrder {index:0;}">
                <Coords points="958,201 980,200 987,203 998,198 1006,202 1027,200 1023,124 1004,125 998,132 987,133 983,137 954,139"/>
                <Baseline points="974,194 1010,192"/>
                <TextEquiv>
                    <Unicode>M</Unicode>
                </TextEquiv>
            </TextLine>
            <TextLine id="r1l2" custom="readingOrder {index:1;}">
                <Coords points="1550,226 1641,204 1729,216 1762,198 1799,220 1853,205 1894,224 1934,202 2018,213 2018,126 1938,140 1909,125 1883,143 1821,125 1755,143 1737,124 1671,146 1620,128 1550,135"/>
                <Baseline points="1570,191 1595,193 1620,194 1646,195 1671,196 1696,197 1722,198 1747,198 1772,198 1798,199 1823,199 1848,198 1874,198 1899,197 1924,197 1950,196 1975,194 2001,192"/>
                <TextEquiv>
                    <Unicode>box 26/5</Unicode>
                </TextEquiv>
            </TextLine>
            <TextLine id="r1l3" custom="readingOrder {index:2;}">
                <Coords points="243,197 502,248 1153,223 1405,255 1406,157 1304,133 960,169 876,128 770,160 704,126 656,165 243,149"/>
                <Baseline points="262,192 318,197 374,202 431,206 487,209 543,211 600,213 656,214 712,215 769,215 825,215 881,215 938,215 994,214 1050,214 1107,214 1163,214 1219,214 1276,214 1332,214 1389,216"/>
                <TextEquiv>
                    <Unicode>22. Der junge Medandus</Unicode>
                </TextEquiv>
            </TextLine>
            <TextLine id="r1l4" custom="readingOrder {index:3;}">
                <Coords points="2805,1173 3075,1162 3072,1078 3036,1091 2984,1089 2967,1108 2951,1094 2897,1115 2878,1097 2861,1109 2834,1095 2802,1100"/>
                <Baseline points="2823,1159 2848,1158 2874,1157 2900,1157 2926,1156 2952,1156 2978,1154 3004,1152 3030,1151 3056,1148"/>
                <TextEquiv>
                    <Unicode>Se</Unicode>
                </TextEquiv>
            </TextLine>
            <TextLine id="r1l5" custom="readingOrder {index:4;}">
                <Coords points="971,1263 3026,1218 3084,1166 970,1186"/>
                <Baseline points="990,1246 1093,1244 1197,1242 1301,1240 1405,1238 1509,1236 1612,1234 1716,1232 1820,1230 1924,1227 2028,1225 2131,1223 2235,1220 2339,1218 2443,1215 2547,1213 2650,1211 2754,1208 2858,1206 2962,1204 3066,1202"/>
                <TextEquiv>
                    <Unicode>Beim Leichenbegangnis der beiden Liedesopfer, sichrei es durch den Flur und lasse den Herzog rufen</Unicode>
                </TextEquiv>
            </TextLine>
            <TextLine id="r1l6" custom="readingOrder {index:5;}">
                <Coords points="140,1277 824,1267 919,1246 917,1180 262,1192 139,1229"/>
                <Baseline points="160,1266 197,1266 234,1266 271,1265 308,1265 345,1264 382,1263 419,1263 456,1262 493,1261 530,1260 567,1258 604,1257 641,1256 678,1254 715,1253 752,1251 789,1250 826,1248 863,1247 901,1245"/>
                <TextEquiv>
                    <Unicode>Krnhen begegnen sich in damatigen!</Unicode>
                </TextEquiv>
            </TextLine>
            <TextLine id="r1l7" custom="readingOrder {index:6;}">
                <Coords points="136,1340 3096,1205 134,1277"/>
                <Baseline points="155,1319 301,1315 447,1311 593,1307 740,1303 886,1300 1032,1296 1178,1293 1325,1290 1471,1287 1617,1284 1763,1281 1910,1278 2056,1275 2202,1272 2348,1269 2495,1265 2641,1262 2787,1259 2933,1255 3080,1252"/>
                <TextEquiv>
                    <Unicode>lien von sehr ungleichem gesellschaft= die nie könnte das in Wirklichkeit geschehen sein! und die Herzogin und zerre die Prinzessin</Unicode>
                </TextEquiv>
            </TextLine>
            <TextLine id="r1l8" custom="readingOrder {index:7;}">
                <Coords points="943,1357 2896,1338 3092,1267 941,1306"/>
                <Baseline points="962,1346 1067,1345 1173,1344 1278,1342 1384,1341 1490,1338 1595,1336 1701,1334 1806,1331 1912,1328 2018,1326 2123,1322 2229,1320 2334,1317 2440,1314 2546,1312 2651,1309 2757,1307 2862,1305 2968,1303 3074,1302"/>
                <TextEquiv>
                    <Unicode>unter der Anwesenheit beider Familien und deren laus dem zerwühlten Bett, nackt über</Unicode>
                </TextEquiv>
            </TextLine>
            <TextLine id="r1l9" custom="readingOrder {index:8;}">
                <Coords points="2363,1379 2392,1379 2414,1361 2443,1364 2443,1306 2425,1306 2403,1320 2363,1317"/>
                <Baseline points="2380,1346 2424,1346"/>
                <TextEquiv>
                    <Unicode>7</Unicode>
                </TextEquiv>
            </TextLine>
            <TextLine id="r1l10" custom="readingOrder {index:9;}">
                <Coords points="149,1372 248,1358 311,1385 910,1346 872,1303 148,1320"/>
                <Baseline points="169,1364 205,1365 241,1365 277,1365 313,1365 349,1365 385,1365 421,1364 457,1363 493,1362 530,1361 566,1360 602,1359 638,1357 674,1355 710,1354 746,1352 782,1350 818,1349 854,1347 891,1345"/>
                <TextEquiv>
                    <Unicode>die des Buchhändlers Klähr, der</Unicode>
                </TextEquiv>
            </TextLine>
            <TextLine id="r1l11" custom="readingOrder {index:10;}">
                <Coords points="895,1416 1989,1407 2386,1353 2319,1314 893,1350"/>
                <Baseline points="913,1393 985,1394 1058,1395 1131,1395 1203,1394 1276,1394 1349,1392 1421,1390 1494,1388 1567,1386 1640,1383 1712,1380 1785,1378 1858,1375 1930,1373 2003,1371 2076,1369 2148,1368 2221,1367 2294,1366 2367,1366"/>
                <TextEquiv>
                    <Unicode>Freundschaften in einem gemeinsamen Grabesdie Treppe</Unicode>
                </TextEquiv>
            </TextLine>
            <TextLine id="r1l12" custom="readingOrder {index:11;}">
                <Coords points="164,1426 906,1409 905,1347 163,1375"/>
                <Baseline points="181,1416 216,1416 251,1415 286,1415 322,1414 357,1414 392,1413 428,1412 463,1411 498,1410 534,1409 569,1408 604,1407 639,1406 675,1405 710,1404 745,1402 781,1401 816,1400 851,1398 887,1397"/>
                <TextEquiv>
                    <Unicode>Jahre vorher, als die Franzosen</Unicode>
                </TextEquiv>
            </TextLine>
            <TextLine id="r1l13" custom="readingOrder {index:12;}">
                <Coords points="2065,1437 3085,1391 3084,1339 2941,1334 2554,1374 2440,1346 2239,1379 2064,1360"/>
                <Baseline points="2084,1412 2133,1413 2182,1414 2231,1414 2280,1414 2329,1413 2378,1413 2427,1412 2476,1411 2525,1410 2575,1409 2624,1408 2673,1407 2722,1405 2771,1404 2820,1403 2869,1402 2918,1402 2967,1401 3016,1401 3066,1401"/>
                <TextEquiv>
                    <Unicode>Ein lieber Narr! Und dabei hat die Frauens¬</Unicode>
                </TextEquiv>
            </TextLine>
            <TextLine id="r1l14" custom="readingOrder {index:13;}">
                <Coords points="165,1471 1836,1448 1992,1393 163,1401"/>
                <Baseline points="182,1463 271,1461 361,1459 450,1457 540,1455 630,1453 719,1451 809,1449 899,1447 988,1445 1078,1443 1168,1441 1257,1439 1347,1437 1437,1435 1526,1433 1616,1431 1706,1429 1795,1427 1885,1424 1975,1422"/>
                <TextEquiv>
                    <Unicode>n Wien waren, im Zusammenhange gebettet werden, beleidigt der Rappelkopf die</Unicode>
                </TextEquiv>
            </TextLine>
            <TextLine id="r1l15" custom="readingOrder {index:14;}">
                <Coords points="1972,1473 3081,1467 3080,1412 3039,1398 1971,1422"/>
                <Baseline points="1991,1469 2044,1467 2098,1466 2151,1465 2205,1464 2259,1463 2312,1462 2366,1461 2419,1461 2473,1460 2527,1459 2580,1459 2634,1458 2687,1458 2741,1457 2795,1456 2848,1455 2902,1454 2955,1453 3009,1451 3063,1449"/>
                <TextEquiv>
                    <Unicode>sperion, wie schlecht sie auch sein mag, vorlüufig</Unicode>
                </TextEquiv>
            </TextLine>
            <TextLine id="r1l16" custom="readingOrder {index:15;}">
                <Coords points="894,1500 1984,1485 1994,1422 893,1441"/>
                <Baseline points="911,1495 964,1494 1017,1493 1070,1491 1123,1491 1177,1490 1230,1489 1283,1488 1336,1487 1389,1486 1443,1485 1496,1484 1549,1483 1602,1482 1655,1481 1709,1479 1762,1478 1815,1477 1868,1475 1921,1474 1975,1471"/>
                <TextEquiv>
                    <Unicode>Schwester des mit seiner Schwester vereint gestor¬</Unicode>
                </TextEquiv>
            </TextLine>
            <TextLine id="r1l17" custom="readingOrder {index:16;}">
                <Coords points="136,1530 915,1503 914,1463 873,1453 135,1467"/>
                <Baseline points="155,1514 192,1513 229,1512 266,1511 303,1510 340,1508 377,1507 415,1506 452,1505 489,1505 526,1504 563,1503 600,1502 637,1501 675,1500 712,1499 749,1499 786,1498 823,1497 860,1497 898,1496"/>
                <TextEquiv>
                    <Unicode>guis seinen Tod gefunden hat, und</Unicode>
                </TextEquiv>
            </TextLine>
            <TextLine id="r1l18" custom="readingOrder {index:17;}">
                <Coords points="1986,1527 3054,1511 3082,1445 1985,1476"/>
                <Baseline points="2003,1518 2056,1517 2109,1516 2162,1515 2215,1515 2268,1514 2321,1513 2374,1512 2427,1511 2480,1510 2533,1509 2586,1508 2639,1507 2692,1506 2745,1504 2798,1503 2851,1501 2904,1500 2957,1498 3010,1496 3063,1494"/>
                <TextEquiv>
                    <Unicode>noch nichts getan, als ihm ein paar Blumen und</Unicode>
                </TextEquiv>
            </TextLine>
            <TextLine id="r1l19" custom="readingOrder {index:18;}">
                <Coords points="140,1570 1986,1534 1996,1467 138,1511"/>
                <Baseline points="158,1564 249,1561 340,1558 431,1556 522,1554 613,1552 704,1549 795,1547 886,1545 977,1543 1068,1541 1159,1539 1250,1537 1341,1535 1432,1533 1523,1531 1614,1529 1705,1527 1796,1524 1887,1521 1979,1518"/>
                <TextEquiv>
                    <Unicode>n, körperlich und geistig erblindeten benen Prinzen und reizt einen anderen Verwandten</Unicode>
                </TextEquiv>
            </TextLine>
            <TextLine id="r1l20" custom="readingOrder {index:19;}">
                <Coords points="1982,1596 3079,1543 3078,1499 1981,1526"/>
                <Baseline points="2001,1563 2053,1563 2106,1563 2159,1563 2212,1562 2265,1561 2318,1561 2371,1560 2424,1559 2477,1558 2530,1557 2582,1556 2635,1555 2688,1553 2741,1552 2794,1551 2847,1550 2900,1549 2953,1548 3006,1547 3059,1546"/>
                <TextEquiv>
                    <Unicode>Liebesworte gesendet! Taninene animis Viennen¬</Unicode>
                </TextEquiv>
            </TextLine>
            <TextLine id="r1l21" custom="readingOrder {index:20;}">
                <Coords points="908,1600 2005,1578 2004,1531 1908,1525 907,1552"/>
                <Baseline points="924,1593 977,1592 1030,1591 1083,1590 1136,1589 1189,1588 1242,1587 1295,1585 1348,1583 1401,1582 1455,1581 1508,1579 1561,1578 1614,1577 1667,1575 1720,1574 1773,1573 1826,1573 1879,1572 1932,1571 1986,1571"/>
                <TextEquiv>
                    <Unicode>derselben, den Marquis Bernard von Valois, zum</Unicode>
                </TextEquiv>
            </TextLine>
            <TextLine id="r1l22" custom="readingOrder {index:21;}">
                <Coords points="138,1631 254,1606 361,1625 715,1603 763,1623 788,1600 913,1600 911,1549 136,1573"/>
                <Baseline points="157,1608 193,1608 230,1609 267,1609 304,1609 341,1608 378,1607 415,1606 452,1605 489,1603 526,1602 562,1600 599,1599 636,1598 673,1596 710,1595 747,1593 784,1592 821,1591 858,1590 895,1590"/>
                <TextEquiv>
                    <Unicode>lois, der von den fortgesetzten Siegen</Unicode>
                </TextEquiv>
            </TextLine>
            <TextLine id="r1l23" custom="readingOrder {index:22;}">
                <Coords points="902,1649 3085,1595 902,1605"/>
                <Baseline points="919,1641 1026,1639 1133,1637 1241,1635 1348,1632 1456,1629 1563,1627 1670,1624 1778,1622 1885,1619 1993,1617 2100,1614 2207,1612 2315,1609 2422,1607 2530,1605 2637,1603 2744,1602 2852,1600 2959,1599 3067,1598"/>
                <TextEquiv>
                    <Unicode>Duell. Das sind zwei Personen, deren Standesbe=fsibus ire? Die Gelegenheit zur Ausführung seines</Unicode>
                </TextEquiv>
            </TextLine>
            <TextLine id="r1l24" custom="readingOrder {index:23;}">
                <Coords points="138,1668 767,1648 815,1673 844,1646 918,1667 916,1597 368,1626 137,1606"/>
                <Baseline points="157,1658 194,1659 231,1659 268,1658 305,1658 342,1657 379,1656 417,1655 454,1654 491,1652 528,1651 565,1650 602,1648 639,1647 677,1646 714,1645 751,1644 788,1644 825,1644 862,1644 900,1644"/>
                <TextEquiv>
                    <Unicode>n baldigen Sturz und seine eigene</Unicode>
                </TextEquiv>
            </TextLine>
            <TextLine id="r1l25" custom="readingOrder {index:24;}">
                <Coords points="1982,1675 3090,1656 3096,1590 1981,1610"/>
                <Baseline points="2001,1662 2054,1661 2108,1660 2162,1659 2216,1658 2270,1657 2323,1656 2377,1656 2431,1655 2485,1654 2539,1654 2592,1653 2646,1652 2700,1652 2754,1651 2808,1650 2861,1649 2915,1648 2969,1647 3023,1646 3077,1645"/>
                <TextEquiv>
                    <Unicode>schnöden Vorhabens ergibt sich bald; aber da findet</Unicode>
                </TextEquiv>
            </TextLine>
            <TextLine id="r1l26" custom="readingOrder {index:25;}">
                <Coords points="148,1720 1984,1687 1997,1620 147,1672"/>
                <Baseline points="166,1708 256,1706 347,1703 437,1701 528,1700 619,1698 709,1696 800,1694 891,1692 981,1690 1072,1688 1163,1686 1253,1684 1344,1682 1435,1680 1525,1678 1616,1676 1707,1674 1797,1672 1888,1669 1979,1666"/>
                <TextEquiv>
                    <Unicode>en Thron Frankreichs erwartet. In griffe er sich wohl vorstellen kann, die aber doch</Unicode>
                </TextEquiv>
            </TextLine>
            <TextLine id="r1l27" custom="readingOrder {index:26;}">
                <Coords points="1988,1720 3020,1708 3089,1699 3088,1648 1987,1676"/>
                <Baseline points="2006,1712 2059,1710 2112,1709 2165,1708 2219,1707 2272,1706 2325,1705 2379,1705 2432,1704 2485,1703 2539,1703 2592,1702 2645,1701 2698,1701 2752,1699 2805,1699 2858,1697 2912,1697 2965,1695 3018,1694 3072,1692"/>
                <TextEquiv>
                    <Unicode>der hochherzige Jüngling: „Es eilt nicht so</Unicode>
                </TextEquiv>
            </TextLine>
            <TextLine id="r1l28" custom="readingOrder {index:27;}">
                <Coords points="899,1736 1993,1721 1992,1681 1944,1675 898,1692"/>
                <Baseline points="917,1740 969,1739 1022,1739 1075,1738 1128,1737 1181,1736 1234,1735 1287,1734 1340,1732 1393,1731 1446,1730 1498,1729 1551,1727 1604,1725 1657,1724 1710,1722 1763,1720 1816,1718 1869,1716 1922,1714 1975,1711"/>
                <TextEquiv>
                    <Unicode>das soeben geschehene Unglück nicht unmittelbar ver¬</Unicode>
                </TextEquiv>
            </TextLine>
            <TextLine id="r1l29" custom="readingOrder {index:28;}">
                <Coords points="153,1770 917,1754 916,1695 151,1719"/>
                <Baseline points="171,1755 207,1755 243,1755 280,1755 316,1755 353,1754 389,1753 425,1753 462,1752 498,1751 535,1750 571,1749 607,1748 644,1746 680,1745 717,1743 753,1742 789,1741 826,1740 862,1739 899,1738"/>
                <TextEquiv>
                    <Unicode>ki ist je ein Sohn und eine Tochter:</Unicode>
                </TextEquiv>
            </TextLine>
            <TextLine id="r1l30" custom="readingOrder {index:29;}">
                <Coords points="1991,1776 3096,1742 3073,1688 1991,1721"/>
                <Baseline points="2011,1761 2064,1760 2117,1758 2170,1757 2224,1756 2277,1755 2330,1755 2383,1754 2437,1754 2490,1753 2543,1753 2596,1752 2650,1751 2703,1750 2756,1750 2809,1748 2863,1747 2916,1745 2969,1743 3022,1741 3076,1738"/>
                <TextEquiv>
                    <Unicode>ssehr. Es ist ja abgemacht, daß ich heute Nachts</Unicode>
                </TextEquiv>
            </TextLine>
            <TextLine id="r1l31" custom="readingOrder {index:30;}">
                <Coords points="903,1793 1956,1779 2000,1774 1999,1719 902,1745"/>
                <Baseline points="921,1790 974,1788 1027,1787 1080,1786 1133,1784 1186,1783 1239,1781 1292,1780 1345,1779 1398,1778 1451,1777 1504,1776 1557,1775 1610,1773 1663,1772 1716,1771 1769,1769 1822,1768 1875,1766 1928,1765 1981,1763"/>
                <TextEquiv>
                    <Unicode>schuldet haben, und die von demselben ebenfalls</Unicode>
                </TextEquiv>
            </TextLine>
            <TextLine id="r1l32" custom="readingOrder {index:31;}">
                <Coords points="2961,1799 2991,1802 3012,1793 3027,1800 3046,1799 3067,1784 3089,1786 3087,1739 3072,1739 3062,1747 3028,1745 3015,1760 3003,1754 2992,1758 2981,1751 2959,1756"/>
                <Baseline points="2979,1789 3010,1789 3041,1786 3072,1786"/>
                <TextEquiv>
                    <Unicode>— es</Unicode>
                </TextEquiv>
            </TextLine>
            <TextLine id="r1l33" custom="readingOrder {index:32;}">
                <Coords points="135,1826 914,1796 913,1745 134,1753"/>
                <Baseline points="153,1806 190,1805 227,1804 264,1803 301,1802 338,1801 375,1801 412,1800 449,1800 486,1799 524,1798 561,1797 598,1796 635,1796 672,1795 709,1794 746,1792 783,1791 820,1789 857,1788 895,1786"/>
                <TextEquiv>
                    <Unicode>bei Liebespaare. Die traurige, aber</Unicode>
                </TextEquiv>
            </TextLine>
            <TextLine id="r1l34" custom="readingOrder {index:33;}">
                <Coords points="1989,1816 2860,1811 2940,1803 2939,1748 1988,1772"/>
                <Baseline points="2007,1809 2052,1808 2098,1807 2144,1806 2190,1806 2236,1805 2281,1805 2327,1804 2373,1804 2419,1803 2465,1803 2510,1802 2556,1802 2602,1801 2648,1800 2694,1799 2739,1797 2785,1795 2831,1794 2877,1792 2923,1789"/>
                <TextEquiv>
                    <Unicode>wiederkomme, und morgen und übermorgen</Unicode>
                </TextEquiv>
            </TextLine>
            <TextLine id="r1l35" custom="readingOrder {index:34;}">
                <Coords points="906,1850 2003,1816 2002,1765 905,1795"/>
                <Baseline points="923,1835 976,1834 1029,1834 1082,1833 1135,1832 1188,1832 1241,1831 1294,1830 1347,1829 1400,1828 1454,1827 1507,1826 1560,1825 1613,1824 1666,1822 1719,1821 1772,1819 1825,1817 1878,1815 1931,1814 1985,1812"/>
                <TextEquiv>
                    <Unicode>schmerzlich betroffen sind. Bei diesem Zusammen¬</Unicode>
                </TextEquiv>
            </TextLine>
            <TextLine id="r1l36" custom="readingOrder {index:35;}">
                <Coords points="154,1869 363,1864 395,1841 432,1866 922,1838 921,1791 153,1814"/>
                <Baseline points="171,1855 207,1855 244,1854 280,1853 317,1853 354,1852 390,1851 427,1851 463,1850 500,1849 537,1849 573,1847 610,1847 646,1846 683,1845 720,1843 756,1842 793,1841 829,1838 866,1837 903,1835"/>
                <TextEquiv>
                    <Unicode>sschichte des einen erledigt sich schon</Unicode>
                </TextEquiv>
            </TextLine>
            <TextLine id="r1l37" custom="readingOrder {index:36;}">
                <Coords points="1994,1870 3099,1861 3098,1803 2951,1787 1993,1815"/>
                <Baseline points="2013,1859 2066,1858 2119,1856 2172,1855 2226,1854 2279,1853 2332,1851 2386,1851 2439,1849 2492,1849 2546,1848 2599,1847 2652,1846 2705,1845 2759,1844 2812,1844 2865,1843 2919,1842 2972,1841 3025,1840 3079,1839"/>
                <TextEquiv>
                    <Unicode>ist noch nichts versäumt. ... Und sie ist schön, Etzelt,</Unicode>
                </TextEquiv>
            </TextLine>
            <TextLine id="r1l38" custom="readingOrder {index:37;}">
                <Coords points="913,1900 2010,1869 1979,1818 912,1846"/>
                <Baseline points="931,1885 984,1884 1037,1883 1090,1883 1143,1882 1196,1881 1249,1880 1302,1879 1355,1878 1408,1877 1462,1876 1515,1874 1568,1873 1621,1871 1674,1870 1727,1869 1780,1868 1833,1866 1886,1865 1939,1863 1993,1862"/>
                <TextEquiv>
                    <Unicode>treffen findet Medardus die Liebe der Prinzessin</Unicode>
                </TextEquiv>
            </TextLine>
            <TextLine id="r1l39" custom="readingOrder {index:38;}">
                <Coords points="161,1913 385,1926 439,1888 557,1921 589,1899 849,1903 929,1876 928,1835 160,1862"/>
                <Baseline points="181,1900 217,1900 253,1900 290,1900 326,1900 363,1900 399,1899 436,1899 472,1897 509,1897 545,1896 581,1895 618,1893 654,1892 691,1890 727,1889 764,1888 800,1887 837,1886 873,1885 910,1884"/>
                <TextEquiv>
                    <Unicode>Denn da die Eltern des zukünftigen</Unicode>
                </TextEquiv>
            </TextLine>
            <TextLine id="r1l40" custom="readingOrder {index:39;}">
                <Coords points="2004,1924 3097,1898 3096,1836 2002,1865"/>
                <Baseline points="2023,1907 2075,1907 2128,1907 2181,1906 2234,1905 2287,1904 2339,1903 2392,1902 2445,1901 2498,1900 2551,1898 2603,1897 2656,1896 2709,1895 2762,1893 2815,1892 2867,1891 2920,1890 2973,1890 3026,1889 3079,1889"/>
                <TextEquiv>
                    <Unicode>sehr schön, die Prinzessin, warumsoll mannicht</Unicode>
                </TextEquiv>
            </TextLine>
            <TextLine id="r1l41" custom="readingOrder {index:40;}">
                <Coords points="911,1951 2008,1923 2007,1868 910,1893"/>
                <Baseline points="928,1936 981,1935 1034,1934 1087,1933 1140,1931 1193,1930 1246,1929 1300,1928 1353,1926 1406,1925 1459,1924 1512,1922 1565,1921 1618,1920 1672,1919 1725,1918 1778,1917 1831,1916 1884,1914 1937,1914 1991,1912"/>
                <TextEquiv>
                    <Unicode>Helene, die sich nichts daraus macht, „hochmütig</Unicode>
                </TextEquiv>
            </TextLine>
            <TextLine id="r1l42" custom="readingOrder {index:41;}">
                <Coords points="137,1965 913,1944 911,1896 867,1890 136,1914"/>
                <Baseline points="157,1951 193,1951 230,1952 267,1952 304,1952 341,1951 377,1951 414,1950 451,1949 488,1948 525,1947 561,1946 598,1944 635,1943 672,1941 709,1940 745,1939 782,1937 819,1936 856,1935 893,1934"/>
                <TextEquiv>
                    <Unicode>Franz von Valois in dessen Ver¬</Unicode>
                </TextEquiv>
            </TextLine>
            <TextLine id="r1l43" custom="readingOrder {index:42;}">
                <Coords points="1999,1966 3107,1950 3105,1888 3072,1885 1998,1915"/>
                <Baseline points="2017,1955 2070,1954 2124,1954 2177,1953 2231,1952 2284,1951 2338,1950 2391,1949 2445,1948 2498,1947 2552,1945 2605,1944 2659,1943 2712,1942 2766,1940 2819,1939 2873,1938 2926,1937 2980,1936 3033,1935 3087,1933"/>
                <TextEquiv>
                    <Unicode>[ein paar wunderbare Nächte haben?“ Es</Unicode>
                </TextEquiv>
            </TextLine>
            <TextLine id="r1l44" custom="readingOrder {index:43;}">
                <Coords points="910,1987 1273,2004 1766,1956 2012,1983 2010,1924 1930,1915 909,1943"/>
                <Baseline points="929,1982 982,1982 1035,1982 1088,1981 1141,1980 1194,1980 1247,1979 1300,1977 1353,1976 1406,1974 1460,1973 1513,1972 1566,1970 1619,1969 1672,1967 1725,1965 1778,1964 1831,1963 1884,1962 1937,1961 1991,1960"/>
                <TextEquiv>
                    <Unicode>mörderischer Finger“ geziehen zu werden. Sie sendet</Unicode>
                </TextEquiv>
            </TextLine>
            <TextLine id="r1l45" custom="readingOrder {index:44;}">
                <Coords points="145,2009 935,1996 934,1923 828,1958 561,1938 144,1961"/>
                <Baseline points="165,2000 202,2000 240,2000 277,1999 315,1999 352,1998 390,1998 427,1997 465,1996 502,1995 540,1994 577,1994 615,1992 652,1992 690,1991 727,1990 765,1989 802,1988 840,1987 877,1986 915,1985"/>
                <TextEquiv>
                    <Unicode>der Wiener Buchhändlerstochter be¬</Unicode>
                </TextEquiv>
            </TextLine>
            <TextLine id="r1l46" custom="readingOrder {index:45;}">
                <Coords points="2005,2019 3004,2003 3098,1979 3098,1942 2004,1964"/>
                <Baseline points="2023,2005 2075,2004 2128,2004 2181,2003 2234,2002 2287,2001 2339,2001 2392,2000 2445,1999 2498,1998 2551,1997 2603,1996 2656,1995 2709,1994 2762,1992 2815,1991 2867,1989 2920,1988 2973,1987 3026,1985 3079,1983"/>
                <TextEquiv>
                    <Unicode>ist merkwürdig, wie praktisch manchmal die Ver¬</Unicode>
                </TextEquiv>
            </TextLine>
            <TextLine id="r1l47" custom="readingOrder {index:46;}">
                <Coords points="924,2039 2006,2030 2016,1956 923,1992"/>
                <Baseline points="941,2030 993,2030 1046,2029 1099,2028 1152,2028 1205,2027 1258,2026 1311,2025 1364,2024 1417,2022 1470,2021 1522,2020 1575,2019 1628,2018 1681,2016 1734,2015 1787,2013 1840,2012 1893,2010 1946,2009 1999,2007"/>
                <TextEquiv>
                    <Unicode>ihm die Blumen, deren Niederlegung auf dem Grabe</Unicode>
                </TextEquiv>
            </TextLine>
            <TextLine id="r1l48" custom="readingOrder {index:47;}">
                <Coords points="152,2052 920,2040 918,1992 830,1984 151,2012"/>
                <Baseline points="169,2050 205,2050 242,2049 278,2049 315,2049 352,2048 388,2047 425,2046 462,2045 498,2044 535,2043 572,2042 608,2041 645,2040 682,2038 718,2038 755,2036 792,2035 828,2035 865,2034 902,2033"/>
                <TextEquiv>
                    <Unicode>um keinen Preis einwilligen, die</Unicode>
                </TextEquiv>
            </TextLine>
            <TextLine id="r1l49" custom="readingOrder {index:48;}">
                <Coords points="2008,2062 3105,2046 3103,1976 2007,2014"/>
                <Baseline points="2024,2056 2077,2055 2130,2054 2183,2053 2236,2051 2290,2050 2343,2049 2396,2047 2449,2046 2502,2045 2556,2043 2609,2042 2662,2041 2715,2040 2768,2039 2822,2038 2875,2037 2928,2037 2981,2036 3034,2036 3088,2036"/>
                <TextEquiv>
                    <Unicode>rückten sind! Und wie inkonsequent! Derselbe junge</Unicode>
                </TextEquiv>
            </TextLine>
            <TextLine id="r1l50" custom="readingOrder {index:49;}">
                <Coords points="917,2096 2010,2074 2013,2011 916,2045"/>
                <Baseline points="934,2080 987,2079 1040,2078 1093,2076 1146,2075 1199,2074 1252,2074 1305,2073 1358,2072 1411,2071 1464,2070 1517,2069 1570,2068 1623,2067 1676,2066 1729,2065 1782,2064 1835,2062 1888,2060 1941,2058 1995,2056"/>
                <TextEquiv>
                    <Unicode>ihres Bruders er ihr brutal verboten, auf sein</Unicode>
                </TextEquiv>
            </TextLine>
            <TextLine id="r1l51" custom="readingOrder {index:50;}">
                <Coords points="153,2111 918,2093 916,2038 744,2025 152,2052"/>
                <Baseline points="172,2101 208,2100 244,2098 281,2097 317,2096 354,2094 390,2093 426,2092 463,2092 499,2091 536,2089 572,2089 608,2088 645,2087 681,2086 718,2085 754,2084 790,2083 827,2082 863,2081 900,2080"/>
                <TextEquiv>
                    <Unicode>svischen den beiden Liebesleuten aber</Unicode>
                </TextEquiv>
            </TextLine>
            <TextLine id="r1l52" custom="readingOrder {index:51;}">
                <Coords points="1998,2112 2967,2084 3096,2115 3106,2045 1997,2057"/>
                <Baseline points="2016,2104 2069,2104 2123,2103 2176,2102 2230,2101 2284,2100 2337,2099 2391,2098 2444,2096 2498,2095 2552,2093 2605,2092 2659,2090 2712,2089 2766,2088 2820,2087 2873,2086 2927,2086 2980,2085 3034,2085 3088,2085"/>
                <TextEquiv>
                    <Unicode>Medardus, der sich die Schönheit seines Opfers wohl</Unicode>
                </TextEquiv>
            </TextLine>
            <TextLine id="r1l53" custom="readingOrder {index:52;}">
                <Coords points="917,2141 2011,2133 2010,2064 916,2093"/>
                <Baseline points="935,2131 987,2130 1040,2128 1093,2127 1146,2126 1199,2125 1251,2123 1304,2122 1357,2121 1410,2120 1463,2119 1515,2118 1568,2116 1621,2115 1674,2114 1727,2112 1779,2111 1832,2110 1885,2109 1938,2107 1991,2105"/>
                <TextEquiv>
                    <Unicode>Krankenlager, nachdem er im Duell einen gefähr¬</Unicode>
                </TextEquiv>
            </TextLine>
            <TextLine id="r1l54" custom="readingOrder {index:53;}">
                <Coords points="148,2158 886,2147 927,2142 925,2083 146,2107"/>
                <Baseline points="166,2150 203,2149 240,2147 277,2147 314,2146 351,2145 388,2144 425,2143 462,2142 499,2141 537,2140 574,2139 611,2138 648,2137 685,2137 722,2136 759,2134 796,2134 833,2132 870,2131 908,2130"/>
                <TextEquiv>
                    <Unicode>vorgeschritten ist, so stürzen sich diese</Unicode>
                </TextEquiv>
            </TextLine>
            <TextLine id="r1l55" custom="readingOrder {index:54;}">
                <Coords points="1997,2155 2963,2156 3105,2116 3104,2083 1996,2107"/>
                <Baseline points="2016,2154 2069,2153 2123,2152 2176,2151 2230,2149 2284,2148 2337,2147 2391,2145 2444,2144 2498,2143 2552,2142 2605,2141 2659,2139 2712,2138 2766,2137 2820,2136 2873,2135 2927,2134 2980,2133 3034,2132 3088,2132"/>
                <TextEquiv>
                    <Unicode>behagen läßt, ehe er sein niederträchtiges Vorhaben</Unicode>
                </TextEquiv>
            </TextLine>
            <TextLine id="r1l56" custom="readingOrder {index:55;}">
                <Coords points="924,2189 2006,2172 2005,2113 923,2134"/>
                <Baseline points="940,2178 992,2177 1044,2177 1097,2176 1149,2175 1202,2174 1254,2173 1307,2172 1359,2170 1412,2169 1464,2168 1516,2166 1569,2165 1621,2164 1674,2162 1726,2161 1779,2160 1831,2159 1884,2158 1936,2157 1989,2157"/>
                <TextEquiv>
                    <Unicode>lichen Degenstich nahe beim Herzen davongetragen.</Unicode>
                </TextEquiv>
            </TextLine>
            <TextLine id="r1l57" custom="readingOrder {index:56;}">
                <Coords points="153,2202 932,2194 931,2136 152,2162"/>
                <Baseline points="170,2198 207,2197 244,2196 281,2195 318,2194 355,2194 392,2193 429,2191 466,2191 503,2190 541,2189 578,2188 615,2186 652,2185 689,2185 726,2184 763,2183 800,2182 837,2182 874,2181 912,2180"/>
                <TextEquiv>
                    <Unicode>donau und ertrinken. Nun sollte man</Unicode>
                </TextEquiv>
            </TextLine>
            <TextLine id="r1l58" custom="readingOrder {index:57;}">
                <Coords points="2012,2214 3113,2190 3111,2117 2973,2153 2011,2159"/>
                <Baseline points="2030,2202 2083,2201 2136,2200 2189,2199 2243,2198 2296,2196 2349,2194 2403,2193 2456,2192 2509,2190 2563,2189 2616,2188 2669,2186 2722,2185 2776,2184 2829,2183 2882,2183 2936,2182 2989,2182 3042,2182 3096,2182"/>
                <TextEquiv>
                    <Unicode>ins Werk setzt (das letztere unterbleibt aber doch, weil</Unicode>
                </TextEquiv>
            </TextLine>
            <TextLine id="r1l59" custom="readingOrder {index:58;}">
                <Coords points="923,2239 2005,2214 2004,2167 1901,2162 922,2188"/>
                <Baseline points="942,2226 994,2226 1046,2225 1098,2225 1150,2224 1203,2223 1255,2222 1307,2220 1359,2219 1411,2218 1464,2216 1516,2215 1568,2213 1620,2212 1672,2211 1725,2209 1777,2208 1829,2207 1881,2206 1933,2206 1986,2205"/>
                <TextEquiv>
                    <Unicode>Einen andern, gefährlicheren Stich scheint er aber</Unicode>
                </TextEquiv>
            </TextLine>
            <TextLine id="r1l60" custom="readingOrder {index:59;}">
                <Coords points="2613,2240 3081,2245 3110,2241 3109,2186 2612,2200"/>
                <Baseline points="2630,2236 2655,2236 2681,2236 2707,2236 2732,2236 2758,2235 2784,2235 2809,2235 2835,2235 2861,2235 2886,2235 2912,2235 2938,2234 2963,2233 2989,2233 3015,2232 3040,2231 3066,2230 3092,2228"/>
                <TextEquiv>
                    <Unicode>derselbe Medardus ist</Unicode>
                </TextEquiv>
            </TextLine>
            <TextLine id="r1l61" custom="readingOrder {index:60;}">
                <Coords points="150,2258 790,2248 928,2219 927,2187 814,2182 149,2203"/>
                <Baseline points="169,2243 206,2242 243,2242 280,2241 317,2241 354,2240 391,2239 428,2238 465,2237 502,2237 539,2236 576,2234 613,2233 650,2233 687,2232 724,2231 761,2231 798,2230 835,2230 872,2229 909,2229"/>
                <TextEquiv>
                    <Unicode>liderseitigen Eltern wären damit hin¬</Unicode>
                </TextEquiv>
            </TextLine>
            <TextLine id="r1l62" custom="readingOrder {index:61;}">
                <Coords points="2003,2254 2219,2252 2245,2270 2365,2245 2498,2264 2574,2251 2573,2200 2544,2197 2101,2200 2072,2219 2002,2206"/>
                <Baseline points="2023,2249 2049,2249 2076,2249 2102,2249 2129,2249 2155,2248 2182,2247 2208,2247 2235,2245 2261,2245 2288,2244 2315,2243 2341,2242 2368,2241 2394,2241 2421,2240 2447,2240 2474,2240 2500,2239 2527,2239 2554,2240"/>
                <TextEquiv>
                    <Unicode>er sich die Sache überlegt)</Unicode>
                </TextEquiv>
            </TextLine>
            <TextLine id="r1l63" custom="readingOrder {index:62;}">
                <Coords points="921,2289 2011,2262 2009,2211 1896,2206 920,2234"/>
                <Baseline points="939,2277 991,2277 1044,2276 1097,2275 1149,2274 1202,2273 1255,2271 1307,2271 1360,2269 1413,2268 1466,2266 1518,2264 1571,2263 1624,2262 1676,2260 1729,2259 1782,2257 1834,2256 1887,2255 1940,2254 1993,2253"/>
                <TextEquiv>
                    <Unicode>ins Hirn bekommen zu haben; denn nun nimmt</Unicode>
                </TextEquiv>
            </TextLine>
            <TextLine id="r1l64" custom="readingOrder {index:63;}">
                <Coords points="162,2301 930,2288 929,2241 900,2234 161,2253"/>
                <Baseline points="179,2295 215,2295 252,2294 288,2293 325,2293 362,2292 398,2291 435,2290 472,2289 508,2288 545,2287 582,2286 618,2285 655,2283 692,2283 728,2281 765,2281 802,2280 838,2279 875,2278 912,2278"/>
                <TextEquiv>
                    <Unicode>t: die einen dafür, daß sie auf das</Unicode>
                </TextEquiv>
            </TextLine>
            <TextLine id="r1l65" custom="readingOrder {index:64;}">
                <Coords points="2008,2311 3109,2285 3108,2234 3016,2228 2007,2256"/>
                <Baseline points="2027,2302 2080,2301 2133,2300 2186,2298 2240,2297 2293,2296 2346,2294 2399,2293 2453,2292 2506,2291 2559,2289 2612,2289 2666,2287 2719,2286 2772,2285 2825,2284 2879,2284 2932,2283 2985,2282 3038,2282 3092,2281"/>
                <TextEquiv>
                    <Unicode>später fest entschlossen, das korsische Ungeheuer in</Unicode>
                </TextEquiv>
            </TextLine>
            <TextLine id="r1l66" custom="readingOrder {index:65;}">
                <Coords points="152,2360 2017,2319 2023,2260 150,2301"/>
                <Baseline points="168,2343 259,2342 351,2340 443,2338 535,2337 627,2334 719,2332 810,2330 902,2327 994,2325 1086,2323 1178,2320 1270,2318 1362,2315 1453,2313 1545,2311 1637,2309 1729,2307 1821,2305 1913,2303 2005,2302"/>
                <TextEquiv>
                    <Unicode>besser achtgegeben haben, die andern er sich vor, nicht nur in den Armen der Prinzessin</Unicode>
                </TextEquiv>
            </TextLine>
            <TextLine id="r1l67" custom="readingOrder {index:66;}">
                <Coords points="161,2393 3116,2336 160,2352"/>
                <Baseline points="181,2393 326,2390 472,2386 618,2383 764,2380 910,2376 1056,2373 1201,2369 1347,2366 1493,2362 1639,2359 1785,2355 1931,2352 2077,2349 2222,2346 2368,2342 2514,2339 2660,2336 2806,2333 2952,2330 3098,2328"/>
                <TextEquiv>
                    <Unicode> dem angehenden Dauphin die Er zu schwelgen, sondern dieser auch noch einen beson= Schönbrunn niederzustechen und Wien vom Tyrannen</Unicode>
                </TextEquiv>
            </TextLine>
            <TextLine id="r1l68" custom="readingOrder {index:67;}">
                <Coords points="2007,2412 3049,2389 3108,2374 3107,2319 2006,2357"/>
                <Baseline points="2025,2402 2078,2399 2131,2397 2184,2395 2237,2394 2290,2392 2343,2391 2397,2390 2450,2389 2503,2388 2556,2387 2609,2387 2662,2386 2715,2386 2769,2385 2822,2384 2875,2384 2928,2383 2981,2382 3034,2380 3088,2379"/>
                <TextEquiv>
                    <Unicode>zu befreien; er tut es aber wieder nicht, weil ihn die</Unicode>
                </TextEquiv>
            </TextLine>
            <TextLine id="r1l69" custom="readingOrder {index:68;}">
                <Coords points="139,2452 1945,2431 2017,2356 137,2382"/>
                <Baseline points="157,2442 249,2440 341,2438 433,2436 525,2433 618,2431 710,2429 802,2427 894,2424 986,2422 1079,2420 1171,2418 1263,2415 1355,2413 1447,2411 1540,2409 1632,2407 1724,2405 1816,2403 1908,2401 2001,2399"/>
                <TextEquiv>
                    <Unicode>Mesalliance verweigerten. Vernünf= deren, ganz infamen und unerhörten Schimpf anzu¬</Unicode>
                </TextEquiv>
            </TextLine>
            <TextLine id="r1l70" custom="readingOrder {index:69;}">
                <Coords points="2006,2440 3110,2449 3109,2376 2005,2407"/>
                <Baseline points="2025,2447 2078,2446 2131,2445 2185,2444 2238,2443 2291,2442 2345,2441 2398,2440 2451,2439 2505,2438 2558,2438 2611,2437 2665,2435 2718,2435 2771,2434 2825,2432 2878,2432 2931,2430 2985,2429 3038,2428 3092,2427"/>
                <TextEquiv>
                    <Unicode>Prinzessin daran erinnert, daß am Tage darauf</Unicode>
                </TextEquiv>
            </TextLine>
            <TextLine id="r1l71" custom="readingOrder {index:70;}">
                <Coords points="141,2514 2016,2456 1876,2401 140,2452"/>
                <Baseline points="159,2490 251,2488 343,2486 435,2484 527,2482 619,2480 711,2478 803,2476 895,2474 987,2472 1079,2470 1171,2468 1263,2466 1355,2464 1447,2462 1539,2461 1631,2459 1723,2457 1815,2455 1907,2453 1999,2451"/>
                <TextEquiv>
                    <Unicode>scheint die Angelegenheit zwar schmerz=tun. „Ganz insgeheim schleich ich mich zu ihr ...</Unicode>
                </TextEquiv>
            </TextLine>
            <TextLine id="r1l72" custom="readingOrder {index:71;}">
                <Coords points="2007,2501 3115,2488 3092,2430 2006,2443"/>
                <Baseline points="2025,2495 2078,2494 2132,2493 2185,2492 2239,2491 2292,2490 2346,2489 2399,2488 2453,2488 2506,2486 2560,2485 2614,2484 2667,2484 2721,2482 2774,2482 2828,2480 2881,2479 2935,2478 2988,2477 3042,2476 3096,2475"/>
                <TextEquiv>
                    <Unicode>den Valois die Krone von Frankreich gehören würde.</Unicode>
                </TextEquiv>
            </TextLine>
            <TextLine id="r1l73" custom="readingOrder {index:72;}">
                <Coords points="151,2557 1983,2515 2018,2456 149,2503"/>
                <Baseline points="170,2540 261,2538 353,2536 444,2534 536,2532 627,2530 719,2528 810,2526 902,2525 993,2523 1085,2521 1177,2519 1268,2517 1360,2514 1451,2512 1543,2509 1634,2507 1726,2505 1817,2502 1909,2499 2001,2496"/>
                <TextEquiv>
                    <Unicode>fltig beglichen und ausgetragen. Allein Aber von ihr fort über die große Treppe und es</Unicode>
                </TextEquiv>
            </TextLine>
            <TextLine id="r1l74" custom="readingOrder {index:73;}">
                <Coords points="2010,2546 3067,2538 3114,2519 3114,2475 2009,2503"/>
                <Baseline points="2029,2541 2082,2541 2135,2541 2189,2541 2242,2541 2295,2540 2349,2540 2402,2539 2455,2538 2509,2537 2562,2536 2615,2535 2669,2534 2722,2532 2775,2531 2829,2530 2882,2528 2935,2527 2989,2526 3042,2525 3096,2524"/>
                <TextEquiv>
                    <Unicode>Als ob er das nicht schon früher hätte wissen können!</Unicode>
                </TextEquiv>
            </TextLine>
            <TextLine id="r1l75" custom="readingOrder {index:74;}">
                <Coords points="1713,2565 1804,2560 1826,2574 1840,2559 1903,2562 1924,2547 1947,2569 1990,2550 2027,2560 2026,2502 1979,2514 1938,2499 1854,2504 1818,2520 1803,2509 1712,2514"/>
                <Baseline points="1729,2551 1754,2550 1779,2550 1804,2550 1830,2550 1855,2550 1880,2550 1905,2549 1931,2549 1956,2548 1981,2547 2007,2545"/>
                <TextEquiv>
                    <Unicode>nein, sie zu¬</Unicode>
                </TextEquiv>
            </TextLine>
            <TextLine id="r1l76" custom="readingOrder {index:75;}">
                <Coords points="150,2601 1733,2540 149,2536"/>
                <Baseline points="170,2588 247,2587 324,2585 401,2583 479,2582 556,2580 633,2579 710,2577 788,2576 865,2574 942,2573 1019,2571 1097,2570 1174,2568 1251,2566 1328,2564 1406,2562 1483,2559 1560,2557 1637,2554 1715,2551"/>
                <TextEquiv>
                    <Unicode>F Bruder des ertrunkenen Mädchens, ihnen dann ins Gesicht schreien.</Unicode>
                </TextEquiv>
            </TextLine>
            <TextLine id="r1l77" custom="readingOrder {index:76;}">
                <Coords points="2017,2606 3110,2581 3109,2530 2016,2548"/>
                <Baseline points="2034,2596 2086,2594 2139,2592 2192,2590 2245,2589 2298,2587 2351,2586 2404,2585 2457,2585 2510,2584 2563,2583 2615,2582 2668,2581 2721,2581 2774,2579 2827,2578 2880,2576 2933,2574 2986,2572 3039,2570 3092,2566"/>
                <TextEquiv>
                    <Unicode>Jetzt will er nämlich wieder seinen, von den Fran¬</Unicode>
                </TextEquiv>
            </TextLine>
            <TextLine id="r1l78" custom="readingOrder {index:77;}">
                <Coords points="158,2641 2013,2633 2011,2548 1934,2536 157,2590"/>
                <Baseline points="175,2635 266,2634 357,2633 448,2631 539,2630 630,2628 721,2626 812,2624 903,2622 994,2620 1085,2618 1176,2616 1267,2614 1358,2612 1449,2609 1540,2607 1631,2604 1722,2602 1813,2600 1904,2598 1995,2595"/>
                <TextEquiv>
                    <Unicode>An der Leiche seiner Schwester „ist sammenrufen alle, Herrschaft und Lakaien, noch in</Unicode>
                </TextEquiv>
            </TextLine>
            <TextLine id="r1l79" custom="readingOrder {index:78;}">
                <Coords points="2022,2661 3115,2636 3114,2577 2021,2602"/>
                <Baseline points="2038,2644 2090,2642 2143,2639 2196,2638 2249,2636 2302,2635 2355,2634 2408,2633 2461,2632 2514,2632 2567,2631 2619,2630 2672,2630 2725,2629 2778,2628 2831,2626 2884,2624 2937,2622 2990,2620 3043,2616 3096,2613"/>
                <TextEquiv>
                    <Unicode>zosen, einer Kleinigkeit wegen, standrechtlich erschos¬</Unicode>
                </TextEquiv>
            </TextLine>
            <TextLine id="r1l80" custom="readingOrder {index:79;}">
                <Coords points="942,2675 1787,2648 1930,2671 1929,2605 941,2627"/>
                <Baseline points="959,2666 1006,2665 1054,2663 1101,2662 1149,2661 1197,2660 1244,2660 1292,2659 1339,2659 1387,2658 1435,2658 1482,2657 1530,2656 1577,2656 1625,2655 1673,2654 1720,2652 1768,2651 1815,2649 1863,2646 1911,2644"/>
                <TextEquiv>
                    <Unicode>der Nacht, wenn ich sie in meinen Armen habe.</Unicode>
                </TextEquiv>
            </TextLine>
            <TextLine id="r1l81" custom="readingOrder {index:80;}">
                <Coords points="148,2700 952,2666 951,2615 845,2640 147,2642"/>
                <Baseline points="166,2684 204,2684 242,2684 281,2683 319,2683 357,2682 396,2681 434,2680 472,2679 511,2678 549,2677 587,2676 626,2675 664,2674 702,2673 741,2672 779,2671 817,2670 856,2669 894,2669 933,2668"/>
                <TextEquiv>
                    <Unicode>kein guter Hauch von ihm aus“, und</Unicode>
                </TextEquiv>
            </TextLine>
            <TextLine id="r1l82" custom="readingOrder {index:81;}">
                <Coords points="947,2729 3027,2683 3110,2630 945,2674"/>
                <Baseline points="963,2713 1069,2712 1176,2711 1282,2710 1389,2708 1495,2706 1602,2704 1708,2701 1815,2699 1921,2696 2028,2693 2135,2691 2241,2688 2348,2685 2454,2682 2561,2679 2667,2676 2774,2673 2880,2671 2987,2668 3094,2666"/>
                <TextEquiv>
                    <Unicode>Diese saubere Vorstellung verläßt ihn nicht. „Undssenen Oheim Eschenbacher rächen; aber jene Er¬</Unicode>
                </TextEquiv>
            </TextLine>
            <TextLine id="r1l83" custom="readingOrder {index:82;}">
                <Coords points="183,2736 311,2729 348,2751 753,2719 948,2737 946,2667 182,2696"/>
                <Baseline points="201,2732 237,2732 273,2732 310,2732 346,2731 382,2730 419,2730 455,2728 491,2727 528,2726 564,2724 600,2723 637,2722 673,2721 709,2720 746,2719 782,2719 818,2719 855,2719 891,2720 928,2722"/>
                <TextEquiv>
                    <Unicode>heut geschah, das ist ein Anfang,</Unicode>
                </TextEquiv>
            </TextLine>
            <TextLine id="r1l84" custom="readingOrder {index:83;}">
                <Coords points="936,2781 3104,2734 3121,2678 934,2722"/>
                <Baseline points="953,2767 1060,2765 1167,2763 1275,2761 1382,2758 1490,2756 1597,2754 1705,2751 1812,2749 1920,2746 2027,2744 2134,2742 2242,2739 2349,2736 2457,2734 2564,2731 2672,2728 2779,2725 2887,2723 2994,2720 3102,2717"/>
                <TextEquiv>
                    <Unicode>es kommt die Stunde, da zahl ich's ihnen heim! innerung vergällt ihm den Befreierdolch. „Nun ist</Unicode>
                </TextEquiv>
            </TextLine>
            <TextLine id="r1l85" custom="readingOrder {index:84;}">
                <Coords points="140,2799 699,2770 788,2805 849,2774 945,2780 944,2725 139,2737"/>
                <Baseline points="159,2781 197,2781 235,2781 274,2781 312,2781 351,2780 389,2779 427,2778 466,2777 504,2776 543,2775 581,2774 619,2773 658,2772 696,2770 735,2770 773,2769 811,2769 850,2769 888,2770 927,2771"/>
                <TextEquiv>
                    <Unicode>amit schließt das „Vorspiel“, im Burg¬</Unicode>
                </TextEquiv>
            </TextLine>
            <TextLine id="r1l86" custom="readingOrder {index:85;}">
                <Coords points="933,2827 3110,2802 3130,2725 932,2761"/>
                <Baseline points="953,2815 1066,2815 1180,2814 1293,2813 1407,2810 1521,2808 1634,2805 1748,2802 1862,2798 1975,2795 2089,2791 2202,2787 2316,2784 2430,2781 2543,2778 2657,2775 2771,2774 2884,2772 2998,2772 3112,2772"/>
                <TextEquiv>
                    <Unicode>Die Diener ruf ich zusammen und die Mägde und er angespien und seiner Bestimmung nicht mehr</Unicode>
                </TextEquiv>
            </TextLine>
            <TextLine id="r1l87" custom="readingOrder {index:86;}">
                <Coords points="155,2857 473,2858 513,2831 619,2831 641,2853 692,2825 755,2849 752,2750 511,2791 153,2791"/>
                <Baseline points="173,2830 201,2831 229,2832 257,2832 285,2832 314,2832 342,2831 370,2830 398,2829 426,2828 455,2827 483,2825 511,2824 539,2823 567,2821 596,2821 624,2819 652,2819 680,2818 708,2818 737,2818"/>
                <TextEquiv>
                    <Unicode>heite Bild („Donauschänke“).</Unicode>
                </TextEquiv>
            </TextLine>
            <TextEquiv>
                <Unicode>M
box 26/5
22. Der junge Medandus
Se
Beim Leichenbegangnis der beiden Liedesopfer, sichrei es durch den Flur und lasse den Herzog rufen
Krnhen begegnen sich in damatigen!
lien von sehr ungleichem gesellschaft= die nie könnte das in Wirklichkeit geschehen sein! und die Herzogin und zerre die Prinzessin
unter der Anwesenheit beider Familien und deren laus dem zerwühlten Bett, nackt über
7
die des Buchhändlers Klähr, der
Freundschaften in einem gemeinsamen Grabesdie Treppe
Jahre vorher, als die Franzosen
Ein lieber Narr! Und dabei hat die Frauens¬
n Wien waren, im Zusammenhange gebettet werden, beleidigt der Rappelkopf die
sperion, wie schlecht sie auch sein mag, vorlüufig
Schwester des mit seiner Schwester vereint gestor¬
guis seinen Tod gefunden hat, und
noch nichts getan, als ihm ein paar Blumen und
n, körperlich und geistig erblindeten benen Prinzen und reizt einen anderen Verwandten
Liebesworte gesendet! Taninene animis Viennen¬
derselben, den Marquis Bernard von Valois, zum
lois, der von den fortgesetzten Siegen
Duell. Das sind zwei Personen, deren Standesbe=fsibus ire? Die Gelegenheit zur Ausführung seines
n baldigen Sturz und seine eigene
schnöden Vorhabens ergibt sich bald; aber da findet
en Thron Frankreichs erwartet. In griffe er sich wohl vorstellen kann, die aber doch
der hochherzige Jüngling: „Es eilt nicht so
das soeben geschehene Unglück nicht unmittelbar ver¬
ki ist je ein Sohn und eine Tochter:
ssehr. Es ist ja abgemacht, daß ich heute Nachts
schuldet haben, und die von demselben ebenfalls
— es
bei Liebespaare. Die traurige, aber
wiederkomme, und morgen und übermorgen
schmerzlich betroffen sind. Bei diesem Zusammen¬
sschichte des einen erledigt sich schon
ist noch nichts versäumt. ... Und sie ist schön, Etzelt,
treffen findet Medardus die Liebe der Prinzessin
Denn da die Eltern des zukünftigen
sehr schön, die Prinzessin, warumsoll mannicht
Helene, die sich nichts daraus macht, „hochmütig
Franz von Valois in dessen Ver¬
[ein paar wunderbare Nächte haben?“ Es
mörderischer Finger“ geziehen zu werden. Sie sendet
der Wiener Buchhändlerstochter be¬
ist merkwürdig, wie praktisch manchmal die Ver¬
ihm die Blumen, deren Niederlegung auf dem Grabe
um keinen Preis einwilligen, die
rückten sind! Und wie inkonsequent! Derselbe junge
ihres Bruders er ihr brutal verboten, auf sein
svischen den beiden Liebesleuten aber
Medardus, der sich die Schönheit seines Opfers wohl
Krankenlager, nachdem er im Duell einen gefähr¬
vorgeschritten ist, so stürzen sich diese
behagen läßt, ehe er sein niederträchtiges Vorhaben
lichen Degenstich nahe beim Herzen davongetragen.
donau und ertrinken. Nun sollte man
ins Werk setzt (das letztere unterbleibt aber doch, weil
Einen andern, gefährlicheren Stich scheint er aber
derselbe Medardus ist
liderseitigen Eltern wären damit hin¬
er sich die Sache überlegt)
ins Hirn bekommen zu haben; denn nun nimmt
t: die einen dafür, daß sie auf das
später fest entschlossen, das korsische Ungeheuer in
besser achtgegeben haben, die andern er sich vor, nicht nur in den Armen der Prinzessin
 dem angehenden Dauphin die Er zu schwelgen, sondern dieser auch noch einen beson= Schönbrunn niederzustechen und Wien vom Tyrannen
zu befreien; er tut es aber wieder nicht, weil ihn die
Mesalliance verweigerten. Vernünf= deren, ganz infamen und unerhörten Schimpf anzu¬
Prinzessin daran erinnert, daß am Tage darauf
scheint die Angelegenheit zwar schmerz=tun. „Ganz insgeheim schleich ich mich zu ihr ...
den Valois die Krone von Frankreich gehören würde.
fltig beglichen und ausgetragen. Allein Aber von ihr fort über die große Treppe und es
Als ob er das nicht schon früher hätte wissen können!
nein, sie zu¬
F Bruder des ertrunkenen Mädchens, ihnen dann ins Gesicht schreien.
Jetzt will er nämlich wieder seinen, von den Fran¬
An der Leiche seiner Schwester „ist sammenrufen alle, Herrschaft und Lakaien, noch in
zosen, einer Kleinigkeit wegen, standrechtlich erschos¬
der Nacht, wenn ich sie in meinen Armen habe.
kein guter Hauch von ihm aus“, und
Diese saubere Vorstellung verläßt ihn nicht. „Undssenen Oheim Eschenbacher rächen; aber jene Er¬
heut geschah, das ist ein Anfang,
es kommt die Stunde, da zahl ich's ihnen heim! innerung vergällt ihm den Befreierdolch. „Nun ist
amit schließt das „Vorspiel“, im Burg¬
Die Diener ruf ich zusammen und die Mägde und er angespien und seiner Bestimmung nicht mehr
heite Bild („Donauschänke“).</Unicode>
            </TextEquiv>
        </TextRegion>
    </Page>
</PcGts>
