<?xml version="1.0" encoding="UTF-8" standalone="yes"?>
<PcGts xmlns="http://schema.primaresearch.org/PAGE/gts/pagecontent/2013-07-15" xmlns:xsi="http://www.w3.org/2001/XMLSchema-instance" xsi:schemaLocation="http://schema.primaresearch.org/PAGE/gts/pagecontent/2013-07-15 http://schema.primaresearch.org/PAGE/gts/pagecontent/2013-07-15/pagecontent.xsd">
    <Metadata>
        <Creator>prov=University of Rostock/Institute of Mathematics/CITlab/Gundram Leifert/gundram.leifert@uni-rostock.de:name=ONB_Newseye_GT_M1+(htr_id=10810)::::v=2.4.2
prov=University of Rostock/Institute of Mathematics/CITlab/Tobias Gruening/tobias.gruening@uni-rostock.de:name=de.uros.citlab.module.baseline2polygon.B2PSeamMultiOriented:v=2.4.2
prov=University of Rostock/Institute of Mathematics/CITlab/Tobias Gruening/tobias.gruening@uni-rostock.de:name=/mnt/transkribus/LA/DEA/URO/LA_news_onb_att.pb:de.uros.citlab.segmentation.CITlab_LA_ML:v=2.4.2
Transkribus</Creator>
        <Created>2019-10-07T11:15:37.359+02:00</Created>
        <LastChange>2019-10-08T01:17:42.523+02:00</LastChange>
        <TranskribusMetadata docId="223966" pageId="9497004" pageNr="246" tsid="16494716" status="IN_PROGRESS" userId="40391" imgUrl="https://files.transkribus.eu/Get?id=ONODNPPFFFTHZJRWEWGKRESJ&amp;fileType=view" xmlUrl="https://files.transkribus.eu/Get?id=YLGSIRCKXIJQASGTOOKAOQVO" imageId="6187231"/>
    </Metadata>
    <Page imageFilename="223966_0246.jpeg" imageWidth="3392" imageHeight="4480">
        <ReadingOrder>
            <OrderedGroup id="ro_1711440598678" caption="Regions reading order">
                <RegionRefIndexed index="0" regionRef="r1"/>
                <RegionRefIndexed index="1" regionRef="r2"/>
            </OrderedGroup>
        </ReadingOrder>
        <TextRegion orientation="0.0" id="r1" custom="readingOrder {index:0;}">
            <Coords points="232,242 232,3825 2661,3825 2661,242"/>
            <TextLine id="r1l1" custom="readingOrder {index:0;}">
                <Coords points="1550,263 1667,291 1723,291 1749,272 1920,286 2028,272 2028,220 2000,227 1953,199 1899,213 1847,199 1770,244 1684,204 1627,221 1599,207 1550,230"/>
                <Baseline points="1561,270 1586,268 1611,267 1636,267 1661,267 1687,267 1712,267 1737,268 1762,268 1788,269 1813,269 1838,270 1863,270 1888,270 1914,269 1939,269 1964,267 1989,265 2015,262"/>
                <TextEquiv>
                    <Unicode>box 26/6</Unicode>
                </TextEquiv>
            </TextLine>
            <TextLine id="r1l2" custom="readingOrder {index:1;}">
                <Coords points="220,299 1407,295 1407,257 1349,240 1040,237 999,272 918,236 220,253"/>
                <Baseline points="232,275 290,279 348,280 406,283 464,285 523,287 581,288 639,289 697,290 755,291 814,292 872,292 930,292 988,292 1046,292 1105,292 1163,291 1221,291 1279,290 1337,289 1396,288"/>
                <TextEquiv>
                    <Unicode>22. Jer lunge eudraus</Unicode>
                </TextEquiv>
            </TextLine>
            <TextLine id="r1l3" custom="readingOrder {index:2;}">
                <Coords points="781,806 2673,805 2629,756 781,761"/>
                <Baseline points="792,799 885,800 978,802 1072,803 1165,804 1259,804 1352,805 1446,805 1539,805 1633,805 1726,805 1819,805 1913,805 2006,804 2100,804 2193,804 2287,804 2380,803 2474,803 2567,803 2661,803"/>
                <TextEquiv>
                    <Unicode>WENTTTTTTTTTTTTZTETTTTTTTTTTTETTTTTTTTTTTTTTTTTTTTTTTTTTAATT</Unicode>
                </TextEquiv>
            </TextLine>
            <TextLine id="r1l4" custom="readingOrder {index:3;}">
                <Coords points="769,837 787,836 794,839 811,835 822,841 836,842 839,805 827,804 825,801 823,803 806,802 792,806 788,801 771,800"/>
                <Baseline points="782,827 825,830"/>
                <TextEquiv>
                    <Unicode>*</Unicode>
                </TextEquiv>
            </TextLine>
            <TextLine id="r1l5" custom="readingOrder {index:4;}">
                <Coords points="770,863 793,860 798,865 815,868 821,860 835,859 833,831 821,832 817,837 814,835 807,835 805,838 800,836 786,838 784,835 767,837"/>
                <Baseline points="781,859 823,855"/>
                <TextEquiv>
                    <Unicode>1</Unicode>
                </TextEquiv>
            </TextLine>
            <TextLine id="r1l6" custom="readingOrder {index:5;}">
                <Coords points="774,891 791,891 800,897 810,894 815,899 817,896 842,895 840,855 824,858 815,868 796,864 791,860 773,861"/>
                <Baseline points="786,888 830,886"/>
                <TextEquiv>
                    <Unicode>*</Unicode>
                </TextEquiv>
            </TextLine>
            <TextLine id="r1l7" custom="readingOrder {index:6;}">
                <Coords points="2566,932 2580,932 2585,927 2599,922 2610,922 2615,918 2636,918 2636,878 2625,878 2603,897 2601,894 2596,897 2594,894 2589,894 2580,887 2566,887"/>
                <Baseline points="2578,915 2624,915"/>
                <TextEquiv>
                    <Unicode>5</Unicode>
                </TextEquiv>
            </TextLine>
            <TextLine id="r1l8" custom="readingOrder {index:7;}">
                <Coords points="2560,955 2584,956 2588,951 2598,956 2607,953 2640,954 2639,915 2615,918 2609,923 2597,918 2588,928 2573,919 2559,920"/>
                <Baseline points="2572,948 2600,944 2628,946"/>
                <TextEquiv>
                    <Unicode>*</Unicode>
                </TextEquiv>
            </TextLine>
            <TextLine id="r1l9" custom="readingOrder {index:8;}">
                <Coords points="2563,978 2575,978 2582,975 2592,985 2594,982 2608,982 2615,986 2629,986 2628,953 2616,953 2614,956 2605,949 2600,949 2598,952 2586,954 2584,957 2563,960"/>
                <Baseline points="2575,975 2618,974"/>
                <TextEquiv>
                    <Unicode>„</Unicode>
                </TextEquiv>
            </TextLine>
            <TextLine id="r1l10" custom="readingOrder {index:9;}">
                <Coords points="975,1004 2255,1012 2424,963 975,968"/>
                <Baseline points="987,997 1058,998 1129,999 1200,1000 1272,1000 1343,1001 1414,1001 1486,1001 1557,1001 1628,1001 1700,1001 1771,1001 1842,1001 1913,1001 1985,1000 2056,1000 2127,999 2199,999 2270,998 2341,997 2413,997"/>
                <TextEquiv>
                    <Unicode>aufbegehrt; das Außerlichste noch vertieft, die glatteste Oberfläche zer¬</Unicode>
                </TextEquiv>
            </TextLine>
            <TextLine id="r1l11" custom="readingOrder {index:10;}">
                <Coords points="2563,1023 2577,1023 2589,1013 2608,1012 2612,1017 2617,1014 2629,1014 2627,974 2616,975 2609,982 2595,982 2593,985 2583,976 2562,979"/>
                <Baseline points="2574,1004 2616,1003"/>
                <TextEquiv>
                    <Unicode>5</Unicode>
                </TextEquiv>
            </TextLine>
            <TextLine id="r1l12" custom="readingOrder {index:11;}">
                <Coords points="2561,1042 2575,1044 2610,1042 2615,1047 2620,1044 2632,1044 2632,1007 2620,1007 2608,1014 2601,1009 2580,1011 2575,1007 2561,1007"/>
                <Baseline points="2574,1034 2620,1034"/>
                <TextEquiv>
                    <Unicode>*</Unicode>
                </TextEquiv>
            </TextLine>
            <TextLine id="r1l13" custom="readingOrder {index:12;}">
                <Coords points="775,1051 787,1050 807,1042 817,1046 822,1043 827,1047 843,1045 834,977 822,979 814,985 799,984 789,993 768,993"/>
                <Baseline points="786,1038 830,1032"/>
                <TextEquiv>
                    <Unicode>2</Unicode>
                </TextEquiv>
            </TextLine>
            <TextLine id="r1l14" custom="readingOrder {index:13;}">
                <Coords points="971,1045 2380,1060 2441,1041 2441,992 971,1010"/>
                <Baseline points="982,1035 1054,1038 1126,1039 1199,1040 1271,1041 1344,1042 1416,1042 1488,1042 1561,1042 1633,1042 1706,1042 1778,1041 1850,1041 1923,1040 1995,1040 2068,1040 2140,1040 2212,1040 2285,1040 2357,1041 2430,1042"/>
                <TextEquiv>
                    <Unicode>schlägt, um das Innerste zu belichten, die Gebärde in innere Bewegung</Unicode>
                </TextEquiv>
            </TextLine>
            <TextLine id="r1l15" custom="readingOrder {index:14;}">
                <Coords points="2561,1070 2601,1072 2613,1065 2618,1068 2629,1068 2629,1032 2613,1032 2608,1037 2594,1042 2582,1042 2573,1035 2561,1035"/>
                <Baseline points="2574,1064 2618,1064"/>
                <TextEquiv>
                    <Unicode>8</Unicode>
                </TextEquiv>
            </TextLine>
            <TextLine id="r1l16" custom="readingOrder {index:15;}">
                <Coords points="976,1080 1001,1083 1011,1092 1032,1085 1053,1092 1081,1078 1123,1092 1158,1080 1172,1087 1203,1082 1203,1054 1179,1054 1163,1042 1043,1043 1029,1050 1018,1043 975,1045"/>
                <Baseline points="988,1073 1013,1074 1038,1074 1063,1073 1089,1072 1114,1072 1139,1072 1164,1073 1190,1075"/>
                <TextEquiv>
                    <Unicode>umwertet.</Unicode>
                </TextEquiv>
            </TextLine>
            <TextLine id="r1l17" custom="readingOrder {index:16;}">
                <Coords points="2566,1104 2578,1103 2582,1100 2585,1102 2601,1101 2604,1103 2608,1098 2611,1100 2622,1099 2619,1066 2593,1069 2588,1067 2577,1068 2574,1066 2563,1067"/>
                <Baseline points="2578,1092 2610,1089"/>
                <TextEquiv>
                    <Unicode>1</Unicode>
                </TextEquiv>
            </TextLine>
            <TextLine id="r1l18" custom="readingOrder {index:17;}">
                <Coords points="775,1103 789,1102 791,1099 808,1105 824,1103 819,1043 793,1045 787,1052 784,1050 770,1051"/>
                <Baseline points="785,1092 812,1090"/>
                <TextEquiv>
                    <Unicode></Unicode>
                </TextEquiv>
            </TextLine>
            <TextLine id="r1l19" custom="readingOrder {index:18;}">
                <Coords points="1066,1128 2356,1126 2434,1072 1066,1081"/>
                <Baseline points="1077,1112 1144,1113 1211,1114 1278,1115 1346,1116 1413,1116 1480,1116 1548,1116 1615,1116 1682,1115 1750,1115 1817,1115 1884,1114 1951,1114 2019,1114 2086,1113 2153,1113 2221,1113 2288,1114 2355,1114 2423,1115"/>
                <TextEquiv>
                    <Unicode>Ungleich ist der dramatische Gehalt dieser Bühnendichtung. Neben</Unicode>
                </TextEquiv>
            </TextLine>
            <TextLine id="r1l20" custom="readingOrder {index:19;}">
                <Coords points="2562,1129 2576,1128 2580,1125 2588,1132 2590,1129 2595,1129 2604,1130 2614,1136 2635,1135 2632,1097 2620,1098 2613,1092 2608,1097 2601,1095 2580,1099 2575,1095 2571,1100 2559,1101"/>
                <Baseline points="2573,1123 2621,1119"/>
                <TextEquiv>
                    <Unicode>*</Unicode>
                </TextEquiv>
            </TextLine>
            <TextLine id="r1l21" custom="readingOrder {index:20;}">
                <Coords points="773,1136 791,1136 794,1133 801,1133 803,1131 805,1133 808,1131 812,1133 824,1133 824,1100 798,1100 796,1098 789,1098 784,1093 773,1093"/>
                <Baseline points="784,1124 812,1124"/>
                <TextEquiv>
                    <Unicode>1</Unicode>
                </TextEquiv>
            </TextLine>
            <TextLine id="r1l22" custom="readingOrder {index:21;}">
                <Coords points="2567,1154 2579,1154 2586,1161 2588,1158 2607,1162 2612,1157 2624,1168 2636,1167 2633,1121 2621,1121 2619,1124 2617,1121 2605,1127 2591,1127 2582,1123 2580,1126 2565,1126"/>
                <Baseline points="2578,1152 2622,1150"/>
                <TextEquiv>
                    <Unicode>*</Unicode>
                </TextEquiv>
            </TextLine>
            <TextLine id="r1l23" custom="readingOrder {index:22;}">
                <Coords points="766,1159 777,1158 784,1150 801,1163 813,1162 816,1164 820,1159 834,1158 836,1157 834,1129 822,1130 820,1133 801,1130 794,1133 779,1120 762,1122"/>
                <Baseline points="777,1155 823,1151"/>
                <TextEquiv>
                    <Unicode>*</Unicode>
                </TextEquiv>
            </TextLine>
            <TextLine id="r1l24" custom="readingOrder {index:23;}">
                <Coords points="980,1160 2331,1175 2432,1112 980,1118"/>
                <Baseline points="991,1152 1062,1153 1133,1154 1205,1155 1276,1155 1348,1156 1419,1156 1490,1156 1562,1156 1633,1156 1705,1156 1776,1155 1847,1155 1919,1155 1990,1155 2062,1155 2133,1155 2204,1155 2276,1155 2347,1156 2419,1156"/>
                <TextEquiv>
                    <Unicode>Szeuen von episch-ruhigem Fluß und von idyllischer Bewegungslosigkeit</Unicode>
                </TextEquiv>
            </TextLine>
            <TextLine id="r1l25" custom="readingOrder {index:24;}">
                <Coords points="787,1192 801,1193 803,1191 813,1189 815,1192 829,1193 831,1160 820,1159 817,1161 810,1161 808,1158 789,1157"/>
                <Baseline points="800,1180 818,1181"/>
                <TextEquiv>
                    <Unicode>A</Unicode>
                </TextEquiv>
            </TextLine>
            <TextLine id="r1l26" custom="readingOrder {index:25;}">
                <Coords points="2560,1183 2577,1181 2587,1190 2601,1189 2608,1193 2621,1180 2633,1179 2630,1149 2616,1150 2605,1160 2586,1159 2579,1153 2570,1161 2558,1162"/>
                <Baseline points="2572,1184 2597,1180 2622,1180"/>
                <TextEquiv>
                    <Unicode>*</Unicode>
                </TextEquiv>
            </TextLine>
            <TextLine id="r1l27" custom="readingOrder {index:26;}">
                <Coords points="975,1195 2422,1187 975,1160"/>
                <Baseline points="987,1192 1058,1193 1129,1193 1200,1194 1271,1194 1343,1195 1414,1195 1485,1195 1556,1196 1627,1196 1699,1196 1770,1196 1841,1196 1912,1196 1983,1195 2055,1195 2126,1195 2197,1195 2268,1194 2339,1194 2411,1194"/>
                <TextEquiv>
                    <Unicode>(Idylle im ursprünglichen Sinne des Wortes) ereignen sich Szenen, die</Unicode>
                </TextEquiv>
            </TextLine>
            <TextLine id="r1l28" custom="readingOrder {index:27;}">
                <Coords points="982,1247 2338,1250 2429,1234 2429,1192 982,1204"/>
                <Baseline points="994,1230 1065,1231 1136,1232 1207,1233 1278,1234 1349,1235 1420,1235 1492,1236 1563,1236 1634,1236 1705,1236 1776,1236 1847,1236 1918,1236 1990,1236 2061,1235 2132,1235 2203,1234 2274,1233 2345,1233 2417,1232"/>
                <TextEquiv>
                    <Unicode>über ihre Spannungsmöglichkeit hinausgeschwellt sind, Funken stieben</Unicode>
                </TextEquiv>
            </TextLine>
            <TextLine id="r1l29" custom="readingOrder {index:28;}">
                <Coords points="2567,1247 2579,1247 2586,1251 2590,1246 2602,1248 2604,1245 2614,1254 2631,1256 2627,1190 2611,1191 2608,1194 2606,1191 2564,1194"/>
                <Baseline points="2579,1239 2619,1237"/>
                <TextEquiv>
                    <Unicode>:</Unicode>
                </TextEquiv>
            </TextLine>
            <TextLine id="r1l30" custom="readingOrder {index:29;}">
                <Coords points="974,1281 2229,1290 2430,1274 2430,1234 974,1248"/>
                <Baseline points="985,1273 1056,1272 1128,1272 1199,1272 1271,1272 1343,1272 1414,1272 1486,1273 1558,1273 1629,1273 1701,1274 1773,1274 1844,1274 1916,1274 1988,1274 2059,1274 2131,1273 2203,1273 2274,1272 2346,1270 2418,1269"/>
                <TextEquiv>
                    <Unicode>und knistern, bis sie zu dramatischen Entladungen werden, die er¬</Unicode>
                </TextEquiv>
            </TextLine>
            <TextLine id="r1l31" custom="readingOrder {index:30;}">
                <Coords points="2560,1298 2576,1296 2588,1307 2612,1305 2603,1189 2586,1190 2575,1198 2568,1191 2551,1195"/>
                <Baseline points="2572,1300 2600,1298"/>
                <TextEquiv>
                    <Unicode></Unicode>
                </TextEquiv>
            </TextLine>
            <TextLine id="r1l32" custom="readingOrder {index:31;}">
                <Coords points="979,1313 2421,1301 979,1278"/>
                <Baseline points="991,1311 1061,1311 1132,1311 1203,1312 1274,1312 1345,1312 1416,1312 1487,1312 1558,1312 1629,1312 1700,1312 1770,1311 1841,1311 1912,1311 1983,1311 2054,1311 2125,1311 2196,1311 2267,1311 2338,1312 2409,1312"/>
                <TextEquiv>
                    <Unicode>barmungslos drauf und dran wettern mit einer muskulösen Sieghaf¬</Unicode>
                </TextEquiv>
            </TextLine>
            <TextLine id="r1l33" custom="readingOrder {index:32;}">
                <Coords points="981,1364 1002,1359 1011,1366 1049,1369 1056,1364 1072,1369 1110,1355 1117,1362 1152,1362 1152,1324 1136,1322 1131,1327 1112,1315 1093,1315 1084,1324 1051,1315 1037,1324 1023,1315 981,1312"/>
                <Baseline points="993,1346 1022,1348 1052,1348 1081,1348 1111,1348 1141,1347"/>
                <TextEquiv>
                    <Unicode>tigkeit.</Unicode>
                </TextEquiv>
            </TextLine>
            <TextLine id="r1l34" custom="readingOrder {index:33;}">
                <Coords points="2573,1362 2594,1363 2596,1366 2603,1364 2608,1367 2613,1362 2624,1363 2628,1312 2612,1311 2605,1305 2577,1306"/>
                <Baseline points="2585,1354 2614,1356"/>
                <TextEquiv>
                    <Unicode>*</Unicode>
                </TextEquiv>
            </TextLine>
            <TextLine id="r1l35" custom="readingOrder {index:34;}">
                <Coords points="2573,1398 2584,1398 2589,1394 2599,1395 2601,1393 2606,1393 2611,1389 2615,1394 2627,1395 2628,1374 2614,1373 2606,1365 2575,1363"/>
                <Baseline points="2585,1384 2615,1386"/>
                <TextEquiv>
                    <Unicode>*</Unicode>
                </TextEquiv>
            </TextLine>
            <TextLine id="r1l36" custom="readingOrder {index:35;}">
                <Coords points="1054,1400 2351,1411 2417,1404 2417,1359 1054,1367"/>
                <Baseline points="1066,1396 1132,1397 1199,1398 1266,1399 1333,1400 1400,1400 1467,1401 1534,1401 1601,1402 1668,1402 1735,1402 1801,1402 1868,1401 1935,1401 2002,1401 2069,1400 2136,1399 2203,1398 2270,1398 2337,1397 2404,1395"/>
                <TextEquiv>
                    <Unicode>Dann: immer diese dichterische Ruhe im Symbolischen, diese Selbst¬</Unicode>
                </TextEquiv>
            </TextLine>
            <TextLine id="r1l37" custom="readingOrder {index:36;}">
                <Coords points="2574,1420 2599,1424 2609,1420 2616,1422 2623,1416 2635,1416 2637,1388 2618,1387 2616,1390 2611,1389 2608,1391 2594,1388 2587,1393 2575,1392"/>
                <Baseline points="2586,1411 2624,1413"/>
                <TextEquiv>
                    <Unicode>*</Unicode>
                </TextEquiv>
            </TextLine>
            <TextLine id="r1l38" custom="readingOrder {index:37;}">
                <Coords points="977,1446 2344,1452 2429,1405 977,1406"/>
                <Baseline points="989,1433 1060,1435 1131,1436 1203,1438 1274,1439 1345,1439 1417,1440 1488,1441 1559,1441 1631,1441 1702,1441 1773,1441 1845,1441 1916,1441 1987,1440 2059,1440 2130,1439 2201,1438 2273,1438 2344,1437 2416,1436"/>
                <TextEquiv>
                    <Unicode>verständlichkeit des Künstlers, der deutet und mit tieferem Sinne ver¬</Unicode>
                </TextEquiv>
            </TextLine>
            <TextLine id="r1l39" custom="readingOrder {index:38;}">
                <Coords points="970,1492 2431,1473 2314,1435 970,1446"/>
                <Baseline points="983,1475 1054,1476 1126,1477 1198,1478 1270,1479 1342,1480 1414,1480 1485,1481 1557,1481 1629,1482 1701,1482 1773,1482 1845,1482 1917,1482 1988,1481 2060,1481 2132,1480 2204,1479 2276,1478 2348,1477 2420,1476"/>
                <TextEquiv>
                    <Unicode>gleicht. Ein Symbol etwa: „Der uralte Mann“, der Todlose, Ewige. Es</Unicode>
                </TextEquiv>
            </TextLine>
            <TextLine id="r1l40" custom="readingOrder {index:39;}">
                <Coords points="2559,1508 2587,1512 2601,1510 2608,1517 2625,1515 2625,1449 2610,1449 2606,1454 2592,1454 2585,1449 2573,1456 2559,1456"/>
                <Baseline points="2571,1501 2613,1501"/>
                <TextEquiv>
                    <Unicode>2</Unicode>
                </TextEquiv>
            </TextLine>
            <TextLine id="r1l41" custom="readingOrder {index:40;}">
                <Coords points="981,1524 2133,1539 2406,1525 2430,1473 981,1487"/>
                <Baseline points="992,1514 1063,1516 1134,1517 1205,1517 1277,1518 1348,1519 1419,1520 1491,1520 1562,1520 1633,1520 1705,1520 1776,1520 1847,1520 1918,1520 1990,1520 2061,1519 2132,1518 2204,1518 2275,1517 2346,1516 2418,1515"/>
                <TextEquiv>
                    <Unicode>ist nichts neues, man ist diesem Sinnbild ungezählte Male begegnet,</Unicode>
                </TextEquiv>
            </TextLine>
            <TextLine id="r1l42" custom="readingOrder {index:41;}">
                <Coords points="980,1567 2150,1573 2429,1524 980,1532"/>
                <Baseline points="991,1554 1062,1555 1133,1555 1204,1556 1276,1557 1347,1557 1418,1558 1490,1558 1561,1558 1632,1558 1704,1558 1775,1559 1846,1558 1917,1558 1989,1558 2060,1558 2131,1557 2203,1557 2274,1556 2345,1556 2417,1555"/>
                <TextEquiv>
                    <Unicode>aber es ist wundervoll, wie Schnitzler das Symbol in die Gescheh¬</Unicode>
                </TextEquiv>
            </TextLine>
            <TextLine id="r1l43" custom="readingOrder {index:42;}">
                <Coords points="2561,1566 2573,1567 2578,1572 2601,1571 2613,1567 2627,1570 2628,1544 2619,1544 2614,1541 2610,1543 2603,1540 2593,1540 2591,1542 2589,1540 2581,1544 2579,1541 2574,1544 2563,1543"/>
                <Baseline points="2574,1559 2616,1561"/>
                <TextEquiv>
                    <Unicode>*</Unicode>
                </TextEquiv>
            </TextLine>
            <TextLine id="r1l44" custom="readingOrder {index:43;}">
                <Coords points="2568,1594 2580,1594 2585,1599 2592,1601 2601,1599 2608,1604 2620,1592 2632,1592 2632,1566 2613,1566 2610,1569 2599,1569 2596,1566 2582,1564 2580,1566 2568,1566"/>
                <Baseline points="2580,1588 2620,1588"/>
                <TextEquiv>
                    <Unicode>*</Unicode>
                </TextEquiv>
            </TextLine>
            <TextLine id="r1l45" custom="readingOrder {index:44;}">
                <Coords points="979,1606 2398,1606 2438,1554 979,1566"/>
                <Baseline points="990,1592 1061,1593 1133,1594 1205,1595 1277,1596 1349,1596 1420,1596 1492,1596 1564,1596 1636,1596 1708,1596 1779,1596 1851,1595 1923,1595 1995,1595 2067,1595 2138,1594 2210,1594 2282,1594 2354,1594 2426,1595"/>
                <TextEquiv>
                    <Unicode>nisse hineinkomponiert. Und es ist wundervoll, wie er Wienerische</Unicode>
                </TextEquiv>
            </TextLine>
            <TextLine id="r1l46" custom="readingOrder {index:45;}">
                <Coords points="2575,1627 2587,1627 2589,1630 2596,1630 2599,1627 2606,1627 2608,1630 2610,1627 2615,1632 2627,1632 2627,1597 2615,1597 2613,1594 2608,1594 2606,1597 2599,1597 2592,1601 2589,1599 2575,1599"/>
                <Baseline points="2586,1618 2616,1618"/>
                <TextEquiv>
                    <Unicode>*</Unicode>
                </TextEquiv>
            </TextLine>
            <TextLine id="r1l47" custom="readingOrder {index:46;}">
                <Coords points="969,1636 2435,1639 2414,1597 969,1601"/>
                <Baseline points="981,1633 1053,1633 1125,1633 1197,1634 1269,1634 1341,1634 1413,1635 1485,1635 1557,1635 1629,1635 1702,1636 1774,1636 1846,1636 1918,1636 1990,1635 2062,1635 2134,1635 2206,1634 2278,1633 2350,1632 2423,1631"/>
                <TextEquiv>
                    <Unicode>Luft und Wienerisches Licht über den bunten Bildern festzuhalten weiß.</Unicode>
                </TextEquiv>
            </TextLine>
            <TextLine id="r1l48" custom="readingOrder {index:47;}">
                <Coords points="967,1681 2348,1688 2428,1677 2428,1637 967,1639"/>
                <Baseline points="979,1673 1050,1673 1122,1673 1194,1673 1266,1673 1338,1673 1410,1673 1481,1673 1553,1673 1625,1673 1697,1673 1769,1673 1841,1673 1913,1673 1984,1673 2056,1673 2128,1673 2200,1673 2272,1673 2344,1673 2416,1674"/>
                <TextEquiv>
                    <Unicode>Man spürt diese Luft. Spürt sie aus imponderablen Unfaßbarkeiten, und</Unicode>
                </TextEquiv>
            </TextLine>
            <TextLine id="r1l49" custom="readingOrder {index:48;}">
                <Coords points="975,1716 2316,1727 2429,1711 2429,1675 975,1681"/>
                <Baseline points="986,1712 1057,1712 1129,1712 1200,1712 1272,1712 1343,1712 1415,1712 1486,1712 1558,1711 1629,1711 1701,1711 1772,1711 1844,1711 1915,1711 1987,1711 2058,1711 2130,1711 2201,1712 2273,1712 2344,1712 2416,1712"/>
                <TextEquiv>
                    <Unicode>atmet sie, die noch gewürzt ist von dem Geruche jener Epoche; so</Unicode>
                </TextEquiv>
            </TextLine>
            <TextLine id="r1l50" custom="readingOrder {index:49;}">
                <Coords points="981,1757 2437,1749 2413,1711 981,1717"/>
                <Baseline points="993,1750 1064,1750 1136,1750 1207,1750 1279,1750 1351,1750 1422,1750 1494,1750 1565,1750 1637,1750 1709,1750 1780,1750 1852,1750 1923,1750 1995,1750 2067,1749 2138,1749 2210,1749 2281,1749 2353,1748 2425,1748"/>
                <TextEquiv>
                    <Unicode>schmeckt der Duft von Wildbächen zur Zeit der Schneeschmelze. All'</Unicode>
                </TextEquiv>
            </TextLine>
            <TextLine id="r1l51" custom="readingOrder {index:50;}">
                <Coords points="979,1792 2424,1784 2398,1747 979,1757"/>
                <Baseline points="991,1788 1062,1789 1133,1789 1204,1790 1275,1790 1346,1790 1417,1790 1488,1790 1559,1789 1630,1789 1701,1789 1772,1788 1843,1788 1914,1788 1985,1788 2056,1787 2127,1787 2198,1787 2269,1788 2340,1788 2412,1789"/>
                <TextEquiv>
                    <Unicode>diese Feinheit und Delikatesse neben grellen Aeußerlichkeiten. Wie</Unicode>
                </TextEquiv>
            </TextLine>
            <TextLine id="r1l52" custom="readingOrder {index:51;}">
                <Coords points="980,1838 2375,1838 2431,1784 980,1792"/>
                <Baseline points="991,1827 1062,1827 1133,1827 1205,1828 1276,1828 1348,1828 1419,1828 1491,1827 1562,1827 1634,1827 1705,1827 1776,1827 1848,1826 1919,1826 1991,1826 2062,1826 2134,1826 2205,1826 2277,1825 2348,1825 2420,1826"/>
                <TextEquiv>
                    <Unicode>fein, daß Napoleon, die Achse, um die hier alle Geschehnisse und Schick¬</Unicode>
                </TextEquiv>
            </TextLine>
            <TextLine id="r1l53" custom="readingOrder {index:52;}">
                <Coords points="770,1845 782,1845 789,1838 798,1836 801,1838 805,1836 829,1838 829,1779 796,1779 791,1784 789,1782 770,1782"/>
                <Baseline points="783,1828 817,1828"/>
                <TextEquiv>
                    <Unicode></Unicode>
                </TextEquiv>
            </TextLine>
            <TextLine id="r1l54" custom="readingOrder {index:53;}">
                <Coords points="972,1888 2367,1879 2423,1832 972,1837"/>
                <Baseline points="984,1867 1055,1867 1126,1867 1198,1868 1269,1868 1341,1868 1412,1867 1483,1867 1555,1867 1626,1867 1698,1867 1769,1867 1840,1866 1912,1866 1983,1866 2055,1866 2126,1866 2197,1866 2269,1866 2340,1866 2412,1866"/>
                <TextEquiv>
                    <Unicode>sale rotieren, nicht auf die Bühne kommt, daß er unsichtbar, allgegen¬</Unicode>
                </TextEquiv>
            </TextLine>
            <TextLine id="r1l55" custom="readingOrder {index:54;}">
                <Coords points="766,1893 783,1890 793,1899 797,1896 806,1895 814,1897 818,1893 820,1895 832,1894 831,1864 803,1865 800,1868 793,1868 779,1859 765,1860"/>
                <Baseline points="777,1887 821,1885"/>
                <TextEquiv>
                    <Unicode>*</Unicode>
                </TextEquiv>
            </TextLine>
            <TextLine id="r1l56" custom="readingOrder {index:55;}">
                <Coords points="973,1904 2430,1894 2429,1859 973,1880"/>
                <Baseline points="986,1908 1057,1907 1129,1907 1200,1907 1272,1906 1344,1906 1415,1906 1487,1906 1558,1906 1630,1906 1702,1906 1773,1906 1845,1906 1916,1906 1988,1906 2060,1905 2131,1905 2203,1905 2274,1904 2346,1904 2418,1903"/>
                <TextEquiv>
                    <Unicode>wärtig ist, daß man seinen Schatten überall wittert und den Drei¬</Unicode>
                </TextEquiv>
            </TextLine>
            <TextLine id="r1l57" custom="readingOrder {index:56;}">
                <Coords points="979,1960 2424,1960 2391,1902 979,1907"/>
                <Baseline points="991,1947 1062,1947 1133,1946 1204,1946 1275,1946 1346,1946 1417,1946 1488,1946 1559,1947 1630,1947 1701,1947 1772,1947 1843,1947 1914,1947 1985,1947 2056,1946 2127,1946 2198,1945 2269,1944 2340,1943 2412,1942"/>
                <TextEquiv>
                    <Unicode>spitz jetzt und jetzt zu sehen meint. Wie psychologisch wahr und</Unicode>
                </TextEquiv>
            </TextLine>
            <TextLine id="r1l58" custom="readingOrder {index:57;}">
                <Coords points="775,1954 787,1954 789,1951 794,1954 796,1951 806,1956 810,1953 819,1953 824,1948 838,1950 836,1896 799,1895 794,1900 784,1891 773,1891"/>
                <Baseline points="786,1946 827,1945"/>
                <TextEquiv>
                    <Unicode>*</Unicode>
                </TextEquiv>
            </TextLine>
            <TextLine id="r1l59" custom="readingOrder {index:58;}">
                <Coords points="769,1988 783,1987 791,1977 799,1983 811,1985 813,1982 818,1982 824,1974 836,1973 834,1950 806,1955 789,1951 787,1954 780,1952 778,1955 766,1956"/>
                <Baseline points="779,1977 825,1973"/>
                <TextEquiv>
                    <Unicode>*</Unicode>
                </TextEquiv>
            </TextLine>
            <TextLine id="r1l60" custom="readingOrder {index:59;}">
                <Coords points="967,1978 2417,1996 2416,1956 2316,1940 967,1938"/>
                <Baseline points="980,1982 1051,1983 1122,1985 1193,1986 1265,1987 1336,1987 1407,1988 1479,1988 1550,1987 1621,1987 1693,1987 1764,1986 1835,1986 1906,1985 1978,1984 2049,1984 2120,1983 2192,1983 2263,1982 2334,1982 2406,1982"/>
                <TextEquiv>
                    <Unicode>doch wieder auf den Effekt gestellt, daneben der brausende Hoch¬</Unicode>
                </TextEquiv>
            </TextLine>
            <TextLine id="r1l61" custom="readingOrder {index:60;}">
                <Coords points="766,2001 782,2000 797,2011 816,2013 824,2003 836,2003 835,1977 807,1980 805,1983 783,1977 776,1980 765,1980"/>
                <Baseline points="777,2003 825,2001"/>
                <TextEquiv>
                    <Unicode>2</Unicode>
                </TextEquiv>
            </TextLine>
            <TextLine id="r1l62" custom="readingOrder {index:61;}">
                <Coords points="976,2030 2434,2035 2434,1995 2341,1986 976,1983"/>
                <Baseline points="988,2017 1059,2020 1131,2022 1203,2023 1274,2024 1346,2025 1418,2025 1489,2025 1561,2025 1633,2025 1705,2024 1776,2024 1848,2023 1920,2023 1991,2022 2063,2022 2135,2022 2206,2022 2278,2023 2350,2023 2422,2024"/>
                <TextEquiv>
                    <Unicode>ruf einer schlappen Wienerschaft, wenn der Große über Tod und Weh</Unicode>
                </TextEquiv>
            </TextLine>
            <TextLine id="r1l63" custom="readingOrder {index:62;}">
                <Coords points="973,2082 2431,2069 2431,2034 2312,2026 973,2030"/>
                <Baseline points="984,2061 1055,2062 1127,2062 1199,2063 1271,2063 1343,2063 1414,2063 1486,2064 1558,2064 1630,2064 1702,2064 1773,2064 1845,2064 1917,2064 1989,2064 2061,2063 2132,2063 2204,2063 2276,2063 2348,2063 2420,2062"/>
                <TextEquiv>
                    <Unicode>hinuntersteigt von der Schönbrunner Freitreppe, für das Publikum um</Unicode>
                </TextEquiv>
            </TextLine>
            <TextLine id="r1l64" custom="readingOrder {index:63;}">
                <Coords points="969,2109 2397,2121 2423,2065 969,2072"/>
                <Baseline points="981,2100 1052,2100 1124,2101 1195,2101 1267,2101 1338,2102 1410,2102 1481,2102 1553,2102 1624,2102 1696,2102 1768,2101 1839,2101 1911,2101 1982,2101 2054,2101 2125,2101 2197,2101 2268,2101 2340,2101 2412,2101"/>
                <TextEquiv>
                    <Unicode>eine glückliche Sekunde zu spät, weil der Vorhang in weiser Recht¬</Unicode>
                </TextEquiv>
            </TextLine>
            <TextLine id="r1l65" custom="readingOrder {index:64;}">
                <Coords points="766,2124 777,2124 784,2119 798,2131 831,2128 831,2070 812,2072 805,2070 796,2074 791,2072 787,2077 777,2072 766,2072"/>
                <Baseline points="778,2121 820,2121"/>
                <TextEquiv>
                    <Unicode>2</Unicode>
                </TextEquiv>
            </TextLine>
            <TextLine id="r1l66" custom="readingOrder {index:65;}">
                <Coords points="979,2149 1014,2147 1037,2161 1094,2149 1311,2159 1312,2105 979,2109"/>
                <Baseline points="990,2135 1015,2136 1041,2138 1067,2139 1093,2139 1119,2138 1145,2138 1170,2138 1196,2137 1222,2137 1248,2137 1274,2138 1300,2139"/>
                <TextEquiv>
                    <Unicode>zeitigkeit fällt.</Unicode>
                </TextEquiv>
            </TextLine>
            <TextLine id="r1l67" custom="readingOrder {index:66;}">
                <Coords points="1059,2193 2420,2195 2419,2152 2300,2136 1059,2149"/>
                <Baseline points="1071,2185 1137,2186 1204,2187 1271,2188 1338,2188 1405,2188 1472,2188 1538,2188 1605,2188 1672,2188 1739,2187 1806,2187 1873,2186 1940,2186 2006,2186 2073,2185 2140,2185 2207,2185 2274,2184 2341,2184 2408,2185"/>
                <TextEquiv>
                    <Unicode>Da wären wir nun glücklich bei den adversativen Bemerkungen:</Unicode>
                </TextEquiv>
            </TextLine>
            <TextLine id="r1l68" custom="readingOrder {index:67;}">
                <Coords points="1050,2235 2418,2227 2369,2190 1050,2191"/>
                <Baseline points="1062,2224 1129,2225 1196,2226 1263,2227 1330,2227 1398,2227 1465,2228 1532,2228 1599,2228 1666,2228 1734,2228 1801,2227 1868,2227 1935,2227 2002,2227 2070,2226 2137,2226 2204,2226 2271,2225 2338,2225 2406,2225"/>
                <TextEquiv>
                    <Unicode>allerdings, freilich, aber... Doch jetzt hat sich unsere Betrüb¬</Unicode>
                </TextEquiv>
            </TextLine>
            <TextLine id="r1l69" custom="readingOrder {index:68;}">
                <Coords points="783,2246 795,2247 800,2243 828,2246 833,2190 822,2189 817,2191 815,2188 789,2186"/>
                <Baseline points="796,2231 818,2233"/>
                <TextEquiv>
                    <Unicode>*</Unicode>
                </TextEquiv>
            </TextLine>
            <TextLine id="r1l70" custom="readingOrder {index:69;}">
                <Coords points="973,2278 985,2277 996,2268 1003,2270 1019,2268 1024,2273 1038,2271 1033,2222 1022,2223 1015,2229 1001,2228 988,2239 985,2236 969,2238"/>
                <Baseline points="984,2264 1026,2260"/>
                <TextEquiv>
                    <Unicode>ni¬</Unicode>
                </TextEquiv>
            </TextLine>
            <TextLine id="r1l71" custom="readingOrder {index:70;}">
                <Coords points="2185,2280 2213,2278 2227,2266 2239,2273 2286,2266 2330,2275 2339,2268 2403,2273 2419,2268 2419,2229 2332,2231 2318,2238 2286,2228 2262,2233 2239,2219 2227,2231 2185,2233"/>
                <Baseline points="2197,2262 2223,2262 2249,2263 2275,2263 2302,2263 2328,2263 2354,2263 2380,2263 2407,2261"/>
                <TextEquiv>
                    <Unicode>wird zum¬</Unicode>
                </TextEquiv>
            </TextLine>
            <TextLine id="r1l72" custom="readingOrder {index:71;}">
                <Coords points="1975,2264 1989,2264 1998,2272 2007,2267 2033,2268 2040,2275 2084,2279 2091,2272 2103,2272 2104,2228 2090,2227 2086,2232 2079,2229 2074,2234 2055,2229 2032,2233 2022,2228 1999,2239 1987,2231 1975,2231"/>
                <Baseline points="1987,2263 2013,2262 2039,2263 2065,2264 2091,2265"/>
                <TextEquiv>
                    <Unicode>aber</Unicode>
                </TextEquiv>
            </TextLine>
            <TextLine id="r1l73" custom="readingOrder {index:72;}">
                <Coords points="1067,2270 1908,2269 1908,2236 1861,2230 1067,2230"/>
                <Baseline points="1080,2261 1120,2263 1161,2264 1202,2266 1243,2266 1283,2267 1324,2267 1365,2267 1406,2267 1446,2266 1487,2266 1528,2265 1569,2265 1609,2264 1650,2264 1691,2264 1732,2264 1772,2264 1813,2264 1854,2265 1895,2266"/>
                <TextEquiv>
                    <Unicode>erholt, und das allerdings ... freilich</Unicode>
                </TextEquiv>
            </TextLine>
            <TextLine id="r1l74" custom="readingOrder {index:73;}">
                <Coords points="1899,2269 1924,2269 1929,2272 1936,2270 1947,2277 1955,2270 1959,2273 1985,2269 1986,2241 1970,2243 1967,2240 1960,2245 1956,2240 1951,2245 1925,2234 1911,2248 1899,2248"/>
                <Baseline points="1910,2266 1942,2264 1974,2268"/>
                <TextEquiv>
                    <Unicode>* *</Unicode>
                </TextEquiv>
            </TextLine>
            <TextLine id="r1l75" custom="readingOrder {index:74;}">
                <Coords points="968,2304 2427,2308 2427,2266 968,2269"/>
                <Baseline points="980,2298 1051,2300 1123,2301 1195,2302 1267,2303 1338,2304 1410,2305 1482,2305 1554,2306 1625,2306 1697,2306 1769,2306 1841,2306 1912,2306 1984,2305 2056,2305 2128,2305 2199,2304 2271,2304 2343,2304 2415,2304"/>
                <TextEquiv>
                    <Unicode>Primären, das schon freudig hinübersteigt über den toten Medardus</Unicode>
                </TextEquiv>
            </TextLine>
            <TextLine id="r1l76" custom="readingOrder {index:75;}">
                <Coords points="773,2330 789,2332 796,2327 801,2330 819,2330 822,2327 826,2332 838,2332 838,2248 822,2250 817,2245 801,2243 789,2252 773,2250"/>
                <Baseline points="784,2322 826,2322"/>
                <TextEquiv>
                    <Unicode>:</Unicode>
                </TextEquiv>
            </TextLine>
            <TextLine id="r1l77" custom="readingOrder {index:76;}">
                <Coords points="970,2362 1078,2330 1146,2360 1207,2337 1387,2360 1792,2351 1792,2316 1750,2308 971,2308"/>
                <Baseline points="983,2338 1022,2338 1062,2339 1102,2339 1142,2340 1182,2340 1222,2341 1261,2341 1301,2342 1341,2342 1381,2342 1421,2342 1461,2343 1501,2343 1540,2343 1580,2343 1620,2343 1660,2343 1700,2343 1740,2343 1780,2342"/>
                <TextEquiv>
                    <Unicode>und neues von dem Dichter erwartet.</Unicode>
                </TextEquiv>
            </TextLine>
            <TextLine id="r1l78" custom="readingOrder {index:77;}">
                <Coords points="775,2351 789,2350 799,2359 813,2361 818,2361 822,2356 827,2355 829,2358 843,2357 842,2320 830,2320 819,2330 802,2328 800,2331 790,2324 774,2325"/>
                <Baseline points="786,2350 832,2348"/>
                <TextEquiv>
                    <Unicode>*</Unicode>
                </TextEquiv>
            </TextLine>
            <TextLine id="r1l79" custom="readingOrder {index:78;}">
                <Coords points="1053,2379 2390,2394 2427,2330 1053,2344"/>
                <Baseline points="1065,2377 1132,2378 1200,2379 1267,2379 1335,2379 1402,2380 1470,2380 1537,2380 1605,2380 1672,2380 1740,2379 1807,2379 1875,2379 1942,2379 2010,2378 2077,2378 2145,2378 2212,2377 2280,2377 2347,2377 2415,2376"/>
                <TextEquiv>
                    <Unicode>Die Aufführung, die das Burgtheater dem Werke angedeihen ließ,</Unicode>
                </TextEquiv>
            </TextLine>
            <TextLine id="r1l80" custom="readingOrder {index:79;}">
                <Coords points="770,2418 782,2418 789,2425 798,2417 810,2417 817,2421 826,2414 838,2414 836,2355 824,2355 810,2361 808,2358 799,2361 794,2359 780,2371 768,2371"/>
                <Baseline points="781,2411 826,2410"/>
                <TextEquiv>
                    <Unicode>3</Unicode>
                </TextEquiv>
            </TextLine>
            <TextLine id="r1l81" custom="readingOrder {index:80;}">
                <Coords points="978,2428 2221,2436 2420,2419 2420,2377 978,2379"/>
                <Baseline points="989,2416 1063,2416 1138,2417 1213,2417 1287,2417 1362,2417 1437,2417 1511,2417 1586,2417 1661,2417 1735,2417 1810,2417 1885,2417 1959,2417 2034,2417 2109,2417 2183,2417 2258,2417 2333,2417 2408,2417"/>
                <TextEquiv>
                    <Unicode>ist einfach über alle Worte erhaben. Man fühlt das verschollene Schlag¬</Unicode>
                </TextEquiv>
            </TextLine>
            <TextLine id="r1l82" custom="readingOrder {index:81;}">
                <Coords points="979,2456 2390,2472 2421,2421 979,2428"/>
                <Baseline points="991,2457 1061,2457 1132,2457 1203,2457 1274,2457 1345,2457 1416,2457 1486,2457 1557,2457 1628,2457 1699,2458 1770,2458 1841,2458 1912,2458 1982,2458 2053,2458 2124,2458 2195,2457 2266,2457 2337,2456 2408,2455"/>
                <TextEquiv>
                    <Unicode>wort wieder Kraft gewinnen: Erste deutsche Bühne! Mit welcher</Unicode>
                </TextEquiv>
            </TextLine>
            <TextLine id="r1l83" custom="readingOrder {index:82;}">
                <Coords points="768,2482 783,2480 787,2483 797,2476 811,2477 818,2472 820,2475 834,2476 837,2424 809,2420 795,2420 788,2424 783,2419 772,2418"/>
                <Baseline points="782,2463 824,2465"/>
                <TextEquiv>
                    <Unicode>*</Unicode>
                </TextEquiv>
            </TextLine>
            <TextLine id="r1l84" custom="readingOrder {index:83;}">
                <Coords points="975,2502 2291,2509 2420,2495 2420,2460 975,2463"/>
                <Baseline points="987,2496 1058,2496 1129,2495 1200,2495 1271,2495 1342,2495 1413,2495 1484,2495 1555,2495 1626,2495 1697,2496 1768,2496 1839,2496 1910,2496 1981,2496 2052,2496 2123,2496 2194,2495 2265,2494 2336,2494 2408,2493"/>
                <TextEquiv>
                    <Unicode>Noblesse, mit welcher ungemeinen Plastik wird dieser gigantische sze¬</Unicode>
                </TextEquiv>
            </TextLine>
            <TextLine id="r1l85" custom="readingOrder {index:84;}">
                <Coords points="786,2506 798,2508 803,2504 812,2506 820,2504 829,2506 834,2478 822,2476 817,2478 815,2475 809,2472 793,2469"/>
                <Baseline points="800,2495 818,2498"/>
                <TextEquiv>
                    <Unicode>*</Unicode>
                </TextEquiv>
            </TextLine>
            <TextLine id="r1l86" custom="readingOrder {index:85;}">
                <Coords points="808,2549 820,2547 832,2535 844,2534 838,2499 827,2501 822,2499 815,2503 801,2505"/>
                <Baseline points="816,2526 830,2524"/>
                <TextEquiv>
                    <Unicode>*</Unicode>
                </TextEquiv>
            </TextLine>
            <TextLine id="r1l87" custom="readingOrder {index:86;}">
                <Coords points="969,2531 2432,2536 2404,2494 969,2503"/>
                <Baseline points="981,2534 1056,2535 1132,2535 1208,2535 1283,2535 1359,2535 1435,2535 1511,2534 1586,2534 1662,2534 1738,2534 1814,2533 1889,2533 1965,2533 2041,2533 2117,2532 2192,2532 2268,2532 2344,2532 2420,2532"/>
                <TextEquiv>
                    <Unicode>nische Apparat bewältigt. Das gesammte Personal der Hofbühne ward</Unicode>
                </TextEquiv>
            </TextLine>
            <TextLine id="r1l88" custom="readingOrder {index:87;}">
                <Coords points="974,2574 2433,2582 2409,2531 974,2534"/>
                <Baseline points="985,2574 1056,2574 1128,2574 1200,2574 1272,2574 1343,2574 1415,2574 1487,2573 1559,2573 1630,2573 1702,2573 1774,2573 1846,2573 1917,2572 1989,2572 2061,2572 2133,2572 2204,2572 2276,2572 2348,2572 2420,2572"/>
                <TextEquiv>
                    <Unicode>hiefür aufgeboten. Welche künstlerische Disziplin im Unterordnen. Um</Unicode>
                </TextEquiv>
            </TextLine>
            <TextLine id="r1l89" custom="readingOrder {index:88;}">
                <Coords points="768,2585 780,2585 784,2582 798,2594 826,2592 826,2536 815,2536 812,2533 798,2533 796,2536 791,2533 784,2536 768,2536"/>
                <Baseline points="779,2586 815,2586"/>
                <TextEquiv>
                    <Unicode>3</Unicode>
                </TextEquiv>
            </TextLine>
            <TextLine id="r1l90" custom="readingOrder {index:89;}">
                <Coords points="978,2611 2432,2613 2048,2567 978,2585"/>
                <Baseline points="990,2613 1061,2613 1133,2613 1204,2613 1276,2613 1347,2612 1419,2612 1490,2612 1562,2612 1633,2612 1705,2611 1776,2611 1848,2611 1919,2611 1991,2611 2062,2611 2134,2611 2205,2611 2277,2611 2348,2611 2420,2612"/>
                <TextEquiv>
                    <Unicode>winzige Episoden nahmen sich die ersten Darsteller mit einer Liebe an,</Unicode>
                </TextEquiv>
            </TextLine>
            <TextLine id="r1l91" custom="readingOrder {index:90;}">
                <Coords points="967,2674 2426,2664 2426,2613 967,2618"/>
                <Baseline points="979,2650 1050,2651 1122,2651 1194,2651 1266,2652 1338,2652 1409,2652 1481,2652 1553,2652 1625,2652 1697,2652 1768,2652 1840,2652 1912,2652 1984,2652 2056,2652 2127,2652 2199,2651 2271,2651 2343,2651 2415,2650"/>
                <TextEquiv>
                    <Unicode>die bewundert werden muß. Hier ist ein Werk geschehen, das vereinzelt</Unicode>
                </TextEquiv>
            </TextLine>
            <TextLine id="r1l92" custom="readingOrder {index:91;}">
                <Coords points="774,2680 792,2677 802,2683 813,2680 816,2683 818,2680 828,2689 842,2686 839,2639 823,2642 817,2650 807,2653 796,2653 786,2644 772,2645"/>
                <Baseline points="785,2673 829,2671"/>
                <TextEquiv>
                    <Unicode>*</Unicode>
                </TextEquiv>
            </TextLine>
            <TextLine id="r1l93" custom="readingOrder {index:92;}">
                <Coords points="969,2691 2423,2707 2423,2665 2357,2656 969,2656"/>
                <Baseline points="981,2691 1052,2691 1124,2691 1195,2691 1267,2691 1338,2691 1410,2692 1481,2692 1553,2691 1624,2691 1696,2691 1768,2691 1839,2691 1911,2691 1982,2691 2054,2690 2125,2690 2197,2689 2268,2689 2340,2689 2412,2688"/>
                <TextEquiv>
                    <Unicode>dastcht, mit ungeheuren Opfern erkauft war und fast restlos gelang.</Unicode>
                </TextEquiv>
            </TextLine>
            <TextLine id="r1l94" custom="readingOrder {index:93;}">
                <Coords points="2561,2735 2575,2735 2583,2739 2585,2736 2590,2739 2604,2736 2608,2738 2620,2737 2619,2702 2607,2703 2602,2708 2586,2708 2584,2706 2579,2711 2560,2709"/>
                <Baseline points="2573,2729 2607,2728"/>
                <TextEquiv>
                    <Unicode>E</Unicode>
                </TextEquiv>
            </TextLine>
            <TextLine id="r1l95" custom="readingOrder {index:94;}">
                <Coords points="981,2732 2419,2735 2377,2695 2105,2684 981,2694"/>
                <Baseline points="992,2730 1062,2730 1133,2730 1204,2730 1275,2731 1345,2731 1416,2731 1487,2731 1558,2731 1628,2731 1699,2730 1770,2730 1841,2730 1911,2730 1982,2729 2053,2729 2124,2728 2194,2728 2265,2727 2336,2727 2407,2726"/>
                <TextEquiv>
                    <Unicode>Glänzend Frau Römpler-Bleibtreu als Mutter Klähr. Resolut.</Unicode>
                </TextEquiv>
            </TextLine>
            <TextLine id="r1l96" custom="readingOrder {index:95;}">
                <Coords points="981,2777 2428,2770 2332,2730 981,2726"/>
                <Baseline points="993,2767 1064,2768 1135,2769 1206,2769 1277,2770 1348,2770 1419,2770 1491,2770 1562,2770 1633,2769 1704,2769 1775,2769 1846,2768 1917,2768 1989,2768 2060,2767 2131,2767 2202,2767 2273,2767 2344,2767 2416,2768"/>
                <TextEquiv>
                    <Unicode>innig, schmerzlich, ergreifend. Sehr rührend Frau Medelsky als</Unicode>
                </TextEquiv>
            </TextLine>
            <TextLine id="r1l97" custom="readingOrder {index:96;}">
                <Coords points="2560,2799 2574,2798 2579,2800 2583,2797 2611,2795 2609,2765 2588,2766 2584,2769 2576,2767 2571,2763 2557,2764"/>
                <Baseline points="2570,2788 2600,2786"/>
                <TextEquiv>
                    <Unicode>W</Unicode>
                </TextEquiv>
            </TextLine>
            <TextLine id="r1l98" custom="readingOrder {index:97;}">
                <Coords points="974,2809 2392,2815 2427,2770 974,2774"/>
                <Baseline points="985,2806 1056,2806 1128,2807 1199,2807 1271,2807 1342,2807 1414,2807 1485,2807 1557,2807 1628,2807 1700,2807 1771,2807 1843,2807 1914,2806 1986,2806 2057,2806 2129,2806 2200,2806 2272,2806 2343,2806 2415,2806"/>
                <TextEquiv>
                    <Unicode>Geliebte, schlicht und echt Frau Mell als Verschmähte. Sie flüchtet mit</Unicode>
                </TextEquiv>
            </TextLine>
            <TextLine id="r1l99" custom="readingOrder {index:98;}">
                <Coords points="976,2862 2432,2846 2416,2808 976,2810"/>
                <Baseline points="987,2845 1058,2846 1130,2847 1201,2847 1273,2847 1345,2847 1416,2847 1488,2847 1560,2847 1631,2847 1703,2846 1775,2846 1846,2846 1918,2845 1990,2845 2061,2845 2133,2845 2205,2845 2276,2845 2348,2845 2420,2846"/>
                <TextEquiv>
                    <Unicode>ihrer Verschmähtheit ganz in sich hinein, verhüllt ihre Bitternis in</Unicode>
                </TextEquiv>
            </TextLine>
            <TextLine id="r1l100" custom="readingOrder {index:99;}">
                <Coords points="771,2845 783,2845 797,2858 802,2856 809,2861 825,2856 830,2860 844,2857 843,2825 832,2825 825,2832 820,2832 811,2828 799,2828 789,2819 771,2819"/>
                <Baseline points="782,2848 807,2848 833,2847"/>
                <TextEquiv>
                    <Unicode>„</Unicode>
                </TextEquiv>
            </TextLine>
            <TextLine id="r1l101" custom="readingOrder {index:100;}">
                <Coords points="771,2884 782,2885 787,2890 796,2886 805,2889 808,2887 819,2890 824,2888 836,2889 838,2856 822,2858 820,2855 803,2859 796,2858 787,2848 773,2847"/>
                <Baseline points="782,2877 825,2880"/>
                <TextEquiv>
                    <Unicode>K</Unicode>
                </TextEquiv>
            </TextLine>
            <TextLine id="r1l102" custom="readingOrder {index:101;}">
                <Coords points="979,2900 2435,2898 2435,2845 979,2855"/>
                <Baseline points="991,2884 1062,2885 1134,2885 1205,2886 1277,2886 1349,2886 1420,2886 1492,2885 1563,2885 1635,2885 1707,2885 1778,2885 1850,2884 1921,2884 1993,2884 2065,2884 2136,2884 2208,2884 2279,2884 2351,2885 2423,2886"/>
                <TextEquiv>
                    <Unicode>resignierte Unaufdringlichkeit. Einzig Frl. Wohlgemuth in ihrer.</Unicode>
                </TextEquiv>
            </TextLine>
            <TextLine id="r1l103" custom="readingOrder {index:102;}">
                <Coords points="777,2922 788,2922 795,2914 802,2919 804,2916 816,2915 823,2920 842,2919 840,2884 829,2884 826,2887 812,2885 810,2888 793,2886 791,2889 775,2890"/>
                <Baseline points="787,2907 829,2905"/>
                <TextEquiv>
                    <Unicode>*</Unicode>
                </TextEquiv>
            </TextLine>
            <TextLine id="r1l104" custom="readingOrder {index:103;}">
                <Coords points="977,2936 2431,2915 2295,2880 977,2885"/>
                <Baseline points="989,2925 1060,2925 1131,2925 1203,2925 1274,2925 1346,2925 1417,2925 1489,2925 1560,2924 1632,2924 1703,2924 1774,2924 1846,2924 1917,2924 1989,2924 2060,2924 2132,2923 2203,2923 2275,2923 2346,2923 2418,2922"/>
                <TextEquiv>
                    <Unicode>grausamen Härte, von stahlhartem Schliff, als Marquise von Valois.</Unicode>
                </TextEquiv>
            </TextLine>
            <TextLine id="r1l105" custom="readingOrder {index:104;}">
                <Coords points="778,2952 797,2949 799,2946 815,2948 846,2944 844,2911 835,2911 825,2917 821,2912 816,2917 792,2911 776,2912"/>
                <Baseline points="790,2938 834,2936"/>
                <TextEquiv>
                    <Unicode>*</Unicode>
                </TextEquiv>
            </TextLine>
            <TextLine id="r1l106" custom="readingOrder {index:105;}">
                <Coords points="972,2959 2377,2969 2429,2918 972,2926"/>
                <Baseline points="984,2963 1055,2963 1127,2963 1198,2964 1270,2964 1342,2964 1413,2964 1485,2964 1556,2964 1628,2964 1700,2964 1771,2964 1843,2964 1914,2964 1986,2963 2058,2963 2129,2962 2201,2961 2272,2960 2344,2959 2416,2958"/>
                <TextEquiv>
                    <Unicode>Dieser gläserne, kühl-klare Ton verläßt einen nicht. Nur Herr Ge¬</Unicode>
                </TextEquiv>
            </TextLine>
            <TextLine id="r1l107" custom="readingOrder {index:106;}">
                <Coords points="2566,2975 2620,2972 2627,2883 2611,2879 2606,2884 2573,2886"/>
                <Baseline points="2579,2962 2609,2964"/>
                <TextEquiv>
                    <Unicode>:</Unicode>
                </TextEquiv>
            </TextLine>
            <TextLine id="r1l108" custom="readingOrder {index:107;}">
                <Coords points="2571,3001 2599,3001 2604,2996 2607,2997 2614,2990 2626,2991 2628,2968 2616,2967 2614,2964 2599,2968 2574,2968"/>
                <Baseline points="2583,2990 2613,2992"/>
                <TextEquiv>
                    <Unicode>1</Unicode>
                </TextEquiv>
            </TextLine>
            <TextLine id="r1l109" custom="readingOrder {index:108;}">
                <Coords points="975,3005 2438,2988 975,2961"/>
                <Baseline points="986,3002 1058,3003 1130,3003 1202,3004 1274,3004 1346,3004 1418,3004 1490,3004 1562,3004 1634,3004 1706,3003 1778,3003 1850,3003 1922,3002 1994,3002 2066,3001 2138,3001 2210,3000 2282,2999 2354,2999 2426,2998"/>
                <TextEquiv>
                    <Unicode>rasch brachte für den jungen Medardus nicht viel mehr als leere De¬</Unicode>
                </TextEquiv>
            </TextLine>
            <TextLine id="r1l110" custom="readingOrder {index:109;}">
                <Coords points="801,3003 812,3005 815,3003 822,3004 828,3010 837,3011 846,2958 834,2956 826,2945 821,2947 810,2945"/>
                <Baseline points="810,3022 824,3024"/>
                <TextEquiv>
                    <Unicode>a</Unicode>
                </TextEquiv>
            </TextLine>
            <TextLine id="r1l111" custom="readingOrder {index:110;}">
                <Coords points="981,3047 2316,3054 2435,3040 2435,3002 981,3009"/>
                <Baseline points="992,3041 1063,3041 1135,3041 1206,3042 1278,3042 1350,3042 1421,3042 1493,3042 1564,3042 1636,3042 1708,3042 1779,3042 1851,3042 1922,3042 1994,3041 2066,3041 2137,3041 2209,3040 2280,3039 2352,3039 2424,3038"/>
                <TextEquiv>
                    <Unicode>klamation. Erschütternd in seiner wahrhaften, überlegenen Schlicht¬</Unicode>
                </TextEquiv>
            </TextLine>
            <TextLine id="r1l112" custom="readingOrder {index:111;}">
                <Coords points="2564,3062 2575,3061 2582,3056 2594,3060 2603,3060 2612,3054 2629,3054 2627,3023 2613,3024 2609,3029 2604,3027 2602,3029 2583,3030 2581,3033 2578,3033 2574,3028 2562,3029"/>
                <Baseline points="2574,3050 2616,3048"/>
                <TextEquiv>
                    <Unicode>*</Unicode>
                </TextEquiv>
            </TextLine>
            <TextLine id="r1l113" custom="readingOrder {index:112;}">
                <Coords points="770,3055 789,3055 805,3065 815,3065 826,3058 838,3058 838,3011 822,3011 817,3006 798,3006 791,3013 770,3013"/>
                <Baseline points="782,3051 826,3051"/>
                <TextEquiv>
                    <Unicode>2</Unicode>
                </TextEquiv>
            </TextLine>
            <TextLine id="r1l114" custom="readingOrder {index:113;}">
                <Coords points="981,3087 2421,3079 2420,3037 2219,3031 981,3047"/>
                <Baseline points="993,3079 1063,3080 1134,3081 1205,3081 1276,3082 1346,3082 1417,3082 1488,3081 1559,3081 1629,3081 1700,3080 1771,3080 1842,3079 1912,3079 1983,3078 2054,3078 2125,3077 2195,3077 2266,3077 2337,3077 2408,3077"/>
                <TextEquiv>
                    <Unicode>heit Herr von Balajthy als Eschenbacher. Rührend in seiner ver¬</Unicode>
                </TextEquiv>
            </TextLine>
            <TextLine id="r1l115" custom="readingOrder {index:114;}">
                <Coords points="2567,3116 2580,3119 2592,3116 2599,3118 2607,3112 2618,3113 2625,3027 2611,3025 2606,3030 2604,3027 2590,3028 2587,3031 2573,3029"/>
                <Baseline points="2578,3105 2606,3107"/>
                <TextEquiv>
                    <Unicode>:</Unicode>
                </TextEquiv>
            </TextLine>
            <TextLine id="r1l116" custom="readingOrder {index:115;}">
                <Coords points="775,3129 792,3130 804,3121 818,3122 820,3125 825,3122 827,3125 839,3126 842,3074 825,3073 819,3066 812,3065 800,3065 790,3069 779,3068"/>
                <Baseline points="787,3110 827,3112"/>
                <TextEquiv>
                    <Unicode>:</Unicode>
                </TextEquiv>
            </TextLine>
            <TextLine id="r1l117" custom="readingOrder {index:116;}">
                <Coords points="975,3125 2242,3141 2305,3106 2420,3141 2380,3080 975,3087"/>
                <Baseline points="988,3119 1059,3119 1130,3120 1201,3120 1272,3120 1343,3120 1414,3120 1485,3120 1556,3120 1627,3120 1698,3120 1769,3120 1840,3119 1911,3119 1982,3118 2053,3118 2124,3117 2195,3116 2266,3116 2337,3115 2408,3114"/>
                <TextEquiv>
                    <Unicode>krümmten Hilflosigkeit Herr Treßler. Wenn man von den</Unicode>
                </TextEquiv>
            </TextLine>
            <TextLine id="r1l118" custom="readingOrder {index:117;}">
                <Coords points="2561,3135 2573,3135 2587,3147 2592,3147 2594,3144 2599,3147 2601,3144 2613,3144 2613,3116 2582,3114 2580,3112 2578,3114 2561,3114"/>
                <Baseline points="2572,3138 2600,3138"/>
                <TextEquiv>
                    <Unicode>*</Unicode>
                </TextEquiv>
            </TextLine>
            <TextLine id="r1l119" custom="readingOrder {index:118;}">
                <Coords points="978,3170 2078,3178 2383,3168 2425,3130 978,3131"/>
                <Baseline points="990,3156 1061,3157 1132,3157 1203,3158 1274,3158 1346,3158 1417,3158 1488,3158 1559,3158 1630,3158 1702,3158 1773,3158 1844,3158 1915,3157 1986,3157 2058,3156 2129,3156 2200,3155 2271,3155 2342,3155 2414,3154"/>
                <TextEquiv>
                    <Unicode>vorzüglichen Episodisten nur den famosen Herrn Straßni, als ur¬</Unicode>
                </TextEquiv>
            </TextLine>
            <TextLine id="r1l120" custom="readingOrder {index:119;}">
                <Coords points="770,3173 784,3170 799,3180 813,3179 827,3188 839,3187 836,3140 824,3141 813,3151 808,3151 799,3150 781,3135 767,3136"/>
                <Baseline points="782,3172 825,3169"/>
                <TextEquiv>
                    <Unicode>*</Unicode>
                </TextEquiv>
            </TextLine>
            <TextLine id="r1l121" custom="readingOrder {index:120;}">
                <Coords points="973,3189 2418,3210 2418,3161 2336,3151 973,3168"/>
                <Baseline points="984,3196 1055,3196 1126,3196 1197,3197 1268,3197 1339,3197 1410,3197 1481,3198 1552,3198 1623,3198 1695,3198 1766,3198 1837,3197 1908,3197 1979,3197 2050,3196 2121,3196 2192,3195 2263,3194 2334,3193 2406,3192"/>
                <TextEquiv>
                    <Unicode>alten Herrn, und Herrn Korff als außergewöhnlichen Charakteristiker</Unicode>
                </TextEquiv>
            </TextLine>
            <TextLine id="r1l122" custom="readingOrder {index:121;}">
                <Coords points="800,3207 816,3209 824,3203 838,3206 841,3187 820,3184 818,3181 804,3179"/>
                <Baseline points="812,3198 826,3200"/>
                <TextEquiv>
                    <Unicode></Unicode>
                </TextEquiv>
            </TextLine>
            <TextLine id="r1l123" custom="readingOrder {index:122;}">
                <Coords points="976,3236 2420,3238 2364,3199 976,3201"/>
                <Baseline points="988,3235 1059,3235 1130,3235 1201,3235 1272,3235 1343,3236 1414,3236 1485,3236 1556,3236 1627,3237 1698,3237 1769,3237 1840,3237 1911,3237 1982,3237 2053,3237 2124,3236 2195,3236 2266,3235 2337,3234 2408,3233"/>
                <TextEquiv>
                    <Unicode>eines intriganten Wiener Spießers, nennt, hat man eine Sünde am Ge¬</Unicode>
                </TextEquiv>
            </TextLine>
            <TextLine id="r1l124" custom="readingOrder {index:123;}">
                <Coords points="775,3262 789,3260 799,3268 830,3268 827,3237 799,3240 786,3230 781,3233 772,3234"/>
                <Baseline points="786,3260 816,3257"/>
                <TextEquiv>
                    <Unicode>*</Unicode>
                </TextEquiv>
            </TextLine>
            <TextLine id="r1l125" custom="readingOrder {index:124;}">
                <Coords points="986,3280 1007,3280 1019,3288 1028,3281 1037,3291 1059,3284 1073,3291 1110,3281 1131,3288 1143,3277 1155,3277 1155,3258 1141,3258 1118,3243 1109,3246 1090,3240 1060,3249 1041,3241 1024,3246 1020,3241 1010,3248 1004,3241 987,3245"/>
                <Baseline points="998,3269 1027,3270 1056,3271 1085,3271 1114,3272 1144,3273"/>
                <TextEquiv>
                    <Unicode>wissen.</Unicode>
                </TextEquiv>
            </TextLine>
            <TextLine id="r1l126" custom="readingOrder {index:125;}">
                <Coords points="2565,3294 2576,3295 2579,3293 2584,3294 2586,3291 2595,3292 2598,3290 2612,3292 2618,3236 2606,3235 2602,3232 2597,3234 2571,3231"/>
                <Baseline points="2578,3282 2600,3284"/>
                <TextEquiv>
                    <Unicode>2</Unicode>
                </TextEquiv>
            </TextLine>
            <TextLine id="r1l127" custom="readingOrder {index:126;}">
                <Coords points="1044,3318 2421,3333 2421,3293 2343,3277 1044,3286"/>
                <Baseline points="1057,3323 1124,3323 1192,3323 1259,3324 1327,3324 1394,3324 1462,3324 1529,3324 1597,3324 1664,3324 1732,3324 1800,3323 1867,3323 1935,3323 2002,3323 2070,3323 2137,3322 2205,3322 2272,3322 2340,3322 2408,3322"/>
                <TextEquiv>
                    <Unicode>Das Burgtheater hat einen Glanzabend hinter sich. Das Spek¬</Unicode>
                </TextEquiv>
            </TextLine>
            <TextLine id="r1l128" custom="readingOrder {index:127;}">
                <Coords points="982,3377 2392,3372 2424,3330 982,3335"/>
                <Baseline points="993,3362 1067,3362 1142,3362 1217,3362 1291,3362 1366,3361 1441,3361 1515,3361 1590,3361 1665,3361 1739,3361 1814,3361 1889,3361 1963,3361 2038,3360 2113,3360 2187,3360 2262,3360 2337,3360 2412,3359"/>
                <TextEquiv>
                    <Unicode>takel ward sordiniert, das Aeußerliche soigniert und gerundet. So hat</Unicode>
                </TextEquiv>
            </TextLine>
            <TextLine id="r1l129" custom="readingOrder {index:128;}">
                <Coords points="976,3408 2430,3415 2411,3359 976,3363"/>
                <Baseline points="987,3400 1058,3400 1130,3401 1201,3401 1273,3401 1344,3402 1416,3402 1487,3402 1559,3403 1630,3403 1702,3403 1774,3403 1845,3403 1917,3402 1988,3402 2060,3401 2131,3401 2203,3400 2274,3399 2346,3398 2418,3396"/>
                <TextEquiv>
                    <Unicode>die Bühne dem starken, in der Wucht noch liebenswürdigen Dichter</Unicode>
                </TextEquiv>
            </TextLine>
            <TextLine id="r1l130" custom="readingOrder {index:129;}">
                <Coords points="982,3445 2382,3456 2427,3406 982,3408"/>
                <Baseline points="995,3436 1069,3438 1144,3439 1219,3440 1293,3441 1368,3441 1443,3442 1517,3442 1592,3441 1667,3441 1741,3441 1816,3440 1891,3440 1965,3439 2040,3439 2115,3439 2189,3438 2264,3438 2339,3438 2414,3439"/>
                <TextEquiv>
                    <Unicode>einen Erfolg erstritten, um den sein „junger Medardus“ allein vielleicht</Unicode>
                </TextEquiv>
            </TextLine>
            <TextLine id="r1l131" custom="readingOrder {index:130;}">
                <Coords points="2113,3496 2191,3481 2228,3498 2294,3487 2303,3497 2362,3488 2376,3500 2408,3499 2409,3456 2339,3441 2287,3448 2213,3439 2196,3451 2114,3442"/>
                <Baseline points="2126,3474 2153,3474 2180,3474 2207,3474 2234,3473 2261,3473 2288,3474 2315,3475 2342,3476 2369,3477 2396,3480"/>
                <TextEquiv>
                    <Unicode>Max Preis.</Unicode>
                </TextEquiv>
            </TextLine>
            <TextLine id="r1l132" custom="readingOrder {index:131;}">
                <Coords points="986,3501 1237,3500 1256,3481 1331,3499 1398,3480 1476,3494 1546,3477 1546,3442 986,3449"/>
                <Baseline points="997,3478 1023,3478 1050,3478 1077,3478 1104,3478 1131,3478 1158,3478 1185,3478 1212,3478 1239,3478 1266,3478 1292,3478 1319,3478 1346,3478 1373,3478 1400,3478 1427,3477 1454,3477 1481,3476 1508,3475 1535,3474"/>
                <TextEquiv>
                    <Unicode>vergeblich gekämpft hätte.</Unicode>
                </TextEquiv>
            </TextLine>
            <TextLine id="r1l133" custom="readingOrder {index:132;}">
                <Coords points="752,3743 2431,3761 2646,3747 2646,3695 752,3703"/>
                <Baseline points="763,3741 856,3740 950,3740 1043,3739 1137,3738 1231,3737 1324,3737 1418,3736 1511,3736 1605,3736 1699,3735 1792,3735 1886,3735 1979,3735 2073,3736 2167,3736 2260,3736 2354,3737 2447,3737 2541,3738 2635,3739"/>
                <TextEquiv>
                    <Unicode>W EHETTTTTETETTTTTTTTTTTETTTTTTTTTTTEETNTENTEEGEEEEEETETTTTAAT</Unicode>
                </TextEquiv>
            </TextLine>
            <TextLine id="r1l134" custom="readingOrder {index:133;}">
                <Coords points="1671,3825 1685,3825 1689,3830 1701,3833 1723,3820 1727,3823 1741,3823 1743,3776 1732,3776 1720,3768 1706,3779 1696,3779 1694,3776 1689,3779 1687,3776 1673,3775"/>
                <Baseline points="1684,3813 1730,3815"/>
                <TextEquiv>
                    <Unicode>10</Unicode>
                </TextEquiv>
            </TextLine>
            <TextEquiv>
                <Unicode>box 26/6
22. Jer lunge eudraus
WENTTTTTTTTTTTTZTETTTTTTTTTTTETTTTTTTTTTTTTTTTTTTTTTTTTTAATT
*
1
*
5
*
„
aufbegehrt; das Außerlichste noch vertieft, die glatteste Oberfläche zer¬
5
*
2
schlägt, um das Innerste zu belichten, die Gebärde in innere Bewegung
8
umwertet.
1

Ungleich ist der dramatische Gehalt dieser Bühnendichtung. Neben
*
1
*
*
Szeuen von episch-ruhigem Fluß und von idyllischer Bewegungslosigkeit
A
*
(Idylle im ursprünglichen Sinne des Wortes) ereignen sich Szenen, die
über ihre Spannungsmöglichkeit hinausgeschwellt sind, Funken stieben
:
und knistern, bis sie zu dramatischen Entladungen werden, die er¬

barmungslos drauf und dran wettern mit einer muskulösen Sieghaf¬
tigkeit.
*
*
Dann: immer diese dichterische Ruhe im Symbolischen, diese Selbst¬
*
verständlichkeit des Künstlers, der deutet und mit tieferem Sinne ver¬
gleicht. Ein Symbol etwa: „Der uralte Mann“, der Todlose, Ewige. Es
2
ist nichts neues, man ist diesem Sinnbild ungezählte Male begegnet,
aber es ist wundervoll, wie Schnitzler das Symbol in die Gescheh¬
*
*
nisse hineinkomponiert. Und es ist wundervoll, wie er Wienerische
*
Luft und Wienerisches Licht über den bunten Bildern festzuhalten weiß.
Man spürt diese Luft. Spürt sie aus imponderablen Unfaßbarkeiten, und
atmet sie, die noch gewürzt ist von dem Geruche jener Epoche; so
schmeckt der Duft von Wildbächen zur Zeit der Schneeschmelze. All'
diese Feinheit und Delikatesse neben grellen Aeußerlichkeiten. Wie
fein, daß Napoleon, die Achse, um die hier alle Geschehnisse und Schick¬

sale rotieren, nicht auf die Bühne kommt, daß er unsichtbar, allgegen¬
*
wärtig ist, daß man seinen Schatten überall wittert und den Drei¬
spitz jetzt und jetzt zu sehen meint. Wie psychologisch wahr und
*
*
doch wieder auf den Effekt gestellt, daneben der brausende Hoch¬
2
ruf einer schlappen Wienerschaft, wenn der Große über Tod und Weh
hinuntersteigt von der Schönbrunner Freitreppe, für das Publikum um
eine glückliche Sekunde zu spät, weil der Vorhang in weiser Recht¬
2
zeitigkeit fällt.
Da wären wir nun glücklich bei den adversativen Bemerkungen:
allerdings, freilich, aber... Doch jetzt hat sich unsere Betrüb¬
*
ni¬
wird zum¬
aber
erholt, und das allerdings ... freilich
* *
Primären, das schon freudig hinübersteigt über den toten Medardus
:
und neues von dem Dichter erwartet.
*
Die Aufführung, die das Burgtheater dem Werke angedeihen ließ,
3
ist einfach über alle Worte erhaben. Man fühlt das verschollene Schlag¬
wort wieder Kraft gewinnen: Erste deutsche Bühne! Mit welcher
*
Noblesse, mit welcher ungemeinen Plastik wird dieser gigantische sze¬
*
*
nische Apparat bewältigt. Das gesammte Personal der Hofbühne ward
hiefür aufgeboten. Welche künstlerische Disziplin im Unterordnen. Um
3
winzige Episoden nahmen sich die ersten Darsteller mit einer Liebe an,
die bewundert werden muß. Hier ist ein Werk geschehen, das vereinzelt
*
dastcht, mit ungeheuren Opfern erkauft war und fast restlos gelang.
E
Glänzend Frau Römpler-Bleibtreu als Mutter Klähr. Resolut.
innig, schmerzlich, ergreifend. Sehr rührend Frau Medelsky als
W
Geliebte, schlicht und echt Frau Mell als Verschmähte. Sie flüchtet mit
ihrer Verschmähtheit ganz in sich hinein, verhüllt ihre Bitternis in
„
K
resignierte Unaufdringlichkeit. Einzig Frl. Wohlgemuth in ihrer.
*
grausamen Härte, von stahlhartem Schliff, als Marquise von Valois.
*
Dieser gläserne, kühl-klare Ton verläßt einen nicht. Nur Herr Ge¬
:
1
rasch brachte für den jungen Medardus nicht viel mehr als leere De¬
a
klamation. Erschütternd in seiner wahrhaften, überlegenen Schlicht¬
*
2
heit Herr von Balajthy als Eschenbacher. Rührend in seiner ver¬
:
:
krümmten Hilflosigkeit Herr Treßler. Wenn man von den
*
vorzüglichen Episodisten nur den famosen Herrn Straßni, als ur¬
*
alten Herrn, und Herrn Korff als außergewöhnlichen Charakteristiker

eines intriganten Wiener Spießers, nennt, hat man eine Sünde am Ge¬
*
wissen.
2
Das Burgtheater hat einen Glanzabend hinter sich. Das Spek¬
takel ward sordiniert, das Aeußerliche soigniert und gerundet. So hat
die Bühne dem starken, in der Wucht noch liebenswürdigen Dichter
einen Erfolg erstritten, um den sein „junger Medardus“ allein vielleicht
Max Preis.
vergeblich gekämpft hätte.
W EHETTTTTETETTTTTTTTTTTETTTTTTTTTTTEETNTENTEEGEEEEEETETTTTAAT
10</Unicode>
            </TextEquiv>
        </TextRegion>
        <TextRegion orientation="0.0" id="r2" custom="readingOrder {index:1;}">
            <Coords points="2860,4047 2860,4200 3052,4200 3052,4047"/>
            <TextLine id="r2l1" custom="readingOrder {index:0;}">
                <Coords points="2849,4168 2886,4158 2945,4165 2987,4152 3017,4166 3064,4161 3064,4119 3040,4119 3033,4112 2977,4115 2951,4101 2926,4120 2848,4110"/>
                <Baseline points="2860,4150 2887,4149 2914,4148 2942,4147 2969,4147 2997,4147 3024,4147 3052,4148"/>
                <TextEquiv>
                    <Unicode> </Unicode>
                </TextEquiv>
            </TextLine>
            <TextEquiv>
                <Unicode> </Unicode>
            </TextEquiv>
        </TextRegion>
    </Page>
</PcGts>
