3436 4320
992 125 1087 205 Me
1575 131 2046 237 box 26/5
263 129 1450 241 22. berjunge Bedandus
191 1144 3248 1235 oberflächlich“ und wir haben den morden, fällt aber einer Emigrantin, einer Valois in bisweilen schon allzusehr nach außen hin, aber bei sechs
186 1232 3243 1287 n uns vorbei, immer spaßend oder die Arme, buhlt mit ihr, vergißt seine Tat, wird ein Aufzügen, zwölf verschiedenen Szenen, über 70 Sprech¬
204 1281 3250 1330 dem Krieg eine Hetz, aus! Ball der Ereignisse, sieht wie sein Onkel von den Fran=Irollen (das ganze männliche Burgtheater mir Ausnahme
169 1324 2065 1382 Schauspiel machend, immer neu=zosen füsiliert wird, noch einmal erhebt er sich, aber
2053 1325 3242 1392 des alten Baumeister ist beschäftigt) hat die Regie einen
166 1361 2080 1446 ulustig, heute in Aspern, umaus dem Rächer seines Vaterlandes (der er zu sein
2057 1377 3254 1442 schweren Stand. Wenn alles klappt, muß sie und müssen
163 1411 3251 1491 em Dach aus zuzusehen, morgensglaubt) wird ein Mörder. im Solde der Valois; wiederlwir schon zufrieden sein. Den jungen Medardus spielte
159 1461 3254 1530 en Napoleon ganz aus der Nähe kann er die Tat nicht tun, als er aber erfährt, sie, seine Herr Gerasch ganz so wie Helene von Medardus sagt:
162 1514 2070 1578 anz traurig, weil einer erschossen Helene von Valvis, sei die Geliebte Napoleons gewor¬
2056 1536 3237 1591 „Wahrhaftig, er hatte einen recht flammenden Blick...
180 1556 2064 1622 tt und geehrt, und gleich darauf den, ersticht er sie auf der Schönbrunner Schloßtreppe,
2063 1562 3248 1621 und eine fast einwandfreie Haltung. Ganz natürlich fand
171 1597 2063 1680 wo es was Blitzendes zu sehen schlägt die Gnade Napoleons, der jetzt die Ränke der
2055 1600 3244 1667 ich ja beides nicht. Aber er fiel wenigstens nicht aus
166 1656 3242 1716 idbeutelei Biedersinn, neben Krie=Ermordeten erkannt hat, aus, läßt sich erschießen mitlder Rolle. Und er sieht aus. als wemn r — verstünde
169 1686 3245 1767 Estigkeit neben Gesinnungslumperei dem Glauben an sein Heldentum, in Wirklichkeit ein den Degen zu führen.“ Daß er mit em Degen Un¬
169 1751 3241 1812 keit. Medardus ist ein Sohn die=armer Junge, der mit seiner Kraft und Jugend nichtsl heil anrichten könne, dachte man keinen Augenblick, er
169 1801 911 1862 vielleicht nur darum in einen so
887 1809 3249 1865 anzufangen gewußt. Aber ich frage: War sie wirklich sieht nur so aus. Helene Valois gab Fräulein Wohl¬
198 1851 3248 1924 Seine Jugend hebt ihn darüber  notwendig, diese dämonische Frau und ihre exotische Her=sgemuth mit einem großen Können, das aber eigent¬
187 1881 3248 1931 s verstehende Wissen seines Freun=lkunft und ihre Emigrantenumgebung, um diesen Jüng=lich abseits von dieser Rolle gelegen ist, das Schillernde,
167 1939 3255 2022 ht die grimmige Ironie des Onkels ling zu entwurzeln? Die Erfindung Schnitzlers ist hier Sinnliche fehlt ihr. Sehr gut war Frau Römpler¬
173 1992 3246 2059 weitert sich seine Tragödie zur Tra=schwach und spielerisch. Der Aufwand an abgebrauchter[Bleibtreu als die Mutter des Medardus in aller
178 2034 3247 2084 ner Stadt, die für ihre Kraft, für Romantik, ja Hintertreppenromantik, lenkt vom Schick= Kleinbürgerlichkeit, groß Herr Hartmann als Her¬
194 2082 3244 2166 zu finden weiß, ebensowenig wiel sal des Medardus ab, statt darauf hinzulenken. Schnitz=zog von Valois in der ganzen duldenden Vornehmheit
186 2114 3247 2183 Aufwand an Personen, an Zeiteler dekoriert hier die alte dämonische Stube zwar äußerst eines Emigranten, Herr Treßler als Etzelt, ein „Ver¬
167 2176 3247 2236 nir so eine tiefe Notwendigkeit zulgeschmackvoll, aber mit alten Dekorationen. Der blindei stehender“, dessen Liebe, bevor sie das Herz verläßt,
190 2233 3251 2279 soll, daß dieser Jüngling irgend=salte Herzog, der Königshof hält, die Prinzessin mit den durch den Kopf gegangen ist, und Frau Medelsky
182 2271 2074 2347 verankert ist, daß er zu wählen mörderischen Fingern und kalt buhlerischem Herzen, sein
2058 2275 3258 2351 als unglücklich Liebende, die erst im Tode mit ihrem
162 2332 3242 2389 lden, den Mann, den sein Onkel Neffe und Eidam, Aristokrat und Fechter, die treuen Bräutigam verneint wird. Herr Balajthy als Eschen¬
179 2368 3255 2447 und der auch so stirbt, und zwi= Diener = ich meine: Puppenspiel, Arabeske, Ornament bacher ist mir zu trocken, mehr polternd als innig. Herr
162 2409 3250 2487 arren, Müßiggängern und Plau=und unnotwendig. Es ist der schwächste Teil der Dich=[Arndt, Herr Devriant, Herr Heine und Herr
153 2466 3245 2504 kien und Straßen bevölkern. Abertung, er enthüllt, was Schnitzler immer gefehlt hat, dies Reimers huschen durch das Stück, aber man vergißt
177 2512 908 2581 bleibt auch hier nur jung, daß er
896 2502 2074 2584 große Leidenschaft, die alles verzehrende Flamme, er
2056 2524 3237 2585 sie nicht. Aus der Menge der Wiener Bürger aber ho¬
182 2539 901 2629 entscheidet, sondern seinen eigenen
890 2561 3252 2640 setzt dafür Theater ein. Und dann könnte und wirdlben sich scharf der schuftig gemütliche Delikatessenhändler
172 2606 902 2677 falschen, schlecht aufgeputzten Tod
898 2606 2079 2691 mancher glauben, Medardus gehe an dem dämonischen
2054 2611 3254 2684 Wachshuber d.s Herrn Korff, der wundervoll ängst¬
159 2643 389 2727 inglings.
878 2650 3251 2740 Weibe zu Grunde; aber genau das Gegenteil will Schnitz=liche und zappelnde Föderl des Herrn Moser (einer
175 2707 1903 2773 und vollendet. Weniger vollendetller, Medardus geht an sich selbst zu Grunde.
2058 2713 3259 2781 der besten an diesem Abend) und der uralte Herr des
202 2745 905 2814 ,das, was Medardus dem Unter¬
976 2731 2073 2811 Die Aufführung breitet über diesen Schaden der
2060 2748 3256 2821 Herrn Straßni, der es so komisch findet, daß die
175 2783 2067 2862 Der Stoß kommt von außen, nicht Dichtung die dichte Geschehnishülle, die das Drama
2062 2806 3022 2887 Leute sterben, und er selber nicht sterben will.
190 2844 2074 2920 Medardus. Er will irgend eine manchmal wirklich zu einem echten und schönen Volks¬
2544 2837 3213 2937 Oskar Maurus Fontana.
184 2898 2102 2975 vielleicht daran, Napoleon zu er= schauspiel macht. Das Burgtheater spielt er so, vielleicht
