3296 4224
1530 123 1946 219 box 26/5
201 138 1359 222 22. Den—junge Medandus
828 763 958 849 038
763 831 836 907 1.
910 945 980 1017 Bu
760 1001 1058 1072 für Zeituniannen
938 1058 1079 1121 ich, 1.
793 1099 1181 1186 Konkordiaplatz 4
502 1355 555 1430 4
718 1358 1374 1461 Velks Zeltung, Wien
549 1462 999 1555 2.5 NOV. 1910
2968 1590 3252 1678 Weent
2330 1668 3246 1728 Um wie viel natürlicher und zugleich dramatischer:
1351 1674 2275 1731 Um ihre dramatische Existenz zu rechtfertigen, kon¬
599 1671 1155 1769 Burgtheater. dez#
2277 1712 3189 1760 ist der Vorgang, wie er sich wirklich zugetragen hat.
1284 1713 2257 1768 struiert der Dichter eine Verschwörung gegen das Leben
2341 1730 3245 1815 Auch das Vorgehen des Sattlermeisters Jakob
291 1744 1272 1836 (Zum erstenmal aufgeführt; „Der junge Medardus“,
1296 1762 2256 1810 Napoleons. Medardus hatte sie früher selbst geplant;
387 1802 1229 1851 historische Tragödie von Artur Schnitzler.)
2268 1790 3238 1843 Eschenbacher, der bekanntlich erschossen wurde, weil er
1288 1799 2252 1858 als aber Helene später von ihm als Liebessold das
2274 1842 3239 1895 Kanonen vergraben und damit gegen das Verbot des
1298 1845 2257 1896 Leben des Eroberers verlangt, überkommt ihn ein Ekel
388 1838 1271 1895 Ein vielbewegtes, an dramatischen Szenen und
304 1875 1280 1936 dichterischen Gestaltungen reiches Wiener Bild aus den
2272 1888 3247 1956 Siegers gehandelt hatte, ist in der Dichtung anders dor¬
1305 1893 2247 1946 und er wird in seinem Entschlusse wankend. Da kommt
306 1929 1284 1974 napoleonischen Tagen des Jahres 1809 entrollt sich in
2266 1929 3242 1980 gestellt und übt dadurch eine schwächere Wirkung aus.
1302 1920 2249 1979 ihm das Gerücht zu Ohren, daß Helene die Geliebte
2274 1969 3242 2020 Kann sein, daß damals auch ein Befehl erlassen wurde,
305 1970 1278 2029 schier erdrückender Fülle in einem Zeitraume von fast
1301 1980 2253 2030 Napoleons geworden sei und sinnlos vor Wut ersticht er
2273 2014 3239 2070 sämtliche Landkarten auszuliefern. Der Befehl war jeden¬
304 2014 1279 2068 fünf Stunden vor unseren erregten, aber auch ermüdeten
1301 2019 2256 2075 sie, als sie sich eben über die Treppe des Schönbrunner
301 2055 487 2111 Sinnen.
1298 2063 1948 2119 Schlosses zu Napoleon begeben wollte.
2269 2059 3237 2110 falls läppisch; denn die österreichische Armee besaß gewiß
2272 2102 3234 2157 solche Landkarten und konnte sie sich auch anderweitig
1356 2102 2248 2158 Er wird festgenommen und im Kerker erhält er den
391 2082 1288 2165 Der Dichter steht in einem fortwährenden Kampfe
2275 2154 3229 2201 verschaffen. Es ist also geradezu töricht, wenn sich Eschen¬
305 2145 1278 2203 mit der Ueberfülle seines Stosses, der hauptsächlich durch
1303 2147 2244 2196 Besuch des Generals Rapp, der ihm mitteilt, daß er
2264 2187 3242 2239 bacher in eine solche Gefahr begibt, die weder ihm, noch
1293 2193 2244 2245 durch den Mord Helenens Napoleon das Leben gerettet
304 2195 1277 2234 eine große, mit der Haupthandlung nur lose zusammen¬
2266 2229 3238 2279 dem Vaterlande nützen konnte, während das Vergraben
1289 2235 2251 2292 habe, da es unzweifelhaft festgestellt sei, daß diese ihn
307 2238 1275 2281 hängenden Episode, dem Schicksal der französischen Herzogs¬
2263 2275 3235 2325 der Kanonen jedermann als patriotische Tat einleuchtet.
1300 2279 2246 2332 ermorden wollte. Rapp teilt ihm mit, daß er frei sei.
301 2277 1275 2325 familie von Valois, verursacht wird. Der junge Medardus
2335 2319 3245 2382 Das Stück, das in erster Linie als eine Darstellung
1295 2327 2261 2371 Medardus nimmt aber die Gnade nicht an und teilt dem
306 2327 1271 2372 und seine Schwester Agathe, Kinder der Buchhändlers¬
2270 2359 3242 2425 der bewegten Vorgänge in der Franzosenzeit im
1299 2365 2252 2414 Adjutanten ganz unnötigerweise mit, daß er selbst den
298 2363 1273 2414 witwe Klähr, kommen in einen tragischen Konflikt mit
2265 2397 3232 2462 Jahre 1809 gedacht war, erleidet durch die breite Aus¬
1285 2405 2241 2464 Kaiser ermorden wollte. Rapp bietet ihm abermals die
295 2402 1273 2455 der Familie Valois. Der junge Herzog François und
2267 2453 3242 2501 führung der romantischen Liebesgeschichten mit dem
1298 2452 2251 2500 Freiheit an, wenn er sein Ehrenwort gäbe, nichts gegen
294 2447 1280 2499 Agathe haben einen heimlichen Liebesbund geschlossen.
2266 2486 3241 2555 Herzogshause Valois eine starke Verschiebung. Wir hören
302 2494 1280 2534 Die redlichen Absichten des Prinzen scheitern aber an
1293 2496 2241 2546 den Kaiser unternehmen zu wollen. In Gegenwart seiner
2266 2535 3239 2589 zwar immer von dem Herannahen der Franzosen, von
301 2535 1275 2585 dem Widerstande von François' Vater, der in seinem
1297 2538 2253 2582 Mutter und seines Freundes Etzelt antwortet er mit einem
2262 2583 3235 2633 den patriotischen Entschlüssen der Wiener, von Frei¬
303 2579 1281 2624 eingebildeten Königsstolz die Ehe mit einem Bürger¬
1289 2578 2249 2633 schroffen: Nein. Hierauf wird er in den Hof geführt
1283 2624 1554 2678 und erschossen.
2252 2622 3233 2672 willigenkorps; aber durch sechs oder sieben Verwand¬
289 2628 1269 2677 mädchen verweigert. Aus Verzweiflung hierüber suchen
290 2667 1203 2713 die Liebenden den Tod in den Wellen der Donau.
2262 2663 3238 2717 lungen spinnt sich die romantische Liebesgeschichte, ohne
1354 2657 2251 2722 Diese Umdichtung des bekannten Attentates Friedrich
2261 2705 3239 2757 daß das eigentliche Thema in den Vordergrund tritt.
385 2704 1266 2757 Auf dem Friedhof, wo das Paar gemeinsam
1290 2710 2238 2759 Stapß', der in flagranti ertappt wurde, als er einen
290 2755 1273 2808 begraben wird, begegnen sich die beiden Familien.
2260 2741 3247 2797 Der Tod des Liebespaares, die Begräbnisszene, die
1294 2752 2244 2807 Dolch ziehen wollte, um den Kaiser zu ermorden, scheint
2267 2797 3240 2855 Aspirationen der Valois und die stark konstruierte verworrene
289 2789 1278 2837 Medardus tritt der stolzen Herzogstochter Helene, die
1298 2800 2247 2840 uns verfehlt und unwahrscheinlich, Stapß handelte
2254 2835 3232 2888 Haß= und Liebesgeschichte zwischen Medarbus und Helene
292 2843 1273 2896 einen Blumenstrauß auf das Grab ihres Bruders legen
1287 2835 2243 2893 damals im Momente der höchsten Erregung, in der
3125 2876 3239 2935 Diese
2271 2874 3114 2926 nehmen den größten Raum für sich in Anspruch.
297 2885 1268 2934 will, schroff entgegen, nötigt sie, die Blumen zu ent¬
1296 2883 2252 2929 momentanen Extase des Märtyrers, der vor dem ge¬
3116 2917 3239 2980 dann
2266 2924 3109 2975 Exposition reicht über die Hälfte des Dramas;
302 2926 1274 2979 ffernen und wird von dem Marquis von Valois. der
1285 2930 2237 2983 haßten Tyrannen kein demütigendes Versprechen ab¬
3134 2968 3240 3016 nur
1292 2969 1495 3025 legen will.
2254 2959 3135 3015 bleiben für die eigentlichen Wiener Vorgänge
292 2966 1267 3012 den Affront gesehen, zum Zweikampf gefordert. Helene
2265 3012 3237 3063 einige gut geschaute und packende Szenenbilder übrig.
1346 3007 2235 3067 Bei Medardus liegt die Sache ganz anders. Der
294 3018 1281 3062 verlangt von ihrem Verwandten den Tod Medardus' und
2265 3051 3239 3104 Fast alle diese Szenenbilder erregen das Interesse des
299 3056 1274 3107 verspricht ihm dafür ihre Hand. Doch die Kämpfenden werden
1293 3049 2241 3100 Kaiser weiß, deff er ihm durch die Ermordung Helenens
2257 3096 3241 3141 Publikums und die physische Ermüdung wird in den
288 3097 1273 3145 beide nur verwundet. Als ihm Helene durch ihr Kammer¬
1282 3099 2239 3159 das Leben gerettet hat. General Rapp schenkt ihm im
2268 3131 3233 3199 letzten Bildern durch hochdramatische Szenen wieder zur
1288 3142 2249 3189 Namen des Kaisers die Freiheit. Er nint sie aber
294 3142 1272 3194 mädchen Blumen übersendet, loht die aus Haß und
2258 3180 2685 3239 Teilnahme aufgepeitscht.
1290 3188 2239 3237 nicht an. Die künstlich konstruierten Motive, daß er
294 3182 1264 3235 Liebe gemengte Leidenschaft mächtig in ihm empor. Er
2331 3217 3232 3276 Wir sehen den echten Dichter auch bei einzelnen,
1290 3225 2257 3283 nachträglich in Helenen die Rächerin sieht, die Europa
295 3234 1264 3286 steht vom Krankenlager auf, schleicht sich aus der
1282 3268 2242 3321 befreien will — allerdings, um den Ihrigen den Weg
2256 3266 3233 3324 meisterhaft gezeichneten Figuren an der Arbeit und selbst
294 3281 1271 3325 Woynung, klettert über die Gartenmauer des herzog¬
1280 3308 2233 3370 zum Thron zu bahnen, leuchten uns nicht ein. Hätte er
2263 3305 3241 3368 die Nebenfiguren atmen wahres Leben. Wir wollen
295 3313 1273 3373 lichen Besitzes und sagt Helenen überschwenglichen Dank
2260 3358 3238 3407 nur die treffliche Episodenrolle des Arztes mit seinem
1290 3353 2231 3402 nur geschwiegen, so hätte man von ihm auch nicht das
294 3366 1264 3413 für ihre Blumengabe. Bald lodert die Leidenschaft in
2254 3396 3230 3442 Verzweiflungshumor und die rührende Gestalt des
1290 3397 2238 3450 Versprechen verlangt, nichts gegen den Kaiser zu unter¬
288 3409 1263 3460 beiden empor und sie besiegeln ihren Liebesbund in
2256 3436 3237 3508 kindisch gewordenen, uralten Mannes mit seinem Ur¬
1273 3441 2239 3506 nehmen. Die Gegenwart der Mutter, die alle Qualen
293 3437 873 3507 einer geheimen Zusammenkunft.
2260 3481 2630 3540 enkelkinde erwähnen.
1276 3484 2238 3528 der Todesangst leidet und die der Dichter zur Ver¬
379 3470 1261 3544 Bis hieher hat die umständliche und hyperroman¬
2321 3524 3233 3579 Auch die volkstümlichen Figuren der Landwehrleute
1283 3519 2252 3579 schärfung der tragischen Situation wählt, wirkt hiebei
295 3526 1267 3585 tische Liebesaffäre keinen Zusammenhang mit den großen
2252 3556 3247 3637 und Bürger sind gut gesehen und zu lebhaft bewegten
1289 3572 2243 3624 peinlich und grausam und läßt die Starrköpfigkeit des
292 3583 1265 3627 Kriegsereignissen und der Bedrängnis der Wiener
2164 3597 2562 3683 Bildern vereint.
1249 3616 1987 3697 Helden um so unbegreiflicher erscheinen.
293 3619 829 3692 Bürgerschaft im Jahre 1809.
