3392 4384
322 121 1485 225 22 herjunge Nedandus
1630 147 2091 228 box 27/4
1016 859 1152 940 946
1439 861 2020 939 REVUE DES DEUX MONDES.
1012 948 2429 1011 simples et touchantes figures de ces pauvres gens. La véritable mère
1011 1008 2417 1062 reparait, sollicite la permission de revoir son enfant; et Mue John
1014 1069 2426 1122 des qu’elle Taperçoit, comprend que jamais cette créature ne se
1017 1143 2434 1207 résignera à la laisser en paix. Hlya la, entre les deux rivales, une scène
1014 1191 2431 1245 Strangement violente et douloureuse, mais traitée avec unsens admi¬
1009 1253 2431 1310 rable de réalite dramatique. Et puis nous assistons, d’acte en acte, anx
1021 1307 2433 1376 efforts desespérés de la femme du macon pour éviter une catastrophe
1014 1367 2419 1433 que nous sentons déjà toute préte à s’'abattresur elle. Elle pourrait bien,
1013 1416 2433 1480 il est vrai, tout avouer à son mari, qui sürement lui pardonnerait son
1009 1496 2433 1569 mensonge, avec Thumeur indulgente et placide que nous laissent
1010 1555 2427 1610 devinertoutes ses paroles; mais tonjours elle demeure comme hypno¬
1014 1605 2423 1670 tisée sous la crainte de son abandon, on, plus simplement encore,
1004 1660 2411 1712 toujours son étroite cervelle s’obstine, sans l’ombre d’un motif rélléchi¬
1017 1716 2411 1784 dans le plan de conduite qu’elle a d’abord adopté. Si bien que, ne
1012 1778 2425 1861 vovant plus d’autre moyen de se delivrer des instances de la mère.
1011 1836 2425 1906 cette femme d’une probité jusqu'alors irréprochable en arrive à solli¬
1013 1892 2431 1962 citer l’assistance de son frere, qui est précisément l’anteur du vol
1006 1947 2422 2020 signalé par le vieil acteur au portier de la maison. Eble frère n’oblient
997 2017 2420 2078 le silence de Pauline qu'en T’assassinant, et la malheureuse Mu John,
1001 2079 2425 2135 au premier reproche qu'elle eroit découvrir dans le regard de son
1001 2128 2406 2181 mari, renonce à lutter plus longtemps contre la destinée. Mais com¬
996 2188 2413 2254 bien ce rapide et froid résumé est peu fait pour donner au lecteur une
992 2254 2414 2324 juste idée de la signilication essentielle d’une pièce dont toutl’intérét
1000 2303 2410 2371 consiste à animer de vie poétique jusqu'aux moindres nuances des
1007 2356 2410 2449 idées et des sentimens de chacune des figures, transportant celles-ci
1004 2430 2408 2486 In domaine du mélodrame populaire dans celui de latragédie la plus
1008 2486 2400 2541 & gethéenne, 9 de manière à concilier en un mèmne ensemble artis¬
1002 2542 2419 2616 tique les deux ideals opposés du professeur. Hassenreuter et de son
1003 2596 1912 2680 ctonnant éléve, Tex-thcologien Erich Spitta!
1883 2716 2223 2794 T. DE WrzEwA.
