<?xml version="1.0" encoding="UTF-8" standalone="yes"?>
<PcGts xmlns="http://schema.primaresearch.org/PAGE/gts/pagecontent/2013-07-15" xmlns:xsi="http://www.w3.org/2001/XMLSchema-instance" xsi:schemaLocation="http://schema.primaresearch.org/PAGE/gts/pagecontent/2013-07-15 http://schema.primaresearch.org/PAGE/gts/pagecontent/2013-07-15/pagecontent.xsd">
    <Metadata>
        <Creator>prov=University of Rostock/Institute of Mathematics/CITlab/Gundram Leifert/gundram.leifert@uni-rostock.de:name=ONB_Newseye_GT_M1+(htr_id=10810)::::v=2.4.2
prov=University of Rostock/Institute of Mathematics/CITlab/Tobias Gruening/tobias.gruening@uni-rostock.de:name=de.uros.citlab.module.baseline2polygon.B2PSeamMultiOriented:v=2.4.2
prov=University of Rostock/Institute of Mathematics/CITlab/Tobias Gruening/tobias.gruening@uni-rostock.de:name=/mnt/transkribus/LA/DEA/URO/LA_news_onb_att.pb:de.uros.citlab.segmentation.CITlab_LA_ML:v=2.4.2
Transkribus</Creator>
        <Created>2019-10-07T11:17:09.704+02:00</Created>
        <LastChange>2019-10-08T03:16:11.928+02:00</LastChange>
        <TranskribusMetadata docId="223966" pageId="9498095" pageNr="413" tsid="16499913" status="IN_PROGRESS" userId="40391" imgUrl="https://files.transkribus.eu/Get?id=JEMLORCBKRNFDTQAIHSYQABR&amp;fileType=view" xmlUrl="https://files.transkribus.eu/Get?id=TOWAEWAWEBJUZEXZMDMQMFYB" imageId="6188321"/>
    </Metadata>
    <Page imageFilename="223966_0413.jpeg" imageWidth="3344" imageHeight="4352">
        <ReadingOrder>
            <OrderedGroup id="ro_1711440775348" caption="Regions reading order">
                <RegionRefIndexed index="0" regionRef="r1"/>
            </OrderedGroup>
        </ReadingOrder>
        <TextRegion orientation="0.0" id="r1" custom="readingOrder {index:0;}">
            <Coords points="226,211 226,3588 2713,3588 2713,211"/>
            <TextLine id="r1l1" custom="readingOrder {index:0;}">
                <Coords points="1526,232 1631,252 1741,240 1853,258 1902,233 1937,250 2000,229 2001,183 1835,176 1737,195 1686,176 1527,178"/>
                <Baseline points="1538,231 1563,231 1588,232 1613,232 1638,233 1663,233 1688,234 1713,234 1738,235 1763,236 1788,236 1813,237 1838,237 1863,237 1888,237 1913,237 1938,237 1963,236 1988,235"/>
                <TextEquiv>
                    <Unicode>box 26/7</Unicode>
                </TextEquiv>
            </TextLine>
            <TextLine id="r1l2" custom="readingOrder {index:1;}">
                <Coords points="939,238 981,245 1054,238 1159,245 1161,184 1143,179 1112,187 1084,179 1049,187 1035,174 1019,185 981,184 963,171 942,173"/>
                <Baseline points="951,235 979,233 1007,233 1035,235 1063,237 1091,239 1119,240 1148,238"/>
                <TextEquiv>
                    <Unicode>Meda</Unicode>
                </TextEquiv>
            </TextLine>
            <TextLine id="r1l3" custom="readingOrder {index:2;}">
                <Coords points="215,264 1475,281 1476,241 1254,183 1149,236 948,236 872,179 344,174 215,215"/>
                <Baseline points="226,231 291,238 356,243 421,248 486,252 552,254 617,256 682,257 747,257 812,257 878,257 943,256 1008,256 1073,255 1138,254 1204,254 1269,253 1334,254 1399,254 1465,256"/>
                <TextEquiv>
                    <Unicode>22. Der junge dus</Unicode>
                </TextEquiv>
            </TextLine>
            <TextLine id="r1l4" custom="readingOrder {index:3;}">
                <Coords points="834,927 2029,975 2711,964 2726,920 835,871"/>
                <Baseline points="846,922 939,925 1032,928 1126,930 1219,933 1312,935 1406,937 1499,939 1592,941 1686,942 1779,944 1872,945 1966,946 2059,947 2152,947 2246,948 2339,949 2432,949 2526,949 2619,950 2713,950"/>
                <TextEquiv>
                    <Unicode>——</Unicode>
                </TextEquiv>
            </TextLine>
            <TextLine id="r1l5" custom="readingOrder {index:4;}">
                <Coords points="1113,1021 1190,1026 1258,1003 1288,1029 1361,1029 1382,1012 1545,1011 1566,1008 1567,962 1492,952 1461,971 1431,957 1347,977 1249,947 1198,970 1114,958"/>
                <Baseline points="1126,990 1151,995 1176,999 1201,1002 1226,1005 1251,1006 1277,1008 1302,1008 1327,1008 1352,1008 1377,1007 1402,1007 1428,1005 1453,1004 1478,1001 1503,999 1528,998 1554,996"/>
                <TextEquiv>
                    <Unicode>n</Unicode>
                </TextEquiv>
            </TextLine>
            <TextLine id="r1l6" custom="readingOrder {index:5;}">
                <Coords points="1787,1019 1871,1026 1906,1015 1920,1025 2083,1028 2085,965 2059,972 2043,962 2021,983 1996,968 1984,980 1958,977 1939,988 1895,966 1865,972 1833,955 1788,952"/>
                <Baseline points="1798,1009 1825,1009 1852,1009 1879,1009 1907,1009 1934,1010 1961,1011 1989,1012 2016,1013 2043,1014 2071,1014"/>
                <TextEquiv>
                    <Unicode>een de ere e  e en  e </Unicode>
                </TextEquiv>
            </TextLine>
            <TextLine id="r1l7" custom="readingOrder {index:6;}">
                <Coords points="1389,1044 1401,1043 1407,1035 1426,1043 1437,1030 1444,1034 1458,1033 1455,998 1444,999 1442,1002 1434,1000 1432,1003 1423,999 1414,1009 1399,999 1385,1000"/>
                <Baseline points="1400,1031 1446,1027"/>
                <TextEquiv>
                    <Unicode>2211</Unicode>
                </TextEquiv>
            </TextLine>
            <TextLine id="r1l8" custom="readingOrder {index:7;}">
                <Coords points="911,1054 1015,1072 1081,1061 1116,1092 1146,1064 1239,1091 1270,1063 1298,1082 1368,1053 1396,1077 1476,1059 1476,1029 1287,1026 1259,1002 1236,1021 1177,1020 1150,996 1107,1014 963,1003 911,1021"/>
                <Baseline points="922,1054 949,1056 976,1056 1003,1056 1030,1056 1057,1055 1084,1055 1111,1054 1138,1053 1165,1052 1192,1052 1219,1051 1246,1051 1273,1051 1300,1052 1327,1054 1354,1056 1381,1058 1408,1062 1435,1068 1463,1074"/>
                <TextEquiv>
                    <Unicode> . Jahr</Unicode>
                </TextEquiv>
            </TextLine>
            <TextLine id="r1l9" custom="readingOrder {index:8;}">
                <Coords points="2060,1070 2098,1064 2117,1073 2130,1059 2149,1077 2180,1078 2198,1061 2228,1060 2242,1048 2256,1057 2277,1052 2292,1065 2310,1055 2364,1075 2363,1033 2342,1036 2316,1011 2286,1033 2262,1015 2251,1022 2232,1011 2193,1036 2155,1020 2130,1038 2059,1037"/>
                <Baseline points="2073,1066 2098,1066 2123,1066 2149,1064 2174,1063 2199,1062 2225,1061 2250,1060 2275,1059 2301,1059 2326,1059 2352,1061"/>
                <TextEquiv>
                    <Unicode> </Unicode>
                </TextEquiv>
            </TextLine>
            <TextLine id="r1l10" custom="readingOrder {index:9;}">
                <Coords points="2344,1075 2362,1068 2381,1087 2430,1085 2444,1099 2491,1076 2523,1086 2572,1079 2593,1098 2626,1096 2626,1023 2577,1032 2561,1025 2507,1041 2489,1029 2444,1043 2419,1026 2344,1035"/>
                <Baseline points="2356,1070 2381,1073 2407,1074 2433,1075 2459,1075 2485,1075 2510,1075 2536,1075 2562,1074 2588,1074 2614,1075"/>
                <TextEquiv>
                    <Unicode>425 Hei 5</Unicode>
                </TextEquiv>
            </TextLine>
            <TextLine id="r1l11" custom="readingOrder {index:10;}">
                <Coords points="2223,1103 2248,1102 2257,1093 2286,1103 2322,1076 2350,1077 2349,1038 2335,1038 2315,1060 2310,1056 2292,1066 2277,1052 2256,1058 2242,1049 2221,1054"/>
                <Baseline points="2233,1082 2259,1083 2286,1085 2312,1083 2339,1076"/>
                <TextEquiv>
                    <Unicode></Unicode>
                </TextEquiv>
            </TextLine>
            <TextLine id="r1l12" custom="readingOrder {index:11;}">
                <Coords points="1900,1083 1930,1091 1961,1124 2052,1124 2086,1134 2128,1101 2142,1102 2145,1060 2131,1059 2116,1072 2098,1064 2090,1071 2039,1030 1980,1034 1960,1023 1904,1022"/>
                <Baseline points="1911,1085 1938,1088 1965,1091 1993,1096 2020,1099 2047,1101 2075,1101 2102,1099 2130,1092"/>
                <TextEquiv>
                    <Unicode>Rer..</Unicode>
                </TextEquiv>
            </TextLine>
            <TextLine id="r1l13" custom="readingOrder {index:12;}">
                <Coords points="1446,1124 1469,1127 1477,1120 1486,1128 1509,1117 1567,1130 1577,1121 1659,1127 1685,1122 1687,1080 1586,1089 1513,1054 1496,1063 1482,1053 1468,1064 1449,1058"/>
                <Baseline points="1460,1095 1486,1097 1513,1099 1540,1100 1567,1102 1593,1104 1620,1105 1647,1105 1674,1105"/>
                <TextEquiv>
                    <Unicode>B </Unicode>
                </TextEquiv>
            </TextLine>
            <TextLine id="r1l14" custom="readingOrder {index:13;}">
                <Coords points="899,1100 1006,1124 1457,1127 1458,1069 1397,1077 1365,1058 1289,1086 1213,1047 1114,1087 900,1056"/>
                <Baseline points="910,1094 936,1096 963,1097 990,1098 1017,1099 1043,1100 1070,1101 1097,1102 1124,1103 1150,1103 1177,1104 1204,1105 1231,1105 1257,1106 1284,1106 1311,1106 1338,1107 1364,1107 1391,1107 1418,1107 1445,1107"/>
                <TextEquiv>
                    <Unicode>C</Unicode>
                </TextEquiv>
            </TextLine>
            <TextLine id="r1l15" custom="readingOrder {index:14;}">
                <Coords points="1767,1129 1788,1125 1795,1130 1804,1120 1818,1119 1839,1125 1862,1116 1874,1125 1897,1121 1926,1127 1944,1121 1942,1081 1925,1077 1916,1083 1887,1063 1871,1074 1847,1066 1821,1091 1790,1081 1764,1089"/>
                <Baseline points="1777,1107 1802,1107 1828,1105 1854,1102 1880,1100 1906,1099 1932,1102"/>
                <TextEquiv>
                    <Unicode>um #. K#.</Unicode>
                </TextEquiv>
            </TextLine>
            <TextLine id="r1l16" custom="readingOrder {index:15;}">
                <Coords points="2119,1127 2182,1121 2223,1141 2329,1129 2405,1144 2467,1127 2576,1140 2590,1138 2591,1094 2505,1081 2432,1100 2362,1069 2297,1098 2280,1083 2236,1092 2173,1074 2119,1095"/>
                <Baseline points="2131,1108 2157,1110 2183,1112 2210,1113 2236,1114 2262,1115 2289,1116 2315,1117 2341,1117 2368,1117 2394,1117 2420,1117 2447,1118 2473,1118 2499,1118 2526,1118 2552,1118 2579,1118"/>
                <TextEquiv>
                    <Unicode>LL</Unicode>
                </TextEquiv>
            </TextLine>
            <TextLine id="r1l17" custom="readingOrder {index:16;}">
                <Coords points="900,1177 1762,1198 1762,1145 1632,1127 901,1135"/>
                <Baseline points="912,1169 956,1171 1000,1172 1044,1173 1088,1175 1132,1176 1176,1176 1221,1177 1265,1177 1309,1177 1353,1177 1397,1178 1441,1178 1486,1178 1530,1178 1574,1179 1618,1179 1662,1180 1706,1180 1751,1181"/>
                <TextEquiv>
                    <Unicode>daran erinnern, daß wir in eine Zeit und in</Unicode>
                </TextEquiv>
            </TextLine>
            <TextLine id="r1l18" custom="readingOrder {index:17;}">
                <Coords points="1775,1201 1960,1179 2476,1205 2651,1181 2651,1139 1776,1126"/>
                <Baseline points="1786,1182 1828,1182 1871,1183 1913,1183 1956,1183 1999,1184 2041,1184 2084,1184 2126,1185 2169,1185 2212,1186 2254,1186 2297,1187 2339,1187 2382,1188 2425,1188 2467,1188 2510,1189 2552,1189 2595,1189 2638,1189"/>
                <TextEquiv>
                    <Unicode>eingreift. Er ist Verhängnis und Schicksal für</Unicode>
                </TextEquiv>
            </TextLine>
            <TextLine id="r1l19" custom="readingOrder {index:18;}">
                <Coords points="900,1217 1767,1228 1767,1193 1615,1177 1468,1197 901,1177"/>
                <Baseline points="911,1212 953,1213 995,1214 1037,1215 1079,1215 1122,1216 1164,1216 1206,1217 1248,1217 1290,1218 1333,1218 1375,1219 1417,1219 1459,1220 1501,1220 1544,1220 1586,1220 1628,1221 1670,1221 1712,1221 1755,1221"/>
                <TextEquiv>
                    <Unicode>eine Gegend geführt werden, wo auch das</Unicode>
                </TextEquiv>
            </TextLine>
            <TextLine id="r1l20" custom="readingOrder {index:19;}">
                <Coords points="1769,1223 2659,1227 2659,1197 2566,1186 1770,1199"/>
                <Baseline points="1780,1220 1823,1221 1866,1222 1910,1223 1953,1224 1996,1225 2040,1225 2083,1226 2126,1227 2170,1227 2213,1228 2256,1228 2300,1228 2343,1229 2386,1229 2430,1229 2473,1229 2516,1229 2560,1229 2603,1229 2647,1229"/>
                <TextEquiv>
                    <Unicode>die Familie Klähr und die Familie des ehemali¬</Unicode>
                </TextEquiv>
            </TextLine>
            <TextLine id="r1l21" custom="readingOrder {index:20;}">
                <Coords points="898,1251 1734,1263 1734,1228 1702,1223 898,1213"/>
                <Baseline points="909,1251 949,1251 990,1253 1031,1254 1071,1255 1112,1256 1153,1257 1193,1258 1234,1259 1275,1259 1316,1260 1356,1260 1397,1261 1438,1261 1478,1261 1519,1261 1560,1261 1600,1261 1641,1261 1682,1260 1723,1260"/>
                <TextEquiv>
                    <Unicode>Wunderbarste natürlich ist. Der Krieg ist</Unicode>
                </TextEquiv>
            </TextLine>
            <TextLine id="r1l22" custom="readingOrder {index:21;}">
                <Coords points="1777,1272 2658,1268 2658,1237 2623,1226 1778,1230"/>
                <Baseline points="1788,1261 1830,1262 1873,1263 1916,1264 1959,1265 2002,1265 2045,1266 2088,1267 2131,1267 2174,1267 2217,1267 2259,1268 2302,1268 2345,1268 2388,1268 2431,1267 2474,1267 2517,1267 2560,1267 2603,1266 2646,1266"/>
                <TextEquiv>
                    <Unicode>gen Herzogs von Valois und das Schicksal</Unicode>
                </TextEquiv>
            </TextLine>
            <TextLine id="r1l23" custom="readingOrder {index:22;}">
                <Coords points="898,1294 1725,1311 1757,1300 1758,1262 898,1252"/>
                <Baseline points="909,1290 950,1292 992,1294 1034,1295 1076,1296 1118,1297 1159,1298 1201,1298 1243,1299 1285,1299 1327,1299 1368,1299 1410,1299 1452,1299 1494,1299 1536,1298 1577,1298 1619,1298 1661,1298 1703,1298 1745,1298"/>
                <TextEquiv>
                    <Unicode>überdies die größte Steigerung des echt Schnitz¬</Unicode>
                </TextEquiv>
            </TextLine>
            <TextLine id="r1l24" custom="readingOrder {index:23;}">
                <Coords points="1779,1306 2648,1306 2620,1273 2466,1267 1780,1274"/>
                <Baseline points="1790,1299 1832,1300 1874,1301 1916,1302 1959,1303 2001,1304 2043,1304 2086,1305 2128,1305 2170,1306 2213,1306 2255,1306 2297,1306 2339,1306 2382,1306 2424,1306 2466,1306 2509,1306 2551,1306 2593,1306 2636,1307"/>
                <TextEquiv>
                    <Unicode>dieser Familien ist mit dem seinen und dem</Unicode>
                </TextEquiv>
            </TextLine>
            <TextLine id="r1l25" custom="readingOrder {index:24;}">
                <Coords points="899,1335 1735,1349 1763,1343 1764,1301 900,1290"/>
                <Baseline points="911,1328 953,1329 995,1331 1037,1332 1079,1333 1121,1334 1163,1335 1205,1336 1247,1336 1289,1337 1331,1338 1373,1338 1415,1338 1457,1339 1499,1339 1541,1339 1583,1339 1625,1339 1667,1339 1709,1338 1751,1338"/>
                <TextEquiv>
                    <Unicode>lerischen Themas: des Sterbens. Er ist der</Unicode>
                </TextEquiv>
            </TextLine>
            <TextLine id="r1l26" custom="readingOrder {index:25;}">
                <Coords points="1764,1348 2654,1349 2654,1317 2545,1304 1765,1310"/>
                <Baseline points="1777,1340 1820,1340 1863,1340 1906,1341 1950,1341 1993,1342 2036,1342 2079,1342 2123,1343 2166,1343 2209,1344 2252,1344 2296,1345 2339,1345 2382,1346 2425,1346 2469,1346 2512,1347 2555,1347 2598,1347 2642,1347"/>
                <TextEquiv>
                    <Unicode>seiner Heere verbunden. Der Dolch, den Helene,</Unicode>
                </TextEquiv>
            </TextLine>
            <TextLine id="r1l27" custom="readingOrder {index:26;}">
                <Coords points="898,1377 1767,1390 1767,1358 1721,1343 1592,1333 899,1335"/>
                <Baseline points="910,1367 952,1369 994,1371 1036,1373 1079,1373 1121,1374 1163,1375 1206,1376 1248,1376 1290,1376 1333,1376 1375,1376 1417,1376 1459,1376 1502,1376 1544,1376 1586,1376 1629,1376 1671,1376 1713,1376 1756,1377"/>
                <TextEquiv>
                    <Unicode>Tod im großen, das allgemeine Sterben, das</Unicode>
                </TextEquiv>
            </TextLine>
            <TextLine id="r1l28" custom="readingOrder {index:27;}">
                <Coords points="1774,1378 2652,1393 2652,1348 1774,1339"/>
                <Baseline points="1785,1377 1827,1378 1870,1378 1913,1379 1955,1379 1998,1380 2041,1380 2083,1380 2126,1381 2169,1382 2212,1382 2254,1383 2297,1383 2340,1384 2382,1384 2425,1384 2468,1385 2510,1385 2553,1386 2596,1386 2639,1386"/>
                <TextEquiv>
                    <Unicode>die Marquise von Valois, bei sich trägt, wenn</Unicode>
                </TextEquiv>
            </TextLine>
            <TextLine id="r1l29" custom="readingOrder {index:28;}">
                <Coords points="896,1415 1752,1437 1767,1402 1722,1381 896,1375"/>
                <Baseline points="908,1405 950,1408 992,1409 1035,1411 1077,1412 1120,1413 1162,1413 1204,1414 1247,1413 1289,1413 1332,1413 1374,1413 1416,1412 1459,1412 1501,1412 1544,1412 1586,1413 1628,1414 1671,1415 1713,1417 1756,1419"/>
                <TextEquiv>
                    <Unicode>sinnlos und wahllos Menschen hinwegrafft,</Unicode>
                </TextEquiv>
            </TextLine>
            <TextLine id="r1l30" custom="readingOrder {index:29;}">
                <Coords points="1764,1423 2659,1430 2659,1395 2521,1384 1765,1400"/>
                <Baseline points="1777,1416 1820,1416 1863,1417 1907,1417 1950,1418 1994,1419 2037,1419 2081,1419 2124,1420 2168,1420 2211,1420 2254,1421 2298,1421 2341,1421 2385,1421 2428,1421 2472,1422 2515,1422 2559,1422 2602,1422 2646,1422"/>
                <TextEquiv>
                    <Unicode>sie die Freitreppe zum Schönbrunner Schlosse</Unicode>
                </TextEquiv>
            </TextLine>
            <TextLine id="r1l31" custom="readingOrder {index:30;}">
                <Coords points="894,1449 1758,1459 1758,1422 895,1416"/>
                <Baseline points="906,1447 948,1448 990,1449 1032,1450 1074,1451 1116,1452 1158,1452 1200,1452 1242,1453 1284,1453 1326,1453 1368,1453 1410,1453 1452,1453 1494,1453 1536,1453 1578,1453 1620,1454 1662,1454 1704,1454 1746,1454"/>
                <TextEquiv>
                    <Unicode>während der Nachbar gesund und frisch einem</Unicode>
                </TextEquiv>
            </TextLine>
            <TextLine id="r1l32" custom="readingOrder {index:31;}">
                <Coords points="1774,1455 2170,1475 2481,1453 2581,1477 2656,1461 2656,1416 1774,1424"/>
                <Baseline points="1785,1456 1828,1456 1871,1457 1914,1457 1957,1457 2000,1458 2043,1458 2086,1458 2129,1459 2172,1459 2215,1459 2258,1459 2301,1459 2344,1460 2387,1460 2430,1460 2473,1460 2516,1459 2559,1459 2602,1459 2645,1459"/>
                <TextEquiv>
                    <Unicode>hinaufsteigt, soll Napoleon den Tod bringen</Unicode>
                </TextEquiv>
            </TextLine>
            <TextLine id="r1l33" custom="readingOrder {index:32;}">
                <Coords points="889,1489 1675,1507 1764,1494 1765,1461 889,1468"/>
                <Baseline points="900,1486 942,1487 985,1488 1027,1488 1070,1489 1113,1490 1155,1491 1198,1492 1240,1492 1283,1493 1326,1494 1368,1494 1411,1495 1453,1495 1496,1495 1539,1495 1581,1495 1624,1495 1666,1494 1709,1494 1752,1493"/>
                <TextEquiv>
                    <Unicode>neuen Leben entgegengeht. Bei jedem Schritte</Unicode>
                </TextEquiv>
            </TextLine>
            <TextLine id="r1l34" custom="readingOrder {index:33;}">
                <Coords points="1771,1512 2656,1506 2656,1460 1771,1458"/>
                <Baseline points="1782,1495 1825,1497 1868,1497 1911,1498 1954,1498 1997,1499 2040,1499 2084,1500 2127,1500 2170,1500 2213,1500 2256,1500 2299,1500 2342,1501 2386,1501 2429,1501 2472,1501 2515,1502 2558,1502 2601,1503 2645,1504"/>
                <TextEquiv>
                    <Unicode>und der Dolch, den Medardus im Gewande</Unicode>
                </TextEquiv>
            </TextLine>
            <TextLine id="r1l35" custom="readingOrder {index:34;}">
                <Coords points="902,1530 1757,1549 1757,1503 1706,1497 903,1495"/>
                <Baseline points="914,1527 955,1528 997,1529 1038,1530 1080,1530 1122,1531 1163,1531 1205,1531 1246,1532 1288,1532 1330,1532 1371,1533 1413,1533 1454,1533 1496,1534 1538,1534 1579,1534 1621,1534 1662,1535 1704,1535 1746,1535"/>
                <TextEquiv>
                    <Unicode>droht eine Kugel und jeder Einzelne muß in</Unicode>
                </TextEquiv>
            </TextLine>
            <TextLine id="r1l36" custom="readingOrder {index:35;}">
                <Coords points="1774,1538 2542,1557 2642,1548 2643,1509 1774,1493"/>
                <Baseline points="1785,1534 1827,1534 1869,1535 1911,1535 1954,1535 1996,1536 2038,1536 2081,1537 2123,1538 2165,1538 2208,1539 2250,1539 2292,1540 2334,1540 2377,1541 2419,1541 2461,1541 2504,1541 2546,1541 2588,1541 2631,1540"/>
                <TextEquiv>
                    <Unicode>trägt, ist gleichfalls für Napoleon bestimmt.</Unicode>
                </TextEquiv>
            </TextLine>
            <TextLine id="r1l37" custom="readingOrder {index:36;}">
                <Coords points="900,1579 1757,1568 1701,1537 900,1528"/>
                <Baseline points="912,1568 953,1568 995,1568 1036,1568 1078,1569 1120,1569 1161,1570 1203,1570 1244,1571 1286,1571 1328,1572 1369,1572 1411,1573 1452,1573 1494,1573 1536,1573 1577,1574 1619,1574 1660,1574 1702,1573 1744,1573"/>
                <TextEquiv>
                    <Unicode>jedem Rugenblicke bereit sein, umzusinken. So</Unicode>
                </TextEquiv>
            </TextLine>
            <TextLine id="r1l38" custom="readingOrder {index:37;}">
                <Coords points="1775,1580 2417,1592 2539,1568 2628,1590 2653,1586 2654,1546 1776,1536"/>
                <Baseline points="1787,1573 1829,1573 1872,1574 1915,1575 1958,1575 2000,1576 2043,1576 2086,1577 2129,1577 2171,1578 2214,1578 2257,1578 2300,1579 2342,1579 2385,1580 2428,1580 2471,1581 2513,1581 2556,1582 2599,1583 2642,1583"/>
                <TextEquiv>
                    <Unicode>Helena will den Soldatenkaiser, der auf</Unicode>
                </TextEquiv>
            </TextLine>
            <TextLine id="r1l39" custom="readingOrder {index:38;}">
                <Coords points="898,1619 1751,1615 1751,1580 1674,1575 899,1579"/>
                <Baseline points="911,1610 952,1610 993,1610 1035,1609 1076,1609 1118,1609 1159,1610 1200,1610 1242,1610 1283,1611 1325,1611 1366,1612 1407,1612 1449,1612 1490,1613 1532,1613 1573,1613 1614,1613 1656,1614 1697,1613 1739,1613"/>
                <TextEquiv>
                    <Unicode>gehen alle Menschen gleichsam nur mit kre¬</Unicode>
                </TextEquiv>
            </TextLine>
            <TextLine id="r1l40" custom="readingOrder {index:39;}">
                <Coords points="1768,1612 2623,1634 2649,1585 1768,1577"/>
                <Baseline points="1779,1612 1821,1614 1864,1615 1907,1616 1950,1616 1993,1617 2036,1618 2079,1618 2122,1618 2165,1618 2208,1619 2250,1619 2293,1619 2336,1619 2379,1619 2422,1619 2465,1619 2508,1619 2551,1620 2594,1620 2637,1621"/>
                <TextEquiv>
                    <Unicode>dem Thron von Frankreich plebejisch sich</Unicode>
                </TextEquiv>
            </TextLine>
            <TextLine id="r1l41" custom="readingOrder {index:40;}">
                <Coords points="891,1643 1767,1666 1746,1613 891,1613"/>
                <Baseline points="902,1643 944,1645 987,1647 1030,1648 1072,1649 1115,1650 1158,1650 1200,1650 1243,1650 1286,1650 1329,1650 1371,1650 1414,1650 1457,1649 1499,1649 1542,1649 1585,1649 1627,1650 1670,1651 1713,1651 1756,1653"/>
                <TextEquiv>
                    <Unicode>ditiertem Leben herum und die Lebensvollmacht</Unicode>
                </TextEquiv>
            </TextLine>
            <TextLine id="r1l42" custom="readingOrder {index:41;}">
                <Coords points="1761,1656 2644,1659 2644,1631 2607,1623 1761,1623"/>
                <Baseline points="1772,1653 1815,1653 1858,1654 1901,1654 1944,1654 1987,1654 2030,1655 2073,1655 2116,1656 2159,1656 2202,1656 2245,1657 2288,1657 2331,1657 2374,1658 2417,1658 2460,1658 2503,1659 2546,1659 2589,1660 2633,1660"/>
                <TextEquiv>
                    <Unicode>räkelt, niederstechen, da die Kaiserkrone ihr</Unicode>
                </TextEquiv>
            </TextLine>
            <TextLine id="r1l43" custom="readingOrder {index:42;}">
                <Coords points="898,1688 1622,1707 1762,1697 1763,1664 899,1646"/>
                <Baseline points="909,1682 951,1683 993,1684 1035,1685 1077,1686 1119,1686 1161,1687 1203,1688 1245,1689 1287,1689 1329,1690 1371,1690 1413,1691 1455,1691 1497,1691 1539,1692 1581,1692 1623,1692 1665,1693 1707,1693 1750,1693"/>
                <TextEquiv>
                    <Unicode>kann ihnen sofort entzogen werden. Ein dunkler</Unicode>
                </TextEquiv>
            </TextLine>
            <TextLine id="r1l44" custom="readingOrder {index:43;}">
                <Coords points="1769,1706 2655,1698 2636,1660 1770,1664"/>
                <Baseline points="1781,1693 1824,1693 1867,1693 1910,1693 1953,1694 1996,1694 2039,1694 2083,1695 2126,1695 2169,1696 2212,1696 2255,1696 2298,1697 2341,1697 2385,1697 2428,1698 2471,1698 2514,1698 2557,1698 2600,1698 2644,1697"/>
                <TextEquiv>
                    <Unicode>und den Ihren gehört, und Medardus die Hin¬</Unicode>
                </TextEquiv>
            </TextLine>
            <TextLine id="r1l45" custom="readingOrder {index:44;}">
                <Coords points="899,1738 1759,1733 1743,1697 900,1689"/>
                <Baseline points="911,1721 952,1723 994,1725 1036,1726 1078,1727 1120,1728 1161,1728 1203,1729 1245,1729 1287,1730 1329,1730 1370,1730 1412,1730 1454,1730 1496,1730 1538,1731 1579,1731 1621,1731 1663,1732 1705,1733 1747,1734"/>
                <TextEquiv>
                    <Unicode>Schatten liegt auf ihnen, deren Wesen, da sie</Unicode>
                </TextEquiv>
            </TextLine>
            <TextLine id="r1l46" custom="readingOrder {index:45;}">
                <Coords points="1768,1739 2646,1754 2646,1694 1768,1704"/>
                <Baseline points="1779,1731 1821,1731 1864,1731 1907,1731 1950,1731 1992,1732 2035,1732 2078,1732 2121,1733 2163,1733 2206,1734 2249,1734 2292,1734 2334,1735 2377,1735 2420,1735 2463,1735 2505,1736 2548,1735 2591,1735 2634,1735"/>
                <TextEquiv>
                    <Unicode>richtung seines Onkels Eschenbacher an Napoleon</Unicode>
                </TextEquiv>
            </TextLine>
            <TextLine id="r1l47" custom="readingOrder {index:46;}">
                <Coords points="890,1772 1749,1779 1764,1730 891,1742"/>
                <Baseline points="901,1760 943,1762 986,1763 1028,1765 1071,1766 1113,1767 1156,1768 1198,1768 1241,1768 1283,1769 1326,1769 1368,1769 1411,1769 1453,1769 1496,1770 1538,1770 1581,1770 1623,1770 1666,1771 1708,1771 1751,1772"/>
                <TextEquiv>
                    <Unicode>zwischen Wirklichkeit und Tod wandeln, etwas</Unicode>
                </TextEquiv>
            </TextLine>
            <TextLine id="r1l48" custom="readingOrder {index:47;}">
                <Coords points="1769,1775 2589,1792 2638,1765 2620,1741 1770,1745"/>
                <Baseline points="1781,1770 1823,1770 1865,1770 1907,1770 1950,1770 1992,1771 2034,1771 2077,1772 2119,1772 2161,1773 2204,1773 2246,1774 2288,1775 2330,1775 2373,1776 2415,1776 2457,1776 2500,1776 2542,1776 2584,1776 2627,1776"/>
                <TextEquiv>
                    <Unicode>rächen Aber Napoleon ist größer als die stärk¬</Unicode>
                </TextEquiv>
            </TextLine>
            <TextLine id="r1l49" custom="readingOrder {index:48;}">
                <Coords points="889,1813 1749,1809 1730,1774 890,1766"/>
                <Baseline points="901,1798 942,1800 984,1802 1026,1803 1068,1804 1110,1805 1151,1806 1193,1807 1235,1807 1277,1808 1319,1808 1360,1808 1402,1808 1444,1808 1486,1808 1528,1808 1569,1808 1611,1808 1653,1808 1695,1808 1737,1808"/>
                <TextEquiv>
                    <Unicode>traumhaftes und nicht mehr die volle Körper¬</Unicode>
                </TextEquiv>
            </TextLine>
            <TextLine id="r1l50" custom="readingOrder {index:49;}">
                <Coords points="1771,1811 2518,1832 2647,1810 2647,1780 2617,1777 1771,1778"/>
                <Baseline points="1783,1810 1825,1810 1868,1810 1910,1811 1953,1811 1996,1811 2038,1812 2081,1812 2124,1813 2166,1813 2209,1814 2252,1815 2294,1815 2337,1816 2380,1816 2422,1816 2465,1816 2508,1817 2550,1817 2593,1817 2636,1816"/>
                <TextEquiv>
                    <Unicode>sten Naturen und die Helden dieser Dichtung.</Unicode>
                </TextEquiv>
            </TextLine>
            <TextLine id="r1l51" custom="readingOrder {index:50;}">
                <Coords points="898,1846 1764,1848 1741,1808 898,1814"/>
                <Baseline points="909,1839 951,1840 993,1842 1035,1844 1077,1845 1119,1845 1161,1846 1204,1846 1246,1846 1288,1846 1330,1846 1372,1846 1414,1846 1456,1845 1499,1845 1541,1845 1583,1845 1625,1845 1667,1846 1709,1846 1752,1847"/>
                <TextEquiv>
                    <Unicode>schwere hat. Immer wieder variiert Schnitzler</Unicode>
                </TextEquiv>
            </TextLine>
            <TextLine id="r1l52" custom="readingOrder {index:51;}">
                <Coords points="1765,1851 2608,1868 2648,1845 2611,1819 1765,1814"/>
                <Baseline points="1776,1848 1821,1850 1866,1851 1911,1852 1956,1853 2002,1853 2047,1853 2092,1853 2137,1853 2182,1853 2228,1853 2273,1853 2318,1853 2363,1853 2408,1854 2454,1854 2499,1855 2544,1855 2589,1857 2635,1858"/>
                <TextEquiv>
                    <Unicode>Kein Dolch trifft ihn: der des Medordus wird</Unicode>
                </TextEquiv>
            </TextLine>
            <TextLine id="r1l53" custom="readingOrder {index:52;}">
                <Coords points="892,1885 1240,1907 1759,1885 1759,1853 893,1850"/>
                <Baseline points="903,1880 945,1881 987,1881 1029,1882 1071,1882 1113,1883 1155,1883 1198,1883 1240,1884 1282,1884 1324,1885 1366,1885 1408,1885 1450,1886 1493,1886 1535,1886 1577,1887 1619,1887 1661,1887 1703,1887 1746,1887"/>
                <TextEquiv>
                    <Unicode>im Medardus dieses Motiv des Sterbens. Tapfere</Unicode>
                </TextEquiv>
            </TextLine>
            <TextLine id="r1l54" custom="readingOrder {index:53;}">
                <Coords points="1763,1886 2209,1914 2646,1895 2646,1871 2520,1859 1763,1862"/>
                <Baseline points="1774,1889 1817,1890 1860,1891 1903,1892 1946,1892 1989,1893 2032,1893 2075,1893 2118,1893 2161,1893 2204,1893 2247,1893 2290,1893 2333,1893 2376,1893 2419,1893 2462,1893 2505,1894 2548,1895 2591,1895 2634,1897"/>
                <TextEquiv>
                    <Unicode>von seinem Ziele abgelenkt und trifft Helene,</Unicode>
                </TextEquiv>
            </TextLine>
            <TextLine id="r1l55" custom="readingOrder {index:54;}">
                <Coords points="893,1932 1764,1926 1716,1891 894,1885"/>
                <Baseline points="905,1920 947,1921 989,1922 1032,1923 1074,1923 1117,1923 1159,1923 1201,1923 1244,1924 1286,1924 1329,1924 1371,1924 1413,1924 1456,1924 1498,1925 1541,1925 1583,1926 1625,1927 1668,1928 1710,1930 1753,1932"/>
                <TextEquiv>
                    <Unicode>Jünglinge sterben und ein schuldloses Kind,</Unicode>
                </TextEquiv>
            </TextLine>
            <TextLine id="r1l56" custom="readingOrder {index:55;}">
                <Coords points="1767,1933 2636,1941 2636,1899 1767,1903"/>
                <Baseline points="1779,1931 1821,1932 1863,1933 1905,1933 1947,1934 1990,1934 2032,1934 2074,1935 2116,1935 2158,1935 2201,1935 2243,1935 2285,1934 2327,1934 2369,1934 2412,1935 2454,1935 2496,1935 2538,1936 2580,1936 2623,1937"/>
                <TextEquiv>
                    <Unicode>und der junge Mann, der ihn auf seinem</Unicode>
                </TextEquiv>
            </TextLine>
            <TextLine id="r1l57" custom="readingOrder {index:56;}">
                <Coords points="895,1963 1712,1980 1754,1973 1755,1933 895,1925"/>
                <Baseline points="907,1958 948,1959 990,1961 1032,1962 1074,1963 1115,1964 1157,1965 1199,1965 1241,1966 1282,1966 1324,1966 1366,1966 1408,1966 1449,1967 1491,1967 1533,1967 1575,1967 1616,1967 1658,1967 1700,1967 1742,1968"/>
                <TextEquiv>
                    <Unicode>Gretel, die Urenkelin eines dreiundneunzig¬</Unicode>
                </TextEquiv>
            </TextLine>
            <TextLine id="r1l58" custom="readingOrder {index:57;}">
                <Coords points="1762,1967 2640,1977 2640,1935 1762,1939"/>
                <Baseline points="1773,1971 1815,1971 1858,1971 1901,1971 1943,1971 1986,1971 2029,1971 2071,1971 2114,1971 2157,1971 2200,1971 2242,1971 2285,1971 2328,1971 2370,1971 2413,1971 2456,1971 2498,1971 2541,1971 2584,1972 2627,1973"/>
                <TextEquiv>
                    <Unicode>Siegeszuge mit einem Dolchstoß vernichten wollte,</Unicode>
                </TextEquiv>
            </TextLine>
            <TextLine id="r1l59" custom="readingOrder {index:58;}">
                <Coords points="885,2009 1667,2020 1751,2004 1752,1972 885,1967"/>
                <Baseline points="896,2001 938,2002 980,2002 1022,2002 1064,2003 1107,2003 1149,2003 1191,2004 1233,2004 1275,2004 1318,2005 1360,2005 1402,2005 1444,2005 1486,2005 1529,2005 1571,2006 1613,2006 1655,2006 1697,2006 1740,2006"/>
                <TextEquiv>
                    <Unicode>jährigen Hofrats; Meister Eschenbacher wird</Unicode>
                </TextEquiv>
            </TextLine>
            <TextLine id="r1l60" custom="readingOrder {index:59;}">
                <Coords points="1773,2012 2647,2014 2647,1979 2621,1977 1773,1974"/>
                <Baseline points="1785,2011 1827,2011 1870,2011 1912,2012 1955,2012 1997,2012 2040,2012 2082,2012 2125,2012 2167,2012 2210,2012 2253,2012 2295,2012 2338,2012 2380,2011 2423,2012 2465,2012 2508,2012 2550,2012 2593,2012 2636,2012"/>
                <TextEquiv>
                    <Unicode>rettet ihm das Leben. So sorgt der Himmel</Unicode>
                </TextEquiv>
            </TextLine>
            <TextLine id="r1l61" custom="readingOrder {index:60;}">
                <Coords points="888,2035 1749,2053 1749,2021 1696,2011 888,2017"/>
                <Baseline points="900,2040 941,2041 983,2042 1025,2042 1067,2042 1109,2043 1151,2043 1193,2043 1235,2043 1277,2043 1319,2044 1360,2044 1402,2044 1444,2044 1486,2044 1528,2044 1570,2044 1612,2044 1654,2045 1696,2045 1738,2045"/>
                <TextEquiv>
                    <Unicode>erschossen und Desolteux, ein Anhänger des</Unicode>
                </TextEquiv>
            </TextLine>
            <TextLine id="r1l62" custom="readingOrder {index:61;}">
                <Coords points="1771,2056 2563,2066 2635,2059 2636,2017 1772,2012"/>
                <Baseline points="1783,2048 1825,2048 1867,2048 1909,2048 1951,2048 1993,2049 2035,2049 2077,2049 2119,2050 2161,2050 2203,2050 2245,2051 2287,2051 2329,2051 2371,2051 2413,2052 2455,2052 2497,2052 2539,2052 2581,2052 2624,2052"/>
                <TextEquiv>
                    <Unicode>für den Kaiser, dessen Todesurteile pünktlich</Unicode>
                </TextEquiv>
            </TextLine>
            <TextLine id="r1l63" custom="readingOrder {index:62;}">
                <Coords points="884,2090 1753,2094 1753,2059 1671,2047 884,2045"/>
                <Baseline points="897,2076 939,2079 981,2080 1023,2081 1065,2082 1107,2083 1149,2083 1192,2083 1234,2083 1276,2083 1318,2083 1360,2082 1402,2082 1444,2082 1487,2081 1529,2081 1571,2081 1613,2082 1655,2082 1697,2083 1740,2085"/>
                <TextEquiv>
                    <Unicode>Herzogs von Valois, wird durch einen Schuß</Unicode>
                </TextEquiv>
            </TextLine>
            <TextLine id="r1l64" custom="readingOrder {index:63;}">
                <Coords points="1765,2094 2641,2102 2620,2058 1765,2057"/>
                <Baseline points="1776,2085 1818,2085 1861,2085 1904,2085 1946,2085 1989,2086 2032,2086 2074,2087 2117,2087 2160,2088 2203,2088 2245,2089 2288,2089 2331,2090 2373,2090 2416,2091 2459,2091 2501,2091 2544,2091 2587,2091 2630,2090"/>
                <TextEquiv>
                    <Unicode>vollzogen werden, sei es mit dem Peletonfeuer</Unicode>
                </TextEquiv>
            </TextLine>
            <TextLine id="r1l65" custom="readingOrder {index:64;}">
                <Coords points="885,2117 1719,2135 1761,2111 1401,2077 885,2089"/>
                <Baseline points="897,2116 939,2117 982,2118 1024,2119 1067,2120 1110,2120 1152,2121 1195,2121 1238,2121 1280,2121 1323,2121 1366,2121 1408,2121 1451,2121 1494,2121 1536,2121 1579,2121 1622,2121 1664,2121 1707,2122 1750,2122"/>
                <TextEquiv>
                    <Unicode>aus dem Hinterhalt niedergestreckt; in einem</Unicode>
                </TextEquiv>
            </TextLine>
            <TextLine id="r1l66" custom="readingOrder {index:65;}">
                <Coords points="1773,2129 2249,2152 2282,2132 2380,2157 2420,2132 2599,2148 2646,2135 2647,2102 1773,2091"/>
                <Baseline points="1785,2122 1827,2123 1870,2123 1912,2124 1955,2125 1997,2126 2040,2126 2082,2127 2125,2127 2167,2128 2210,2129 2252,2130 2295,2130 2337,2131 2380,2131 2422,2132 2465,2133 2507,2133 2550,2134 2592,2134 2635,2135"/>
                <TextEquiv>
                    <Unicode>seiner Soldaten, sei es mit einem Schuß aus</Unicode>
                </TextEquiv>
            </TextLine>
            <TextLine id="r1l67" custom="readingOrder {index:66;}">
                <Coords points="1774,2177 1825,2180 1872,2164 1970,2179 2080,2162 2101,2169 2101,2143 2062,2143 2050,2131 1957,2135 1915,2130 1901,2118 1880,2131 1775,2128"/>
                <Baseline points="1785,2158 1810,2159 1835,2159 1861,2160 1886,2161 1912,2161 1937,2162 1962,2162 1988,2162 2013,2162 2039,2162 2064,2162 2090,2161"/>
                <TextEquiv>
                    <Unicode>dem Hinterhalt.</Unicode>
                </TextEquiv>
            </TextLine>
            <TextLine id="r1l68" custom="readingOrder {index:67;}">
                <Coords points="884,2151 1753,2172 1753,2119 884,2118"/>
                <Baseline points="896,2155 938,2157 980,2158 1022,2159 1064,2160 1107,2160 1149,2161 1191,2161 1233,2161 1275,2161 1318,2161 1360,2161 1402,2161 1444,2161 1486,2161 1529,2161 1571,2161 1613,2162 1655,2162 1697,2163 1740,2164"/>
                <TextEquiv>
                    <Unicode>Zimmer bei Frau Klähr stirbt Rittmeister Derue</Unicode>
                </TextEquiv>
            </TextLine>
            <TextLine id="r1l69" custom="readingOrder {index:68;}">
                <Coords points="883,2204 1747,2203 1747,2175 1694,2167 884,2150"/>
                <Baseline points="895,2193 937,2194 979,2196 1021,2197 1063,2198 1105,2198 1147,2199 1189,2200 1231,2200 1273,2200 1315,2200 1357,2200 1399,2200 1441,2200 1483,2200 1525,2200 1567,2200 1609,2201 1651,2201 1693,2201 1735,2202"/>
                <TextEquiv>
                    <Unicode>der Napoleonischen Armee und im Hause des</Unicode>
                </TextEquiv>
            </TextLine>
            <TextLine id="r1l70" custom="readingOrder {index:69;}">
                <Coords points="1858,2221 1977,2199 2007,2218 2643,2211 2643,2171 2423,2181 2344,2145 2267,2168 2244,2147 2038,2176 1858,2167"/>
                <Baseline points="1869,2200 1907,2201 1945,2203 1983,2204 2021,2205 2059,2205 2097,2206 2136,2206 2174,2207 2212,2207 2250,2207 2288,2207 2326,2207 2364,2207 2403,2207 2441,2207 2479,2207 2517,2207 2555,2208 2593,2208 2632,2209"/>
                <TextEquiv>
                    <Unicode>Wenn die Glocken den Frieden einläuten,</Unicode>
                </TextEquiv>
            </TextLine>
            <TextLine id="r1l71" custom="readingOrder {index:70;}">
                <Coords points="890,2245 1745,2246 1745,2216 1710,2206 890,2203"/>
                <Baseline points="901,2233 942,2235 984,2236 1025,2237 1067,2238 1108,2238 1150,2238 1191,2238 1233,2238 1274,2238 1316,2238 1358,2238 1399,2238 1441,2238 1482,2237 1524,2238 1565,2238 1607,2238 1648,2239 1690,2240 1732,2241"/>
                <TextEquiv>
                    <Unicode>Arztes Büdinger starben Frau und Kind, François</Unicode>
                </TextEquiv>
            </TextLine>
            <TextLine id="r1l72" custom="readingOrder {index:71;}">
                <Coords points="1772,2240 2636,2257 2636,2217 2592,2212 1772,2208"/>
                <Baseline points="1784,2239 1826,2241 1868,2243 1910,2243 1952,2244 1994,2245 2036,2245 2078,2246 2120,2246 2162,2246 2204,2246 2246,2246 2288,2246 2330,2246 2372,2246 2414,2247 2456,2247 2498,2248 2540,2248 2582,2249 2625,2251"/>
                <TextEquiv>
                    <Unicode>wird der junge Medardus erschossen. Als ein</Unicode>
                </TextEquiv>
            </TextLine>
            <TextLine id="r1l73" custom="readingOrder {index:72;}">
                <Coords points="877,2284 1715,2292 1755,2278 1755,2248 877,2249"/>
                <Baseline points="890,2272 932,2274 975,2276 1018,2277 1060,2278 1103,2278 1146,2279 1188,2279 1231,2279 1274,2279 1317,2279 1359,2278 1402,2278 1445,2278 1487,2278 1530,2278 1573,2278 1615,2278 1658,2278 1701,2279 1744,2280"/>
                <TextEquiv>
                    <Unicode>und Agathe stürzen sich in die Donau, Helene</Unicode>
                </TextEquiv>
            </TextLine>
            <TextLine id="r1l74" custom="readingOrder {index:73;}">
                <Coords points="1764,2281 2633,2290 2633,2259 2561,2249 1765,2246"/>
                <Baseline points="1776,2281 1818,2282 1860,2283 1902,2284 1945,2284 1987,2285 2029,2285 2071,2286 2114,2287 2156,2287 2198,2288 2240,2288 2283,2288 2325,2289 2367,2289 2409,2289 2452,2289 2494,2288 2536,2288 2578,2287 2621,2286"/>
                <TextEquiv>
                    <Unicode>Held wollte er, ein Rächer seines Vaters, in den</Unicode>
                </TextEquiv>
            </TextLine>
            <TextLine id="r1l75" custom="readingOrder {index:74;}">
                <Coords points="891,2318 1725,2331 1756,2296 892,2283"/>
                <Baseline points="903,2312 945,2314 987,2315 1029,2316 1071,2316 1113,2317 1155,2318 1197,2318 1239,2318 1281,2318 1323,2319 1365,2319 1407,2319 1449,2319 1491,2319 1533,2319 1575,2319 1617,2320 1659,2320 1701,2320 1744,2321"/>
                <TextEquiv>
                    <Unicode>von Valois wird von Medardus niedergesiochen,</Unicode>
                </TextEquiv>
            </TextLine>
            <TextLine id="r1l76" custom="readingOrder {index:75;}">
                <Coords points="1766,2324 2639,2334 2623,2290 1766,2287"/>
                <Baseline points="1777,2321 1819,2322 1862,2322 1904,2323 1947,2324 1989,2324 2032,2325 2074,2325 2117,2326 2159,2326 2202,2327 2244,2327 2287,2327 2329,2328 2372,2328 2414,2327 2457,2327 2499,2327 2542,2326 2584,2326 2627,2324"/>
                <TextEquiv>
                    <Unicode>Krieg ziehen und gewiß hätte er sich im Kampf</Unicode>
                </TextEquiv>
            </TextLine>
            <TextLine id="r1l77" custom="readingOrder {index:76;}">
                <Coords points="890,2356 1743,2358 1729,2323 890,2319"/>
                <Baseline points="901,2352 942,2353 984,2355 1025,2356 1067,2357 1108,2357 1150,2358 1191,2358 1233,2358 1274,2358 1316,2358 1358,2358 1399,2357 1441,2357 1482,2357 1524,2357 1565,2357 1607,2357 1648,2357 1690,2357 1732,2357"/>
                <TextEquiv>
                    <Unicode>eben als sie die Treppe zum Schönbrunner</Unicode>
                </TextEquiv>
            </TextLine>
            <TextLine id="r1l78" custom="readingOrder {index:77;}">
                <Coords points="1757,2366 2645,2377 2645,2335 2619,2328 1757,2326"/>
                <Baseline points="1768,2359 1811,2360 1854,2361 1897,2362 1940,2363 1984,2364 2027,2364 2070,2365 2113,2365 2156,2366 2200,2366 2243,2366 2286,2366 2329,2366 2372,2365 2416,2365 2459,2365 2502,2365 2545,2364 2588,2364 2632,2363"/>
                <TextEquiv>
                    <Unicode>als Held bewährt, Ein seltsames Schicksal</Unicode>
                </TextEquiv>
            </TextLine>
            <TextLine id="r1l79" custom="readingOrder {index:78;}">
                <Coords points="890,2405 1754,2411 1735,2364 890,2356"/>
                <Baseline points="901,2391 943,2393 985,2395 1027,2395 1069,2396 1111,2396 1153,2397 1195,2397 1237,2397 1279,2396 1321,2396 1363,2396 1405,2396 1447,2396 1489,2396 1531,2396 1573,2396 1615,2397 1657,2398 1699,2399 1742,2401"/>
                <TextEquiv>
                    <Unicode>Schlosse betritt, um Napoleon niederzustechen,</Unicode>
                </TextEquiv>
            </TextLine>
            <TextLine id="r1l80" custom="readingOrder {index:79;}">
                <Coords points="1761,2406 2630,2409 2630,2376 2439,2356 2359,2381 1761,2357"/>
                <Baseline points="1772,2397 1814,2398 1856,2399 1898,2400 1941,2401 1983,2402 2025,2402 2068,2403 2110,2403 2152,2404 2195,2404 2237,2404 2279,2404 2321,2405 2364,2405 2406,2405 2448,2405 2491,2405 2533,2405 2575,2405 2618,2405"/>
                <TextEquiv>
                    <Unicode>reißt ihn aus dieser Bahn und erst ganz am</Unicode>
                </TextEquiv>
            </TextLine>
            <TextLine id="r1l81" custom="readingOrder {index:80;}">
                <Coords points="882,2440 1744,2443 1744,2408 1704,2403 883,2403"/>
                <Baseline points="893,2429 937,2431 981,2432 1025,2433 1069,2434 1113,2435 1157,2435 1202,2435 1246,2434 1290,2434 1334,2434 1378,2434 1422,2433 1467,2433 1511,2433 1555,2433 1599,2434 1643,2434 1687,2436 1732,2437"/>
                <TextEquiv>
                    <Unicode>und Medardus wird standrechtlich erschossen:</Unicode>
                </TextEquiv>
            </TextLine>
            <TextLine id="r1l82" custom="readingOrder {index:81;}">
                <Coords points="1772,2441 2564,2453 2636,2442 2637,2411 1773,2404"/>
                <Baseline points="1783,2436 1825,2437 1867,2438 1909,2439 1951,2440 1993,2441 2035,2441 2077,2442 2119,2442 2161,2443 2203,2443 2245,2444 2287,2444 2329,2444 2371,2444 2413,2444 2455,2444 2497,2444 2539,2444 2581,2444 2624,2443"/>
                <TextEquiv>
                    <Unicode>Schlusse kehrt er, nach all den sonderbaren</Unicode>
                </TextEquiv>
            </TextLine>
            <TextLine id="r1l83" custom="readingOrder {index:82;}">
                <Coords points="886,2474 1360,2493 1757,2470 1740,2442 886,2436"/>
                <Baseline points="897,2470 939,2471 981,2472 1024,2473 1066,2473 1109,2474 1151,2474 1193,2474 1236,2474 1278,2474 1321,2475 1363,2475 1405,2475 1448,2475 1490,2475 1533,2475 1575,2476 1617,2476 1660,2476 1702,2477 1745,2478"/>
                <TextEquiv>
                    <Unicode>ein Totentanz in der Tracht des Jahres 1800</Unicode>
                </TextEquiv>
            </TextLine>
            <TextLine id="r1l84" custom="readingOrder {index:83;}">
                <Coords points="1760,2489 2636,2484 2636,2442 1761,2442"/>
                <Baseline points="1772,2476 1814,2477 1857,2477 1899,2478 1942,2478 1985,2479 2027,2479 2070,2480 2112,2480 2155,2480 2198,2480 2240,2481 2283,2481 2325,2481 2368,2481 2411,2481 2453,2482 2496,2482 2538,2483 2581,2483 2624,2484"/>
                <TextEquiv>
                    <Unicode>Abenteuern seiner Liebe zu Helene von Valois,</Unicode>
                </TextEquiv>
            </TextLine>
            <TextLine id="r1l85" custom="readingOrder {index:84;}">
                <Coords points="888,2513 1731,2535 1748,2479 888,2474"/>
                <Baseline points="901,2512 942,2512 984,2512 1026,2512 1068,2512 1109,2513 1151,2513 1193,2513 1235,2513 1276,2513 1318,2514 1360,2514 1402,2514 1443,2514 1485,2515 1527,2515 1569,2515 1610,2516 1652,2516 1694,2517 1736,2517"/>
                <TextEquiv>
                    <Unicode>wird uns vorgeführt, den die Wiener mit ihren</Unicode>
                </TextEquiv>
            </TextLine>
            <TextLine id="r1l86" custom="readingOrder {index:85;}">
                <Coords points="1761,2523 2639,2521 2623,2485 1761,2488"/>
                <Baseline points="1772,2517 1814,2517 1857,2516 1900,2516 1942,2516 1985,2517 2028,2517 2070,2518 2113,2518 2156,2519 2199,2520 2241,2520 2284,2521 2327,2521 2369,2522 2412,2522 2455,2522 2497,2522 2540,2522 2583,2521 2626,2520"/>
                <TextEquiv>
                    <Unicode>wiederum auf diese Bahn zurück, um männlich</Unicode>
                </TextEquiv>
            </TextLine>
            <TextLine id="r1l87" custom="readingOrder {index:86;}">
                <Coords points="878,2552 1588,2575 1742,2558 1743,2520 879,2514"/>
                <Baseline points="891,2548 935,2549 979,2549 1023,2550 1067,2550 1111,2551 1155,2552 1200,2553 1244,2553 1288,2554 1332,2555 1376,2555 1420,2556 1465,2556 1509,2556 1553,2556 1597,2556 1641,2556 1685,2555 1730,2554"/>
                <TextEquiv>
                    <Unicode>läppischen Späßen und ihrem platten Stamm¬</Unicode>
                </TextEquiv>
            </TextLine>
            <TextLine id="r1l88" custom="readingOrder {index:87;}">
                <Coords points="1760,2557 2495,2574 2591,2570 2642,2526 1760,2534"/>
                <Baseline points="1772,2557 1814,2556 1857,2556 1900,2555 1943,2556 1986,2556 2029,2556 2072,2557 2115,2558 2158,2558 2201,2559 2243,2559 2286,2560 2329,2560 2372,2560 2415,2560 2458,2560 2501,2559 2544,2558 2587,2557 2630,2555"/>
                <TextEquiv>
                    <Unicode>und aufrecht in den Tod zu gehen. Einen Wirr¬</Unicode>
                </TextEquiv>
            </TextLine>
            <TextLine id="r1l89" custom="readingOrder {index:88;}">
                <Coords points="887,2597 932,2611 1042,2594 1198,2605 1355,2595 1355,2562 1341,2560 1091,2552 956,2565 888,2550"/>
                <Baseline points="899,2587 925,2587 951,2588 977,2589 1003,2589 1029,2590 1056,2590 1082,2591 1108,2591 1134,2591 1160,2592 1186,2592 1213,2592 1239,2592 1265,2592 1291,2592 1317,2591 1344,2591"/>
                <TextEquiv>
                    <Unicode>tischgewieher begleiten.</Unicode>
                </TextEquiv>
            </TextLine>
            <TextLine id="r1l90" custom="readingOrder {index:89;}">
                <Coords points="1757,2600 2633,2598 2582,2565 1757,2558"/>
                <Baseline points="1769,2597 1811,2596 1854,2596 1896,2596 1939,2596 1982,2596 2024,2596 2067,2596 2109,2597 2152,2597 2195,2597 2237,2597 2280,2598 2322,2598 2365,2598 2408,2599 2450,2599 2493,2600 2535,2600 2578,2600 2621,2601"/>
                <TextEquiv>
                    <Unicode>kopf schilt ihn Meister Eschenbacher, aber sein</Unicode>
                </TextEquiv>
            </TextLine>
            <TextLine id="r1l91" custom="readingOrder {index:90;}">
                <Coords points="963,2642 1745,2643 1745,2604 1715,2597 963,2596"/>
                <Baseline points="974,2626 1012,2628 1050,2629 1088,2630 1126,2631 1164,2631 1202,2632 1240,2632 1278,2632 1316,2632 1354,2632 1392,2631 1430,2631 1468,2631 1506,2630 1544,2630 1582,2630 1620,2630 1658,2630 1696,2631 1734,2631"/>
                <TextEquiv>
                    <Unicode>Im Hintergrunde ragt die Gestalt Napoleons</Unicode>
                </TextEquiv>
            </TextLine>
            <TextLine id="r1l92" custom="readingOrder {index:91;}">
                <Coords points="1765,2632 1980,2657 2639,2648 2639,2620 2597,2603 1766,2597"/>
                <Baseline points="1778,2635 1820,2635 1862,2636 1905,2636 1947,2636 1990,2636 2032,2637 2074,2637 2117,2637 2159,2637 2202,2637 2244,2637 2286,2638 2329,2638 2371,2638 2414,2638 2456,2638 2498,2638 2541,2639 2583,2639 2626,2639"/>
                <TextEquiv>
                    <Unicode>Freund Etelt hat wohl recht, wenn er erwidernd</Unicode>
                </TextEquiv>
            </TextLine>
            <TextLine id="r1l93" custom="readingOrder {index:92;}">
                <Coords points="880,2664 1100,2685 1751,2669 1724,2638 881,2634"/>
                <Baseline points="893,2665 935,2666 977,2668 1020,2669 1062,2669 1104,2670 1147,2671 1189,2672 1231,2672 1274,2672 1316,2673 1358,2673 1401,2673 1443,2673 1485,2673 1528,2673 1570,2673 1612,2673 1655,2673 1697,2673 1740,2673"/>
                <TextEquiv>
                    <Unicode>auf. Niemals betritt der Kaiser die Bühne und</Unicode>
                </TextEquiv>
            </TextLine>
            <TextLine id="r1l94" custom="readingOrder {index:93;}">
                <Coords points="1762,2684 2638,2681 2638,2656 2582,2644 1762,2646"/>
                <Baseline points="1773,2674 1815,2675 1858,2676 1900,2677 1943,2677 1986,2677 2028,2678 2071,2678 2114,2678 2156,2678 2199,2678 2242,2678 2284,2678 2327,2678 2370,2678 2412,2678 2455,2678 2498,2678 2540,2678 2583,2678 2626,2679"/>
                <TextEquiv>
                    <Unicode>sagt: „Du kennst ihn ja doch nicht, Eine</Unicode>
                </TextEquiv>
            </TextLine>
            <TextLine id="r1l95" custom="readingOrder {index:94;}">
                <Coords points="889,2706 1749,2711 1732,2671 889,2669"/>
                <Baseline points="901,2704 942,2706 984,2707 1026,2709 1068,2710 1109,2710 1151,2711 1193,2711 1235,2712 1276,2712 1318,2712 1360,2712 1402,2712 1443,2712 1485,2712 1527,2711 1569,2711 1610,2711 1652,2711 1694,2711 1736,2712"/>
                <TextEquiv>
                    <Unicode>keines seiner Worte wird vernehmbar. Dennoch</Unicode>
                </TextEquiv>
            </TextLine>
            <TextLine id="r1l96" custom="readingOrder {index:95;}">
                <Coords points="1759,2719 2537,2732 2630,2719 2630,2677 1759,2682"/>
                <Baseline points="1772,2713 1814,2714 1856,2715 1899,2715 1941,2715 1983,2716 2026,2716 2068,2716 2110,2717 2153,2717 2195,2717 2237,2717 2280,2717 2322,2717 2364,2717 2407,2717 2449,2718 2491,2718 2534,2718 2576,2718 2619,2718"/>
                <TextEquiv>
                    <Unicode>Jugend leuchtet dunkelglühend auf — und im</Unicode>
                </TextEquiv>
            </TextLine>
            <TextLine id="r1l97" custom="readingOrder {index:96;}">
                <Coords points="883,2750 1745,2758 1745,2713 883,2712"/>
                <Baseline points="894,2744 936,2746 978,2746 1020,2748 1062,2748 1104,2749 1146,2750 1188,2750 1230,2751 1272,2751 1314,2751 1356,2752 1398,2752 1440,2752 1482,2752 1524,2752 1566,2751 1608,2751 1650,2751 1692,2751 1734,2750"/>
                <TextEquiv>
                    <Unicode>ist er unheimlich wirklich. Ganz in der Ferne</Unicode>
                </TextEquiv>
            </TextLine>
            <TextLine id="r1l98" custom="readingOrder {index:97;}">
                <Coords points="1767,2754 2631,2762 2631,2716 1767,2719"/>
                <Baseline points="1778,2751 1820,2752 1862,2753 1904,2754 1946,2754 1988,2755 2030,2755 2072,2755 2114,2755 2156,2755 2198,2755 2240,2755 2282,2755 2324,2755 2366,2755 2408,2755 2450,2755 2492,2756 2534,2756 2576,2757 2619,2758"/>
                <TextEquiv>
                    <Unicode>Wunsch deiner alfernden Jahre siehst du nur</Unicode>
                </TextEquiv>
            </TextLine>
            <TextLine id="r1l99" custom="readingOrder {index:98;}">
                <Coords points="890,2797 1719,2804 1749,2790 1749,2752 890,2753"/>
                <Baseline points="902,2785 943,2786 985,2787 1027,2788 1069,2789 1111,2789 1152,2789 1194,2790 1236,2790 1278,2790 1320,2790 1361,2790 1403,2790 1445,2790 1487,2790 1529,2790 1570,2790 1612,2790 1654,2791 1696,2791 1738,2792"/>
                <TextEquiv>
                    <Unicode>glaubt man ihn, gefolgt vom blitzenden Gefolge</Unicode>
                </TextEquiv>
            </TextLine>
            <TextLine id="r1l100" custom="readingOrder {index:99;}">
                <Coords points="1760,2799 2633,2802 2633,2765 2530,2755 1760,2752"/>
                <Baseline points="1771,2792 1813,2793 1856,2793 1898,2793 1941,2793 1983,2793 2026,2793 2068,2794 2111,2794 2153,2794 2196,2795 2238,2795 2281,2795 2323,2795 2366,2796 2408,2796 2451,2796 2493,2797 2536,2797 2578,2797 2621,2798"/>
                <TextEquiv>
                    <Unicode>ihren trüben Flackerschein.“ Ein merkwürdiges</Unicode>
                </TextEquiv>
            </TextLine>
            <TextLine id="r1l101" custom="readingOrder {index:100;}">
                <Coords points="887,2831 1697,2838 1741,2829 1741,2796 887,2800"/>
                <Baseline points="899,2822 940,2823 982,2825 1023,2826 1065,2827 1106,2827 1148,2828 1189,2829 1231,2829 1272,2829 1314,2829 1356,2829 1397,2829 1439,2829 1480,2829 1522,2829 1563,2829 1605,2829 1646,2829 1688,2829 1730,2829"/>
                <TextEquiv>
                    <Unicode>über die Bastei reiten zu sehen, am Arbeits¬</Unicode>
                </TextEquiv>
            </TextLine>
            <TextLine id="r1l102" custom="readingOrder {index:101;}">
                <Coords points="1761,2841 2639,2844 2615,2797 1761,2799"/>
                <Baseline points="1772,2829 1814,2831 1857,2832 1900,2833 1943,2834 1986,2834 2028,2834 2071,2834 2114,2834 2157,2834 2200,2834 2242,2833 2285,2833 2328,2833 2371,2832 2414,2832 2456,2832 2499,2832 2542,2833 2585,2834 2628,2835"/>
                <TextEquiv>
                    <Unicode>Abenteuer der Jugend in einer phantastischen</Unicode>
                </TextEquiv>
            </TextLine>
            <TextLine id="r1l103" custom="readingOrder {index:102;}">
                <Coords points="878,2859 1742,2879 1726,2827 878,2829"/>
                <Baseline points="890,2861 932,2863 974,2863 1016,2864 1058,2865 1100,2866 1142,2866 1184,2866 1226,2867 1268,2867 1310,2867 1352,2867 1394,2867 1436,2867 1478,2867 1520,2867 1562,2868 1604,2868 1646,2868 1688,2868 1730,2869"/>
                <TextEquiv>
                    <Unicode>tisch im Schönbrunner Schlosse sicht man ihn</Unicode>
                </TextEquiv>
            </TextLine>
            <TextLine id="r1l104" custom="readingOrder {index:103;}">
                <Coords points="1755,2879 2598,2887 2635,2845 1755,2846"/>
                <Baseline points="1766,2869 1808,2871 1851,2872 1894,2873 1937,2873 1980,2874 2023,2874 2066,2874 2109,2874 2152,2874 2195,2874 2237,2874 2280,2873 2323,2873 2366,2873 2409,2873 2452,2873 2495,2873 2538,2873 2581,2873 2624,2873"/>
                <TextEquiv>
                    <Unicode>und aufgeregten Zeit, das war es wohl, was</Unicode>
                </TextEquiv>
            </TextLine>
            <TextLine id="r1l105" custom="readingOrder {index:104;}">
                <Coords points="884,2910 1746,2906 1746,2873 885,2866"/>
                <Baseline points="897,2900 938,2902 980,2903 1022,2904 1064,2905 1106,2905 1148,2906 1190,2906 1232,2906 1274,2907 1316,2907 1357,2907 1399,2906 1441,2906 1483,2906 1525,2906 1567,2907 1609,2907 1651,2907 1693,2908 1735,2908"/>
                <TextEquiv>
                    <Unicode>sitzen und tritt er nicht jetzt in einen Prunk¬</Unicode>
                </TextEquiv>
            </TextLine>
            <TextLine id="r1l106" custom="readingOrder {index:105;}">
                <Coords points="1757,2920 2633,2922 2633,2885 2526,2872 1758,2874"/>
                <Baseline points="1769,2908 1811,2909 1854,2911 1896,2911 1939,2912 1982,2913 2024,2913 2067,2913 2109,2914 2152,2914 2195,2914 2237,2914 2280,2915 2322,2915 2365,2915 2408,2915 2450,2915 2493,2915 2535,2916 2578,2916 2621,2916"/>
                <TextEquiv>
                    <Unicode>Arthur Schnitzler in dieser neuen Dichtung</Unicode>
                </TextEquiv>
            </TextLine>
            <TextLine id="r1l107" custom="readingOrder {index:106;}">
                <Coords points="884,2945 1745,2962 1745,2922 1713,2908 884,2910"/>
                <Baseline points="895,2940 939,2941 983,2942 1027,2942 1071,2943 1115,2944 1159,2944 1204,2944 1248,2945 1292,2945 1336,2945 1380,2945 1424,2945 1469,2945 1513,2945 1557,2945 1601,2946 1645,2946 1689,2946 1734,2947"/>
                <TextEquiv>
                    <Unicode>saal des Schlosses Schönbrunn ganz in die</Unicode>
                </TextEquiv>
            </TextLine>
            <TextLine id="r1l108" custom="readingOrder {index:107;}">
                <Coords points="1760,2953 2631,2951 2631,2923 2449,2913 1760,2918"/>
                <Baseline points="1771,2950 1813,2950 1855,2950 1898,2950 1940,2950 1983,2950 2025,2950 2067,2950 2110,2950 2152,2951 2195,2951 2237,2951 2279,2951 2322,2951 2364,2952 2407,2952 2449,2952 2491,2952 2534,2952 2576,2952 2619,2952"/>
                <TextEquiv>
                    <Unicode>zeichnen wollte und so hat er das dichterische</Unicode>
                </TextEquiv>
            </TextLine>
            <TextLine id="r1l109" custom="readingOrder {index:108;}">
                <Coords points="874,2998 1748,2981 1666,2948 875,2944"/>
                <Baseline points="886,2979 928,2981 971,2983 1013,2983 1056,2984 1098,2984 1141,2985 1183,2985 1226,2984 1268,2984 1311,2984 1353,2983 1396,2983 1438,2983 1481,2983 1523,2983 1566,2983 1608,2983 1651,2984 1693,2985 1736,2987"/>
                <TextEquiv>
                    <Unicode>Mitte hin, wo ein Armsessel auf einem unter¬</Unicode>
                </TextEquiv>
            </TextLine>
            <TextLine id="r1l110" custom="readingOrder {index:109;}">
                <Coords points="1751,2988 2636,2994 2636,2949 1751,2955"/>
                <Baseline points="1762,2989 1805,2989 1848,2989 1891,2989 1934,2990 1977,2990 2020,2990 2063,2990 2106,2991 2149,2991 2193,2991 2236,2991 2279,2991 2322,2991 2365,2991 2408,2991 2451,2990 2494,2990 2537,2990 2580,2989 2624,2989"/>
                <TextEquiv>
                    <Unicode>Motiv, das zuerst im „Ruf des Lebens“ ange¬</Unicode>
                </TextEquiv>
            </TextLine>
            <TextLine id="r1l111" custom="readingOrder {index:110;}">
                <Coords points="882,3026 1676,3038 1742,3022 1742,2982 882,2998"/>
                <Baseline points="894,3024 935,3023 977,3023 1019,3023 1061,3023 1102,3023 1144,3023 1186,3023 1228,3023 1269,3023 1311,3024 1353,3024 1395,3024 1436,3025 1478,3025 1520,3025 1562,3026 1603,3026 1645,3027 1687,3027 1729,3028"/>
                <TextEquiv>
                    <Unicode>gebreiteten Teppich steht, läßt er sich nicht hier</Unicode>
                </TextEquiv>
            </TextLine>
            <TextLine id="r1l112" custom="readingOrder {index:111;}">
                <Coords points="1744,3027 2470,3045 2636,3037 2636,2997 1744,3011"/>
                <Baseline points="1757,3026 1800,3026 1843,3027 1887,3027 1930,3028 1973,3028 2017,3028 2060,3028 2103,3029 2147,3029 2190,3029 2233,3029 2277,3029 2320,3029 2363,3029 2407,3029 2450,3029 2493,3029 2537,3029 2580,3029 2624,3029"/>
                <TextEquiv>
                    <Unicode>schlagen wurde, ausgebreitet, reich ausgestattet</Unicode>
                </TextEquiv>
            </TextLine>
            <TextLine id="r1l113" custom="readingOrder {index:112;}">
                <Coords points="879,3058 1748,3066 1645,3021 879,3034"/>
                <Baseline points="890,3059 932,3060 974,3061 1016,3062 1059,3062 1101,3062 1143,3063 1186,3063 1228,3063 1270,3063 1313,3063 1355,3063 1397,3063 1439,3063 1482,3063 1524,3063 1566,3063 1609,3063 1651,3064 1693,3065 1736,3065"/>
                <TextEquiv>
                    <Unicode>nieder, sitzt er nicht hier im verdunkelten Saale</Unicode>
                </TextEquiv>
            </TextLine>
            <TextLine id="r1l114" custom="readingOrder {index:113;}">
                <Coords points="1758,3068 2211,3066 2311,3090 2638,3066 2638,3036 1758,3036"/>
                <Baseline points="1769,3066 1811,3066 1854,3067 1897,3067 1940,3067 1983,3068 2026,3068 2069,3068 2112,3068 2155,3068 2198,3069 2240,3069 2283,3069 2326,3069 2369,3070 2412,3070 2455,3070 2498,3070 2541,3070 2584,3071 2627,3071"/>
                <TextEquiv>
                    <Unicode>und mit unvergleichlich ruhiger Meisterschaft</Unicode>
                </TextEquiv>
            </TextLine>
            <TextLine id="r1l115" custom="readingOrder {index:114;}">
                <Coords points="881,3104 1717,3115 1752,3101 1752,3059 881,3060"/>
                <Baseline points="893,3095 935,3098 977,3099 1019,3100 1062,3101 1104,3102 1146,3102 1189,3102 1231,3102 1273,3102 1316,3101 1358,3101 1400,3101 1442,3101 1485,3101 1527,3101 1569,3102 1612,3103 1654,3104 1696,3106 1739,3108"/>
                <TextEquiv>
                    <Unicode>regungslos, die Arme übereinandergelegt, den</Unicode>
                </TextEquiv>
            </TextLine>
            <TextLine id="r1l116" custom="readingOrder {index:115;}">
                <Coords points="1765,3113 2552,3122 2629,3102 2606,3074 1765,3071"/>
                <Baseline points="1776,3103 1818,3104 1860,3105 1902,3105 1944,3105 1986,3106 2028,3106 2070,3107 2112,3107 2154,3107 2196,3107 2238,3107 2280,3107 2322,3107 2364,3107 2406,3107 2448,3107 2490,3107 2532,3107 2574,3106 2617,3106"/>
                <TextEquiv>
                    <Unicode>kunstvoll durchgeführt. Hus dem gediegenen</Unicode>
                </TextEquiv>
            </TextLine>
            <TextLine id="r1l117" custom="readingOrder {index:116;}">
                <Coords points="885,3146 1721,3156 1745,3107 885,3106"/>
                <Baseline points="896,3135 937,3136 979,3138 1021,3139 1063,3139 1105,3140 1146,3140 1188,3140 1230,3140 1272,3140 1314,3140 1355,3140 1397,3140 1439,3140 1481,3140 1523,3140 1564,3141 1606,3141 1648,3142 1690,3143 1732,3144"/>
                <TextEquiv>
                    <Unicode>linken Fuß vorgestreckt, den rechten unter den</Unicode>
                </TextEquiv>
            </TextLine>
            <TextLine id="r1l118" custom="readingOrder {index:117;}">
                <Coords points="1752,3147 2639,3151 2639,3119 2588,3114 2074,3125 1752,3096"/>
                <Baseline points="1763,3142 1806,3143 1849,3144 1892,3145 1935,3146 1979,3146 2022,3147 2065,3147 2108,3147 2151,3147 2195,3147 2238,3147 2281,3147 2324,3147 2367,3147 2411,3147 2454,3148 2497,3148 2540,3148 2583,3148 2627,3148"/>
                <TextEquiv>
                    <Unicode>Gold der Poesie hat Arthur Schnitzler künst¬</Unicode>
                </TextEquiv>
            </TextLine>
            <TextLine id="r1l119" custom="readingOrder {index:118;}">
                <Coords points="878,3173 1744,3192 1744,3157 1647,3145 878,3148"/>
                <Baseline points="890,3174 932,3176 974,3177 1016,3178 1058,3179 1100,3180 1142,3180 1184,3181 1226,3181 1268,3181 1311,3181 1353,3181 1395,3181 1437,3182 1479,3182 1521,3182 1563,3182 1605,3182 1647,3183 1689,3183 1732,3184"/>
                <TextEquiv>
                    <Unicode>Sessel gezogen? So leibhaftig sicht man den</Unicode>
                </TextEquiv>
            </TextLine>
            <TextLine id="r1l120" custom="readingOrder {index:119;}">
                <Coords points="1755,3189 2528,3203 2623,3187 2624,3147 1755,3152"/>
                <Baseline points="1767,3184 1809,3184 1851,3184 1893,3184 1935,3184 1978,3184 2020,3184 2062,3184 2104,3184 2146,3184 2189,3184 2231,3184 2273,3184 2315,3184 2357,3184 2400,3184 2442,3185 2484,3185 2526,3186 2568,3187 2611,3187"/>
                <TextEquiv>
                    <Unicode>lerische Gestalten in Hülle und Fülle hervor¬</Unicode>
                </TextEquiv>
            </TextLine>
            <TextLine id="r1l121" custom="readingOrder {index:120;}">
                <Coords points="887,3219 1746,3229 1746,3192 1560,3179 887,3184"/>
                <Baseline points="898,3212 939,3215 981,3216 1023,3217 1065,3218 1107,3219 1148,3220 1190,3220 1232,3220 1274,3220 1316,3220 1357,3220 1399,3219 1441,3219 1483,3219 1525,3219 1566,3220 1608,3220 1650,3221 1692,3222 1734,3224"/>
                <TextEquiv>
                    <Unicode>Soldatenkaiser, der von außenher die ganze</Unicode>
                </TextEquiv>
            </TextLine>
            <TextLine id="r1l122" custom="readingOrder {index:121;}">
                <Coords points="1761,3251 1800,3228 2389,3222 2634,3252 2634,3195 1761,3200"/>
                <Baseline points="1773,3225 1815,3224 1857,3223 1900,3222 1942,3222 1985,3221 2027,3221 2070,3221 2112,3221 2155,3221 2197,3222 2239,3222 2282,3223 2324,3223 2367,3224 2409,3225 2452,3225 2494,3226 2537,3227 2579,3227 2622,3228"/>
                <TextEquiv>
                    <Unicode>getrieben und man wird nicht müde, den</Unicode>
                </TextEquiv>
            </TextLine>
            <TextLine id="r1l123" custom="readingOrder {index:122;}">
                <Coords points="878,3258 1739,3261 1739,3233 1700,3225 878,3223"/>
                <Baseline points="890,3252 931,3254 973,3256 1015,3257 1057,3258 1099,3259 1141,3259 1183,3259 1225,3259 1267,3259 1309,3259 1350,3259 1392,3259 1434,3259 1476,3259 1518,3259 1560,3259 1602,3259 1644,3260 1686,3261 1728,3262"/>
                <TextEquiv>
                    <Unicode>Handlung in Bewegung setzt und mit seinen</Unicode>
                </TextEquiv>
            </TextLine>
            <TextLine id="r1l124" custom="readingOrder {index:123;}">
                <Coords points="1765,3275 2608,3280 2629,3245 1940,3224 1765,3247"/>
                <Baseline points="1777,3267 1819,3266 1861,3265 1903,3264 1945,3263 1987,3263 2029,3262 2071,3262 2113,3262 2155,3262 2197,3263 2239,3263 2281,3263 2323,3264 2365,3264 2407,3264 2449,3265 2491,3265 2533,3265 2575,3265 2617,3265"/>
                <TextEquiv>
                    <Unicode>„jungen Medardus“ mit dem Schmuck seiner</Unicode>
                </TextEquiv>
            </TextLine>
            <TextLine id="r1l125" custom="readingOrder {index:124;}">
                <Coords points="884,3299 1741,3301 1741,3262 885,3264"/>
                <Baseline points="897,3292 938,3294 980,3296 1021,3297 1063,3298 1105,3299 1146,3299 1188,3299 1230,3299 1271,3299 1313,3299 1355,3298 1396,3298 1438,3298 1480,3298 1521,3298 1563,3298 1605,3299 1646,3300 1688,3301 1730,3302"/>
                <TextEquiv>
                    <Unicode>Befehlen und Urteilen, mit Botschaften und</Unicode>
                </TextEquiv>
            </TextLine>
            <TextLine id="r1l126" custom="readingOrder {index:125;}">
                <Coords points="1746,3313 2627,3303 2627,3277 2557,3270 1746,3269"/>
                <Baseline points="1759,3302 1801,3303 1844,3304 1887,3305 1930,3305 1972,3305 2015,3305 2058,3305 2101,3305 2143,3304 2186,3304 2229,3304 2272,3303 2314,3303 2357,3303 2400,3303 2443,3303 2485,3303 2528,3303 2571,3304 2614,3305"/>
                <TextEquiv>
                    <Unicode>siebzig Figuren und Figürchen als ein Meister¬</Unicode>
                </TextEquiv>
            </TextLine>
            <TextLine id="r1l127" custom="readingOrder {index:126;}">
                <Coords points="880,3334 1744,3349 1744,3302 1642,3295 880,3296"/>
                <Baseline points="892,3332 934,3334 976,3335 1018,3335 1060,3336 1102,3337 1144,3337 1186,3337 1228,3337 1270,3337 1312,3337 1354,3337 1396,3338 1438,3338 1480,3338 1522,3338 1564,3338 1606,3339 1648,3340 1690,3340 1733,3342"/>
                <TextEquiv>
                    <Unicode>Proklamationen, mit seinen Soldaten und seinem</Unicode>
                </TextEquiv>
            </TextLine>
            <TextLine id="r1l128" custom="readingOrder {index:127;}">
                <Coords points="1754,3353 2494,3352 2494,3317 2454,3310 1754,3313"/>
                <Baseline points="1765,3340 1800,3340 1836,3341 1872,3341 1908,3341 1944,3341 1980,3342 2015,3342 2051,3342 2087,3342 2123,3342 2159,3341 2195,3341 2231,3341 2266,3341 2302,3341 2338,3341 2374,3342 2410,3342 2446,3342 2482,3342"/>
                <TextEquiv>
                    <Unicode>stück kostbarster Arbeit zu bewundern.</Unicode>
                </TextEquiv>
            </TextLine>
            <TextLine id="r1l129" custom="readingOrder {index:128;}">
                <Coords points="872,3385 931,3406 1743,3391 1725,3342 872,3336"/>
                <Baseline points="883,3376 925,3377 967,3377 1010,3378 1052,3378 1095,3378 1137,3378 1179,3377 1222,3377 1264,3377 1307,3377 1349,3376 1391,3376 1434,3376 1476,3376 1519,3377 1561,3377 1603,3378 1646,3379 1688,3380 1731,3382"/>
                <TextEquiv>
                    <Unicode>Adjutanten unaufhörlich in die Geschehnisse</Unicode>
                </TextEquiv>
            </TextLine>
            <TextLine id="r1l130" custom="readingOrder {index:129;}">
                <Coords points="2258,3395 2370,3419 2400,3400 2442,3422 2475,3422 2517,3396 2547,3408 2582,3392 2606,3397 2606,3369 2580,3371 2555,3350 2531,3361 2466,3352 2405,3363 2361,3351 2337,3367 2293,3351 2258,3358"/>
                <Baseline points="2269,3392 2294,3392 2319,3392 2344,3392 2369,3392 2394,3392 2419,3392 2444,3392 2469,3392 2494,3393 2519,3393 2544,3393 2569,3393 2595,3393"/>
                <TextEquiv>
                    <Unicode>Dr. Max Graf.</Unicode>
                </TextEquiv>
            </TextLine>
            <TextLine id="r1l131" custom="readingOrder {index:130;}">
                <Coords points="803,3542 2535,3559 2690,3510 803,3495"/>
                <Baseline points="815,3523 908,3524 1001,3526 1094,3527 1187,3527 1281,3527 1374,3528 1467,3527 1560,3527 1653,3527 1747,3527 1840,3527 1933,3526 2026,3526 2119,3526 2213,3527 2306,3527 2399,3528 2492,3529 2585,3531 2679,3533"/>
                <TextEquiv>
                    <Unicode>————</Unicode>
                </TextEquiv>
            </TextLine>
            <TextLine id="r1l132" custom="readingOrder {index:131;}">
                <Coords points="1679,3591 1703,3590 1714,3598 1721,3591 1736,3590 1750,3582 1763,3592 1786,3575 1806,3581 1810,3530 1777,3528 1762,3540 1748,3542 1737,3536 1711,3539 1707,3534 1684,3530"/>
                <Baseline points="1692,3571 1717,3571 1743,3573 1769,3575 1795,3578"/>
                <TextEquiv>
                    <Unicode>212 —</Unicode>
                </TextEquiv>
            </TextLine>
            <TextEquiv>
                <Unicode>box 26/7
Meda
22. Der junge dus
——
n
een de ere e  e en  e 
2211
 . Jahr
 
425 Hei 5

Rer..
B 
C
um #. K#.
LL
daran erinnern, daß wir in eine Zeit und in
eingreift. Er ist Verhängnis und Schicksal für
eine Gegend geführt werden, wo auch das
die Familie Klähr und die Familie des ehemali¬
Wunderbarste natürlich ist. Der Krieg ist
gen Herzogs von Valois und das Schicksal
überdies die größte Steigerung des echt Schnitz¬
dieser Familien ist mit dem seinen und dem
lerischen Themas: des Sterbens. Er ist der
seiner Heere verbunden. Der Dolch, den Helene,
Tod im großen, das allgemeine Sterben, das
die Marquise von Valois, bei sich trägt, wenn
sinnlos und wahllos Menschen hinwegrafft,
sie die Freitreppe zum Schönbrunner Schlosse
während der Nachbar gesund und frisch einem
hinaufsteigt, soll Napoleon den Tod bringen
neuen Leben entgegengeht. Bei jedem Schritte
und der Dolch, den Medardus im Gewande
droht eine Kugel und jeder Einzelne muß in
trägt, ist gleichfalls für Napoleon bestimmt.
jedem Rugenblicke bereit sein, umzusinken. So
Helena will den Soldatenkaiser, der auf
gehen alle Menschen gleichsam nur mit kre¬
dem Thron von Frankreich plebejisch sich
ditiertem Leben herum und die Lebensvollmacht
räkelt, niederstechen, da die Kaiserkrone ihr
kann ihnen sofort entzogen werden. Ein dunkler
und den Ihren gehört, und Medardus die Hin¬
Schatten liegt auf ihnen, deren Wesen, da sie
richtung seines Onkels Eschenbacher an Napoleon
zwischen Wirklichkeit und Tod wandeln, etwas
rächen Aber Napoleon ist größer als die stärk¬
traumhaftes und nicht mehr die volle Körper¬
sten Naturen und die Helden dieser Dichtung.
schwere hat. Immer wieder variiert Schnitzler
Kein Dolch trifft ihn: der des Medordus wird
im Medardus dieses Motiv des Sterbens. Tapfere
von seinem Ziele abgelenkt und trifft Helene,
Jünglinge sterben und ein schuldloses Kind,
und der junge Mann, der ihn auf seinem
Gretel, die Urenkelin eines dreiundneunzig¬
Siegeszuge mit einem Dolchstoß vernichten wollte,
jährigen Hofrats; Meister Eschenbacher wird
rettet ihm das Leben. So sorgt der Himmel
erschossen und Desolteux, ein Anhänger des
für den Kaiser, dessen Todesurteile pünktlich
Herzogs von Valois, wird durch einen Schuß
vollzogen werden, sei es mit dem Peletonfeuer
aus dem Hinterhalt niedergestreckt; in einem
seiner Soldaten, sei es mit einem Schuß aus
dem Hinterhalt.
Zimmer bei Frau Klähr stirbt Rittmeister Derue
der Napoleonischen Armee und im Hause des
Wenn die Glocken den Frieden einläuten,
Arztes Büdinger starben Frau und Kind, François
wird der junge Medardus erschossen. Als ein
und Agathe stürzen sich in die Donau, Helene
Held wollte er, ein Rächer seines Vaters, in den
von Valois wird von Medardus niedergesiochen,
Krieg ziehen und gewiß hätte er sich im Kampf
eben als sie die Treppe zum Schönbrunner
als Held bewährt, Ein seltsames Schicksal
Schlosse betritt, um Napoleon niederzustechen,
reißt ihn aus dieser Bahn und erst ganz am
und Medardus wird standrechtlich erschossen:
Schlusse kehrt er, nach all den sonderbaren
ein Totentanz in der Tracht des Jahres 1800
Abenteuern seiner Liebe zu Helene von Valois,
wird uns vorgeführt, den die Wiener mit ihren
wiederum auf diese Bahn zurück, um männlich
läppischen Späßen und ihrem platten Stamm¬
und aufrecht in den Tod zu gehen. Einen Wirr¬
tischgewieher begleiten.
kopf schilt ihn Meister Eschenbacher, aber sein
Im Hintergrunde ragt die Gestalt Napoleons
Freund Etelt hat wohl recht, wenn er erwidernd
auf. Niemals betritt der Kaiser die Bühne und
sagt: „Du kennst ihn ja doch nicht, Eine
keines seiner Worte wird vernehmbar. Dennoch
Jugend leuchtet dunkelglühend auf — und im
ist er unheimlich wirklich. Ganz in der Ferne
Wunsch deiner alfernden Jahre siehst du nur
glaubt man ihn, gefolgt vom blitzenden Gefolge
ihren trüben Flackerschein.“ Ein merkwürdiges
über die Bastei reiten zu sehen, am Arbeits¬
Abenteuer der Jugend in einer phantastischen
tisch im Schönbrunner Schlosse sicht man ihn
und aufgeregten Zeit, das war es wohl, was
sitzen und tritt er nicht jetzt in einen Prunk¬
Arthur Schnitzler in dieser neuen Dichtung
saal des Schlosses Schönbrunn ganz in die
zeichnen wollte und so hat er das dichterische
Mitte hin, wo ein Armsessel auf einem unter¬
Motiv, das zuerst im „Ruf des Lebens“ ange¬
gebreiteten Teppich steht, läßt er sich nicht hier
schlagen wurde, ausgebreitet, reich ausgestattet
nieder, sitzt er nicht hier im verdunkelten Saale
und mit unvergleichlich ruhiger Meisterschaft
regungslos, die Arme übereinandergelegt, den
kunstvoll durchgeführt. Hus dem gediegenen
linken Fuß vorgestreckt, den rechten unter den
Gold der Poesie hat Arthur Schnitzler künst¬
Sessel gezogen? So leibhaftig sicht man den
lerische Gestalten in Hülle und Fülle hervor¬
Soldatenkaiser, der von außenher die ganze
getrieben und man wird nicht müde, den
Handlung in Bewegung setzt und mit seinen
„jungen Medardus“ mit dem Schmuck seiner
Befehlen und Urteilen, mit Botschaften und
siebzig Figuren und Figürchen als ein Meister¬
Proklamationen, mit seinen Soldaten und seinem
stück kostbarster Arbeit zu bewundern.
Adjutanten unaufhörlich in die Geschehnisse
Dr. Max Graf.
————
212 —</Unicode>
            </TextEquiv>
        </TextRegion>
    </Page>
</PcGts>
