3296 4256
214 212 1358 306 22. Den junge Medandus
1174 1740 1571 1830 Telephon 12.801.
637 1890 1385 1984 „ODOENVEN
476 1976 1556 2042 I. österr. beh. konz. Unternehmen für Zeitungs¬
682 2020 1362 2078 Ausschnitte und Bibliographie.
654 2065 1422 2147 Wien, I., Conoordiaplatz 4.
871 2138 1205 2207 Vertretungen
470 2177 1569 2251 in Berlin, Brüssel, Budapest, Chicago, Cleveland, Christiania,
480 2228 1573 2280 Genf, Kopenhagen, London, Madrid, Mailand, Minneapolis,
488 2273 1563 2316 New-Vork, Paris, Rom, San Francisco, Stockholm, St. Peters¬
884 2304 1173 2362 burg, Toronto.
824 2346 1219 2407 Jdellenaugabe ohne Gewähr.)
471 2404 869 2481 Ausschnitt aus:
613 2462 1467 2567 2.8 NoKaflsbader Badeblatt
473 2520 635 2576 vom:
600 2678 1532 2739 Großer Erfola Schnitzlers in Wien. Wien,
517 2736 1527 2787 24. Nov. Die Premiere des „Jlngen Medardus“
518 2779 1531 2850 ging heute unter allen Zeichen einer Sensation vor sich.
515 2837 1549 2898 Die Wiener Gesellschaft war heute fast geschlossen im
514 2880 1544 2946 Burgtheater beisammen. Baron Berger hatte in den
516 2937 1552 2981 Dienst des personen= und verwandlungsreichen Stückes
519 2983 1550 3041 fast alle seine Schauspieler gestellt, die sich mit allen Kräf¬
515 3023 1547 3100 ten für den Erfolg einsetzten. Er blieb schließlich auch
504 3082 735 3150 nicht aus.
1549 212 1943 304 box 26/5
2312 263 2937 350 „ODSERVER
2112 316 3192 404 1. öeterr. behördl. konz. Unternehmen für Zeitungs-Ausschultte
2288 395 3016 460 Wien, I., Concordiaplatz 4.
2506 449 2808 514 Vertretungen
2104 486 3199 541 in Berlin, Basel, Budapest, Chicago, Cleveland, Christiania,
2111 546 3194 593 Gent, Kopenhagen, London, Madrid, Mailand, Minneapolls
2103 582 3173 633 New-Vork, Paris, Rom, San Francisco, Stockholm, St. Peters
2509 621 2809 677 burg, Toronto.
2445 663 2860 719 (Obellenangabe ohne Dewühr).
2106 729 2454 792 Ausschnitt aus
2125 867 2254 940 kom:
2038 922 2302 990 —
2154 971 2242 1047 Der
2073 1026 2268 1100 XX Wien.
2038 1086 2211 1143 junge
2032 1131 2143 1182 In de
2032 1169 2166 1223 und für
2033 1211 2105 1263 erso
2620 1218 2658 1263 t
2043 1256 2083 1300 ge
2034 1293 2146 1339 Stund
2776 1298 2822 1347 hi
2034 1412 2103 1459 der
2033 1450 2079 1494 de
2649 1534 2682 1582 bi
2902 1536 2941 1579 10
2038 1569 2086 1618 Es
2490 1616 2532 1659 *
2033 1687 2107 1736 Wie
2036 1730 2087 1771 un
2038 1765 2114 1812 Gär
2033 1804 2116 1854 daß
2025 1843 2115 1890 der
2026 1883 2138 1932 Napol
2034 1922 2178 1969 einer Bl
2522 1929 2562 1978 g
3095 1929 3129 1977 hu
3159 1928 3242 1976 ster,
2024 1964 2180 2011 die wege
3064 1966 3102 2008 nig
2026 2001 2171 2052 Prinzen
3184 2012 3244 2054 m
2024 2040 2205 2088 die Schwe
3170 2048 3231 2093 den
3096 2046 3142 2087 b
2031 2074 2214 2130 Unglücklich
3133 2086 3232 2135 tigen
3073 2088 3112 2129 hn
2020 2110 2262 2171 Tochter des H
3097 2124 3136 2170 ie
2500 2121 2536 2169 lo
3164 2125 3200 2173 et
2024 2155 2465 2212 ihren Vetter, den Marqui¬
3069 2163 3240 2210 und ver¬
2032 2195 2336 2248 spricht ihm ihre H
2392 2209 2434 2252 ,
3034 2201 3228 2251 Duell wird
2018 2236 2556 2289 Medardus indes nur schwer ver
2591 2239 2684 2290 undet.
2852 2235 3232 2295 nzessin, durch den Tod
2017 2278 2785 2324 des Bruders selbst berufen, die Thronansprüc
2948 2276 3244 2330 auses Valois zu
2026 2316 2490 2369 vertreten, gibt dem Marqui
2716 2319 2813 2368 eHan
2518 2318 2560 2364 de
2841 2317 2947 2379 hat
2969 2326 3235 2372 er zugleich ein
2021 2353 3233 2409 lebhaftes Interese an dem Verwundeten gewonnen. Durch ihre Zofe
2018 2395 3240 2447 läßt sie ihm die Blumen überbringen, die er sie verhindert hat, am Grabe
2025 2437 3229 2481 des Bruders niederzulegen. Der heißblütige Jüngling ist dadurch in ihren
2023 2475 3236 2524 Zauberbann geschlagen. Er springt vom Lager und eilt zur Prinzessin,
2022 2517 3240 2564 halb um ihr zu danken, halb um den Tod der Schwester durch eine Lieb¬
2017 2551 3235 2600 schaft mit der stolzen Herzogstochter zu rächen. Er übersteigt die Garten¬
2013 2591 3234 2653 mauer, da ihm die Pforte verschlossen bleibt, und die Prinzessin, die
2016 2629 3237 2685 eben noch, um sein angekündigtes Kommen zu verhindern, den Pforten¬
2020 2666 3241 2714 schlüssel in den Teich geworfen, läßt ihn auf ihr Zimmer führen. Diese
2010 2709 3243 2762 eine Liebesnacht bringt ihn zur Liebesraserei, in der er sein eigentliches
2009 2747 3234 2800 Ziel, die Schwester zu rächen, vergißt. Die Hochzeit der Prinzessin mit
2004 2790 3242 2837 dem Marquis ruft ihm dieses wieder ins Gedächtnis. Er dringt in das
2014 2827 3234 2879 Haus des Valois ein, um die vermeintlich Ungetreue vor den Ihren
2014 2866 3240 2906 durch Enthüllung ihres Liebeshandels mit ihm zu ent ehren. Allein der
2015 2909 3239 2951 Prinzessin bändigt ihn mit ihren Blicken und ihren scharfen Worten, und
2007 2936 3239 2989 zerknirscht zieht er ab. Für die schwere Schlappe entschädigt ihn aber eine
2016 2987 3247 3034 neue Liebesnacht, in der die Prinzessin den Widerstrebenden wieder ganz
2012 3025 3227 3070 umgarnt. Ein Vorfall in der eigenen Familie bringt ihn abermals zur
2020 3062 3240 3112 Besinnung. Sein Oheim wird als Verräter erschossen. Medardus
2020 3098 3239 3139 beschließt darauf, Napoleon, der an all seinem Familienunglück und dem
2021 3144 3238 3190 Unglück des Volkes schuld ist, zu ermorden. Aber eine neue Zusammen¬
2014 3180 3237 3224 kunft mit der Prinzessin, die ihn nun für ihre Interessen zu Napoleons
2029 3221 3236 3261 Ermordung aufstacheln will, verekelt ihm diesen Gedanken; er will nicht
2012 3261 3240 3312 das Werkzeug der Valois sein. Da kommt ihm das Gerücht zu Ohren,
2022 3294 3242 3348 die Prinzessin sei die Geliebte Napoleons geworden, gerade als das Volk
2011 3333 3272 3386 vor Schloß Schönbrunn die beiden Kaiser zur Friedensparade erwartet, #
2020 3375 3247 3424 und wie er die Prinzessin die Freitreppe zur Audienz, in der sie selbst
2019 3413 3240 3448 Napoleon ermorden wollte, hinaufsteigen sieht, packt ihn der Haß des
2011 3448 3237 3487 vermeintlich Betrogenen, und zugleich steigt die Erinnerung an die
2014 3488 3235 3538 Schwester wieder in ihm auf. Er stellt sich der Prinzelsin entgegen und
2019 3528 3235 3579 stötzt ihr den Dolch, der für Napoleon bestimmt war, ins Herz. Im
2013 3569 3246 3616 Gefängnis überbringt ihm Napoleons Adjutant dessen Entschluß, ihn
2015 3607 3270 3655 freizugeben, zbeil er ihn vor einer Attentäterin bewahrt habe. Medard#s¬
2038 3690 3248 3769 weist jedoch die Großmut als unverdient zurück; und da ei sich auch
2025 3751 3251 3799 weigert, für die Zukunft von der Ausführung seines Planes abzustehen,
2024 3767 3259 3819 wird er im Gesängnishof sofort erschossen. Diese geschraubte Psychologie
2039 3809 3246 3875 der beiden Haupthelden Medardus und Helene von Valois, und die sehr
2030 3843 3258 3894 freie Behandlung des Historischen ließen bei dem kritisch veranlagten
2029 3901 3269 3956 Teil des Publikums keinrechtes Behagen aufkommen. Die Galerie hielt sich)
2035 3929 3256 3998 dagegen an die patriotischen Anklänge, die eingestrenten Episoden und
2039 3966 3255 4025 die hübschen Szenenbilder und klatschte reichlich Beifall, so daß sich der
2032 3999 2983 4069 Verfasser nach jedem Aktschluß vielmals zeigen konnte.
3160 1306 3193 1348 II7
