<?xml version="1.0" encoding="UTF-8" standalone="yes"?>
<PcGts xmlns="http://schema.primaresearch.org/PAGE/gts/pagecontent/2013-07-15" xmlns:xsi="http://www.w3.org/2001/XMLSchema-instance" xsi:schemaLocation="http://schema.primaresearch.org/PAGE/gts/pagecontent/2013-07-15 http://schema.primaresearch.org/PAGE/gts/pagecontent/2013-07-15/pagecontent.xsd">
    <Metadata>
        <Creator>prov=University of Rostock/Institute of Mathematics/CITlab/Gundram Leifert/gundram.leifert@uni-rostock.de:name=ONB_Newseye_GT_M1+(htr_id=10810)::::v=2.4.2
prov=University of Rostock/Institute of Mathematics/CITlab/Tobias Gruening/tobias.gruening@uni-rostock.de:name=de.uros.citlab.module.baseline2polygon.B2PSeamMultiOriented:v=2.4.2
prov=University of Rostock/Institute of Mathematics/CITlab/Tobias Gruening/tobias.gruening@uni-rostock.de:name=/mnt/transkribus/LA/DEA/URO/LA_news_onb_att.pb:de.uros.citlab.segmentation.CITlab_LA_ML:v=2.4.2
Transkribus</Creator>
        <Created>2019-10-07T11:18:03.025+02:00</Created>
        <LastChange>2019-10-08T04:30:04.421+02:00</LastChange>
        <TranskribusMetadata docId="223966" pageId="9498749" pageNr="515" tsid="16500797" status="IN_PROGRESS" userId="40391" imgUrl="https://files.transkribus.eu/Get?id=DSJXVYTVPWBBOWGQLXDUISPO&amp;fileType=view" xmlUrl="https://files.transkribus.eu/Get?id=JIOOXCBFMMJXHFRWKNGHEUMK" imageId="6188971"/>
    </Metadata>
    <Page imageFilename="223966_0515.jpeg" imageWidth="3436" imageHeight="4320">
        <ReadingOrder>
            <OrderedGroup id="ro_1711440882277" caption="Regions reading order">
                <RegionRefIndexed index="0" regionRef="r1"/>
            </OrderedGroup>
        </ReadingOrder>
        <TextRegion orientation="0.0" id="r1" custom="readingOrder {index:0;}">
            <Coords points="147,154 147,3217 3115,3217 3115,154"/>
            <TextLine id="r1l1" custom="readingOrder {index:0;}">
                <Coords points="1041,192 1088,207 1108,141 1093,136 1089,139 1084,130 1081,129 1077,132 1062,127"/>
                <Baseline points="1060,187 1076,192"/>
                <TextEquiv>
                    <Unicode>9</Unicode>
                </TextEquiv>
            </TextLine>
            <TextLine id="r1l2" custom="readingOrder {index:1;}">
                <Coords points="290,189 1357,254 1481,229 1483,171 1162,144 1059,192 940,136 292,121"/>
                <Baseline points="308,174 365,181 423,187 481,192 539,197 597,200 655,204 712,207 770,209 828,210 886,212 944,213 1002,214 1060,215 1117,216 1175,216 1233,217 1291,218 1349,219 1407,220 1465,222"/>
                <TextEquiv>
                    <Unicode>22. ber junge Ledardus</Unicode>
                </TextEquiv>
            </TextLine>
            <TextLine id="r1l3" custom="readingOrder {index:2;}">
                <Coords points="1618,220 1712,237 1781,223 2093,228 2095,176 2050,161 1858,154 1776,171 1621,145"/>
                <Baseline points="1636,207 1662,207 1688,207 1714,207 1740,209 1766,209 1792,211 1818,213 1844,215 1870,216 1896,217 1922,219 1948,219 1974,220 2000,220 2026,220 2052,219 2078,217"/>
                <TextEquiv>
                    <Unicode>box 27/2</Unicode>
                </TextEquiv>
            </TextLine>
            <TextLine id="r1l4" custom="readingOrder {index:3;}">
                <Coords points="483,821 2846,915 3125,856 485,763"/>
                <Baseline points="501,821 631,826 761,830 891,835 1021,839 1152,844 1282,849 1412,853 1542,858 1672,863 1803,868 1933,872 2063,876 2193,881 2323,885 2453,889 2584,894 2714,898 2844,901 2974,905 3105,909"/>
                <TextEquiv>
                    <Unicode>Salten und Schnitzler selbst vor der großen Metamorphose des Jahres äußerstem Leben und Sterben, wo die Gier aus den Poren der Ver¬</Unicode>
                </TextEquiv>
            </TextLine>
            <TextLine id="r1l5" custom="readingOrder {index:4;}">
                <Coords points="495,867 3108,967 3117,902 496,822"/>
                <Baseline points="512,861 641,866 770,872 900,876 1029,881 1158,886 1288,890 1417,895 1546,900 1676,904 1805,908 1934,913 2064,917 2193,921 2322,925 2452,929 2581,934 2710,938 2840,942 2969,947 3099,951"/>
                <TextEquiv>
                    <Unicode>1914 richtig zu sehen glaubten. Auch Medardus Klähr hat zuviel Nerven wesung duftet), das Schnitzler so oft und gern benutzt. Es gibt empfind,</Unicode>
                </TextEquiv>
            </TextLine>
            <TextLine id="r1l6" custom="readingOrder {index:5;}">
                <Coords points="507,913 2945,988 509,861"/>
                <Baseline points="525,905 645,909 765,914 885,918 1005,922 1125,927 1245,931 1366,936 1486,940 1606,944 1726,948 1846,951 1966,955 2086,960 2207,963 2327,967 2447,971 2567,975 2687,978 2807,982 2928,986"/>
                <TextEquiv>
                    <Unicode>und zu wenig Faust; hat diese Mimosenseele, die vor der Tat scheu same, heroische und zweifelnde Reflexionen über den Krieg,</Unicode>
                </TextEquiv>
            </TextLine>
            <TextLine id="r1l7" custom="readingOrder {index:6;}">
                <Coords points="2930,986 2953,985 2976,995 2985,985 3008,992 3024,979 3044,995 3077,995 3093,981 3119,984 3119,939 3096,936 3080,949 3063,936 3047,952 2930,950"/>
                <Baseline points="2945,987 2971,987 2997,987 3024,987 3050,987 3076,987 3103,985"/>
                <TextEquiv>
                    <Unicode>die ein</Unicode>
                </TextEquiv>
            </TextLine>
            <TextLine id="r1l8" custom="readingOrder {index:7;}">
                <Coords points="506,942 3108,1056 3134,985 507,913"/>
                <Baseline points="521,946 650,950 780,955 910,959 1039,964 1169,969 1299,973 1428,978 1558,983 1688,987 1818,992 1947,996 2077,1001 2207,1005 2336,1009 2466,1013 2596,1017 2725,1021 2855,1025 2985,1028 3115,1031"/>
                <TextEquiv>
                    <Unicode>zurückweicht, sich nur an den Gedanken klammert und in einer fort= prophetisch=dichterisches Gemüt direkt für unsere Zeit vorbereitet zu haben</Unicode>
                </TextEquiv>
            </TextLine>
            <TextLine id="r1l9" custom="readingOrder {index:8;}">
                <Coords points="501,991 3119,1028 502,942"/>
                <Baseline points="518,983 647,988 776,993 905,997 1034,1002 1163,1007 1292,1012 1422,1016 1551,1021 1680,1026 1809,1030 1938,1035 2067,1039 2196,1043 2326,1047 2455,1052 2584,1055 2713,1060 2842,1063 2971,1066 3101,1070"/>
                <TextEquiv>
                    <Unicode>dauernden Wollust des Schmerzes seine Lebensaufgabe sucht und findet.l scheint; und der junge Medardus ist doch schon fünf Jahre alt. Es flirrt</Unicode>
                </TextEquiv>
            </TextLine>
            <TextLine id="r1l10" custom="readingOrder {index:9;}">
                <Coords points="496,1024 2728,1116 3115,1061 498,975"/>
                <Baseline points="511,1023 640,1027 769,1032 898,1036 1028,1041 1157,1046 1286,1050 1416,1055 1545,1059 1674,1064 1804,1068 1933,1073 2062,1077 2191,1081 2321,1086 2450,1090 2579,1094 2709,1098 2838,1102 2967,1106 3097,1110"/>
                <TextEquiv>
                    <Unicode>Er hat schon die Waffen in der Hand, um sie gegen die Franzosen zu von seelischen und historischen Bézüglichkeiten, Notizen Hinweisen, die</Unicode>
                </TextEquiv>
            </TextLine>
            <TextLine id="r1l11" custom="readingOrder {index:10;}">
                <Coords points="496,1069 1801,1115 1802,1072 1738,1060 497,1026"/>
                <Baseline points="511,1061 574,1064 638,1068 702,1070 765,1074 829,1076 893,1079 956,1081 1020,1083 1084,1085 1148,1087 1211,1088 1275,1090 1339,1092 1402,1094 1466,1095 1530,1098 1593,1099 1657,1101 1721,1104 1785,1106"/>
                <TextEquiv>
                    <Unicode>tragen. Da geht (in einem flüchtig=wehmütigen Vorschlag zum ersten</Unicode>
                </TextEquiv>
            </TextLine>
            <TextLine id="r1l12" custom="readingOrder {index:11;}">
                <Coords points="496,1109 1713,1158 1794,1151 1796,1112 497,1063"/>
                <Baseline points="512,1100 575,1103 638,1106 702,1109 765,1112 828,1114 892,1116 955,1118 1018,1121 1082,1123 1145,1125 1208,1127 1272,1129 1335,1131 1398,1133 1462,1135 1525,1137 1588,1139 1652,1142 1715,1144 1779,1146"/>
                <TextEquiv>
                    <Unicode>Akkorde des Stückes) Agathe, des Medardus Schwester, Christine</Unicode>
                </TextEquiv>
            </TextLine>
            <TextLine id="r1l13" custom="readingOrder {index:12;}">
                <Coords points="1794,1116 3089,1169 3110,1108 1795,1073"/>
                <Baseline points="1810,1106 1874,1108 1938,1111 2002,1115 2066,1117 2130,1120 2194,1122 2258,1125 2322,1127 2386,1130 2450,1132 2514,1134 2578,1136 2642,1137 2706,1139 2770,1141 2834,1143 2898,1144 2962,1146 3026,1147 3091,1149"/>
                <TextEquiv>
                    <Unicode>alle diese filmkurzen Szenen flüchtig illuminieren. Aber eben nur</Unicode>
                </TextEquiv>
            </TextLine>
            <TextLine id="r1l14" custom="readingOrder {index:13;}">
                <Coords points="489,1137 1797,1202 1798,1156 1620,1137 490,1105"/>
                <Baseline points="506,1144 569,1146 633,1147 697,1149 761,1151 825,1152 888,1154 952,1156 1016,1158 1080,1161 1144,1163 1207,1165 1271,1168 1335,1170 1399,1172 1463,1175 1526,1177 1590,1180 1654,1182 1718,1184 1782,1186"/>
                <TextEquiv>
                    <Unicode>Weirings Ahnfrau mit ihrem adeligen Liebsten, den sie nicht haben soll,</Unicode>
                </TextEquiv>
            </TextLine>
            <TextLine id="r1l15" custom="readingOrder {index:14;}">
                <Coords points="1800,1151 2897,1196 3069,1195 3110,1157 1801,1109"/>
                <Baseline points="1818,1147 1881,1149 1945,1151 2009,1154 2072,1156 2136,1158 2200,1160 2263,1163 2327,1165 2391,1167 2455,1169 2518,1171 2582,1172 2646,1174 2709,1176 2773,1177 2837,1179 2900,1180 2964,1181 3028,1183 3092,1183"/>
                <TextEquiv>
                    <Unicode>flüchtig! Ohne den Vortänzer einer fesselnden Persönlichkeit als Mittel¬</Unicode>
                </TextEquiv>
            </TextLine>
            <TextLine id="r1l16" custom="readingOrder {index:15;}">
                <Coords points="497,1190 1799,1234 1778,1185 498,1148"/>
                <Baseline points="512,1186 575,1187 639,1188 702,1190 766,1191 829,1193 893,1195 956,1198 1020,1199 1083,1202 1147,1204 1210,1206 1274,1209 1337,1211 1401,1214 1464,1215 1528,1218 1591,1221 1655,1223 1718,1225 1782,1227"/>
                <TextEquiv>
                    <Unicode>in den Werther=Tod: und Medardus denkt wienerisch=egoistisch statt groß¬</Unicode>
                </TextEquiv>
            </TextLine>
            <TextLine id="r1l17" custom="readingOrder {index:16;}">
                <Coords points="1798,1197 3113,1233 3115,1174 1800,1148"/>
                <Baseline points="1816,1187 1880,1189 1944,1192 2008,1194 2072,1197 2136,1199 2200,1201 2264,1203 2328,1206 2392,1208 2456,1210 2520,1212 2584,1214 2648,1216 2712,1217 2776,1219 2840,1220 2904,1221 2968,1222 3032,1223 3096,1223"/>
                <TextEquiv>
                    <Unicode>figur (Wallenstein, Götz, Florian Geyer) bleibt der Reigen der Ereignisse</Unicode>
                </TextEquiv>
            </TextLine>
            <TextLine id="r1l18" custom="readingOrder {index:17;}">
                <Coords points="489,1230 1798,1278 1799,1226 1699,1209 491,1185"/>
                <Baseline points="506,1225 569,1227 633,1228 697,1230 761,1232 825,1233 888,1236 952,1238 1016,1240 1080,1243 1144,1244 1207,1246 1271,1249 1335,1251 1399,1253 1463,1255 1526,1257 1590,1258 1654,1260 1718,1261 1782,1262"/>
                <TextEquiv>
                    <Unicode>zügig=vaterländisch und beschließt, den Rachestrahl, der die Verderber</Unicode>
                </TextEquiv>
            </TextLine>
            <TextLine id="r1l19" custom="readingOrder {index:18;}">
                <Coords points="1796,1230 3058,1289 3116,1232 1798,1188"/>
                <Baseline points="1812,1225 1876,1229 1940,1232 2004,1235 2069,1238 2133,1240 2197,1243 2261,1245 2326,1247 2390,1249 2454,1251 2518,1252 2583,1254 2647,1256 2711,1258 2775,1260 2840,1262 2904,1264 2968,1267 3032,1270 3097,1273"/>
                <TextEquiv>
                    <Unicode>und Gestalten hier ein Schattenspiel. Viel Präterision, wenig</Unicode>
                </TextEquiv>
            </TextLine>
            <TextLine id="r1l20" custom="readingOrder {index:19;}">
                <Coords points="489,1269 1777,1316 1792,1274 490,1227"/>
                <Baseline points="504,1265 567,1267 631,1269 694,1271 758,1273 822,1275 885,1277 949,1279 1012,1281 1076,1283 1140,1284 1203,1286 1267,1288 1330,1291 1394,1292 1458,1295 1521,1296 1585,1298 1648,1300 1712,1303 1776,1305"/>
                <TextEquiv>
                    <Unicode>seiner Schwester (in Wien lebender, französischer Hochadel aus dem alten</Unicode>
                </TextEquiv>
            </TextLine>
            <TextLine id="r1l21" custom="readingOrder {index:20;}">
                <Coords points="1792,1293 2909,1314 2949,1276 1794,1225"/>
                <Baseline points="1808,1260 1864,1265 1920,1268 1976,1272 2032,1275 2088,1277 2144,1280 2201,1282 2257,1283 2313,1284 2369,1286 2425,1287 2481,1288 2537,1289 2594,1291 2650,1292 2706,1294 2762,1296 2818,1299 2874,1301 2931,1305"/>
                <TextEquiv>
                    <Unicode>Vollendung: man kann dieses Drama nicht anders beurteilen!..</Unicode>
                </TextEquiv>
            </TextLine>
            <TextLine id="r1l22" custom="readingOrder {index:21;}">
                <Coords points="490,1304 1795,1358 1796,1315 1683,1299 491,1261"/>
                <Baseline points="508,1302 571,1304 635,1307 698,1310 762,1312 825,1314 889,1317 952,1319 1016,1321 1079,1323 1143,1325 1206,1327 1270,1329 1333,1331 1397,1333 1460,1335 1524,1337 1587,1340 1651,1342 1714,1344 1778,1346"/>
                <TextEquiv>
                    <Unicode>Kronprätendentengeschlechte derer von Valois) treffen soll, lieber daheim,</Unicode>
                </TextEquiv>
            </TextLine>
            <TextLine id="r1l23" custom="readingOrder {index:22;}">
                <Coords points="1831,1305 2954,1358 3110,1349 3112,1304 1832,1269"/>
                <Baseline points="1849,1304 1911,1308 1973,1311 2035,1314 2098,1317 2160,1320 2222,1323 2284,1324 2347,1327 2409,1329 2471,1331 2533,1332 2596,1334 2658,1335 2720,1336 2782,1338 2845,1339 2907,1340 2969,1341 3031,1341 3094,1342"/>
                <TextEquiv>
                    <Unicode>Auch die Aufführung, so bunt und hubsch sie vor Svend Gades</Unicode>
                </TextEquiv>
            </TextLine>
            <TextLine id="r1l24" custom="readingOrder {index:23;}">
                <Coords points="1783,1353 1858,1352 1884,1360 1907,1351 1930,1359 1946,1353 1972,1370 1998,1358 2027,1363 2029,1330 1996,1332 1984,1318 1958,1314 1941,1323 1919,1312 1873,1317 1786,1294"/>
                <Baseline points="1800,1350 1826,1348 1852,1348 1878,1349 1905,1350 1931,1352 1957,1354 1983,1355 2010,1355"/>
                <TextEquiv>
                    <Unicode>primitiven,</Unicode>
                </TextEquiv>
            </TextLine>
            <TextLine id="r1l25" custom="readingOrder {index:24;}">
                <Coords points="493,1344 1781,1396 1760,1346 495,1301"/>
                <Baseline points="510,1341 572,1343 635,1346 698,1348 761,1351 824,1353 886,1355 949,1358 1012,1360 1075,1362 1138,1365 1200,1367 1263,1369 1326,1372 1389,1374 1452,1375 1514,1378 1577,1380 1640,1381 1703,1383 1766,1385"/>
                <TextEquiv>
                    <Unicode>hinter dem Ofen als im Kriegsfelde vorzubereiten. Aber es wird auch</Unicode>
                </TextEquiv>
            </TextLine>
            <TextLine id="r1l26" custom="readingOrder {index:25;}">
                <Coords points="2032,1347 2197,1382 3080,1406 3101,1351 2033,1318"/>
                <Baseline points="2050,1355 2101,1357 2153,1358 2204,1360 2256,1362 2308,1364 2359,1366 2411,1368 2462,1369 2514,1371 2566,1373 2617,1375 2669,1377 2720,1379 2772,1380 2824,1382 2875,1384 2927,1385 2978,1387 3030,1388 3082,1389"/>
                <TextEquiv>
                    <Unicode>anmutig=farbenfreudigen Alt=Wien=Dekorationen stand,</Unicode>
                </TextEquiv>
            </TextLine>
            <TextLine id="r1l27" custom="readingOrder {index:26;}">
                <Coords points="480,1391 1792,1429 1793,1394 1725,1385 482,1342"/>
                <Baseline points="496,1384 560,1386 624,1388 688,1390 752,1392 816,1395 880,1397 944,1399 1008,1401 1072,1404 1136,1406 1200,1408 1264,1410 1328,1412 1392,1414 1456,1417 1520,1418 1584,1421 1648,1423 1712,1425 1776,1427"/>
                <TextEquiv>
                    <Unicode>hier mehr ein Fäusteballen, als ein Auftrumpfen. Der junge Medardus</Unicode>
                </TextEquiv>
            </TextLine>
            <TextLine id="r1l28" custom="readingOrder {index:27;}">
                <Coords points="1786,1387 2885,1440 3100,1437 3102,1385 1787,1355"/>
                <Baseline points="1801,1389 1865,1390 1929,1392 1993,1394 2057,1396 2121,1398 2185,1400 2250,1403 2314,1405 2378,1407 2442,1410 2506,1412 2570,1414 2634,1417 2699,1419 2763,1421 2827,1422 2891,1424 2955,1425 3019,1426 3084,1427"/>
                <TextEquiv>
                    <Unicode>rang fast in allen Teilen vergeblich mit dem Stoff. Ausnahmen: Herr</Unicode>
                </TextEquiv>
            </TextLine>
            <TextLine id="r1l29" custom="readingOrder {index:28;}">
                <Coords points="1786,1428 3104,1482 3106,1424 1787,1389"/>
                <Baseline points="1803,1428 1867,1430 1931,1432 1995,1434 2060,1436 2124,1439 2188,1441 2253,1443 2317,1446 2381,1448 2446,1450 2510,1452 2574,1454 2638,1457 2703,1458 2767,1460 2831,1462 2896,1463 2960,1464 3024,1465 3089,1466"/>
                <TextEquiv>
                    <Unicode>Landa, der blinde Seher der Valois mit der gräßlichen Glashelle</Unicode>
                </TextEquiv>
            </TextLine>
            <TextLine id="r1l30" custom="readingOrder {index:29;}">
                <Coords points="480,1424 3101,1498 481,1391"/>
                <Baseline points="498,1426 627,1429 756,1433 885,1436 1015,1441 1144,1444 1273,1449 1402,1453 1532,1458 1661,1462 1790,1467 1919,1472 2049,1476 2178,1481 2307,1485 2436,1489 2566,1494 2695,1498 2824,1501 2953,1505 3083,1508"/>
                <TextEquiv>
                    <Unicode>schleppt (bald unter resignierenden, bald unter raunzenden Randglossen zu seiner erstorbenen Augen und Frl. Lossen, die „Mademoiselle Satan“</Unicode>
                </TextEquiv>
            </TextLine>
            <TextLine id="r1l31" custom="readingOrder {index:30;}">
                <Coords points="479,1469 3103,1546 481,1423"/>
                <Baseline points="496,1465 625,1469 754,1473 884,1477 1013,1481 1143,1485 1272,1490 1402,1494 1531,1498 1661,1503 1790,1507 1919,1512 2049,1516 2178,1521 2308,1525 2437,1529 2567,1534 2696,1537 2826,1541 2955,1545 3085,1549"/>
                <TextEquiv>
                    <Unicode>der von Rapoleon verhängten Drangsal der Wienerstadt) sich und uns der Valois, (weniger Lilie als Orchidee), die mit der Messalina besser</Unicode>
                </TextEquiv>
            </TextLine>
            <TextLine id="r1l32" custom="readingOrder {index:31;}">
                <Coords points="473,1515 3105,1548 475,1459"/>
                <Baseline points="490,1503 619,1507 749,1512 879,1516 1009,1521 1139,1525 1269,1530 1399,1535 1529,1539 1659,1544 1789,1548 1918,1553 2048,1557 2178,1561 2308,1566 2438,1570 2568,1574 2698,1578 2828,1582 2958,1586 3088,1589"/>
                <TextEquiv>
                    <Unicode>durch die seitsam unschnitzlerischen, starren, unelastischen, farblosen fertig wurde, wie jüngst mit der Iphigenie. Auch die Bürger und</Unicode>
                </TextEquiv>
            </TextLine>
            <TextLine id="r1l33" custom="readingOrder {index:32;}">
                <Coords points="478,1540 1783,1595 1784,1556 1612,1537 479,1511"/>
                <Baseline points="496,1545 559,1547 623,1549 686,1550 750,1552 814,1554 877,1556 941,1558 1004,1560 1068,1562 1132,1564 1195,1566 1259,1568 1322,1570 1386,1572 1450,1574 1513,1577 1577,1579 1640,1581 1704,1584 1768,1586"/>
                <TextEquiv>
                    <Unicode>Szenen. Da er vor allem mit seinem Rachestrahl Helene treffen will,</Unicode>
                </TextEquiv>
            </TextLine>
            <TextLine id="r1l34" custom="readingOrder {index:33;}">
                <Coords points="470,1593 1765,1635 1776,1596 471,1541"/>
                <Baseline points="485,1584 548,1585 612,1587 676,1589 740,1591 803,1593 867,1595 931,1598 995,1600 1058,1602 1122,1605 1186,1607 1250,1609 1313,1612 1377,1614 1441,1616 1505,1618 1568,1620 1632,1622 1696,1624 1760,1625"/>
                <TextEquiv>
                    <Unicode>die zynisch=kaltherzige Sphinxtochter der Valois, (mit der sich Medardus</Unicode>
                </TextEquiv>
            </TextLine>
            <TextLine id="r1l35" custom="readingOrder {index:34;}">
                <Coords points="1769,1599 3090,1646 3092,1594 1770,1547"/>
                <Baseline points="1784,1585 1848,1588 1913,1591 1977,1594 2042,1597 2106,1599 2171,1601 2235,1604 2300,1605 2364,1607 2429,1609 2494,1611 2558,1612 2623,1614 2687,1616 2752,1618 2816,1621 2881,1622 2945,1626 3010,1628 3075,1632"/>
                <TextEquiv>
                    <Unicode>Bürgerinnen, die mit nicht immer ganz waschechten Diglekten, sohst aber</Unicode>
                </TextEquiv>
            </TextLine>
            <TextLine id="r1l36" custom="readingOrder {index:35;}">
                <Coords points="476,1619 1784,1673 1785,1634 1652,1623 477,1590"/>
                <Baseline points="493,1624 556,1626 620,1628 684,1631 748,1633 811,1635 875,1638 939,1640 1003,1642 1066,1644 1130,1646 1194,1648 1258,1649 1321,1652 1385,1654 1449,1656 1513,1658 1576,1661 1640,1663 1704,1666 1768,1669"/>
                <TextEquiv>
                    <Unicode>noch soeben, wie Hamlet mit Laörtes am offenen Grabe seiner Schwester</Unicode>
                </TextEquiv>
            </TextLine>
            <TextLine id="r1l37" custom="readingOrder {index:36;}">
                <Coords points="1783,1630 2909,1677 3056,1676 3090,1634 1785,1588"/>
                <Baseline points="1798,1627 1861,1629 1925,1631 1989,1633 2053,1635 2116,1637 2180,1639 2244,1642 2308,1644 2371,1646 2435,1648 2499,1650 2563,1652 2626,1655 2690,1657 2754,1659 2818,1662 2881,1665 2945,1667 3009,1670 3073,1673"/>
                <TextEquiv>
                    <Unicode>in gütem Wuchs den Prater und das Glacis und Schönbrunn bevölkerten</Unicode>
                </TextEquiv>
            </TextLine>
            <TextLine id="r1l38" custom="readingOrder {index:37;}">
                <Coords points="468,1664 1780,1718 1775,1669 470,1619"/>
                <Baseline points="484,1665 548,1667 612,1669 676,1671 740,1673 804,1675 868,1677 932,1680 996,1682 1060,1684 1124,1687 1188,1689 1252,1691 1316,1694 1380,1696 1444,1698 1508,1700 1572,1701 1636,1703 1700,1705 1764,1706"/>
                <TextEquiv>
                    <Unicode>herumi 'gte), so entschließt er sich, statt sie zu hassen, sie zu lieben und</Unicode>
                </TextEquiv>
            </TextLine>
            <TextLine id="r1l39" custom="readingOrder {index:38;}">
                <Coords points="1771,1670 3046,1721 3087,1667 1772,1624"/>
                <Baseline points="1788,1667 1852,1669 1916,1672 1980,1675 2044,1677 2108,1680 2172,1682 2236,1685 2300,1687 2364,1688 2428,1691 2492,1693 2556,1695 2620,1697 2684,1699 2748,1700 2812,1702 2876,1703 2940,1705 3004,1707 3068,1708"/>
                <TextEquiv>
                    <Unicode>(Adalbert und Herzfeld, Frau Eberty und Frau Söneland)</Unicode>
                </TextEquiv>
            </TextLine>
            <TextLine id="r1l40" custom="readingOrder {index:39;}">
                <Coords points="478,1704 1780,1760 1781,1711 1573,1694 480,1662"/>
                <Baseline points="496,1705 559,1707 622,1709 686,1711 749,1713 813,1715 876,1717 939,1720 1003,1722 1066,1724 1130,1726 1193,1728 1256,1730 1320,1733 1383,1735 1447,1738 1510,1739 1573,1742 1637,1744 1700,1747 1764,1749"/>
                <TextEquiv>
                    <Unicode>feiert A#hens Leichenschmaus in ihrem Alkoven. Als die schöne Helena</Unicode>
                </TextEquiv>
            </TextLine>
            <TextLine id="r1l41" custom="readingOrder {index:40;}">
                <Coords points="1779,1716 3090,1776 3093,1705 1781,1670"/>
                <Baseline points="1796,1706 1860,1709 1924,1712 1988,1715 2052,1717 2116,1719 2180,1721 2244,1724 2308,1725 2372,1728 2436,1730 2500,1732 2564,1733 2628,1736 2692,1738 2756,1740 2820,1742 2884,1744 2948,1747 3012,1749 3076,1753"/>
                <TextEquiv>
                    <Unicode>haben ihr Kompliment verdient. Aber Herr Loos (Medaxdus), hyperz!</Unicode>
                </TextEquiv>
            </TextLine>
            <TextLine id="r1l42" custom="readingOrder {index:41;}">
                <Coords points="1774,1752 2828,1802 3077,1768 1775,1713"/>
                <Baseline points="1789,1749 1852,1751 1916,1753 1979,1755 2043,1757 2107,1759 2170,1762 2234,1763 2297,1765 2361,1767 2425,1769 2488,1771 2552,1773 2615,1775 2679,1777 2743,1779 2806,1781 2870,1784 2933,1786 2997,1789 3061,1792"/>
                <TextEquiv>
                    <Unicode>nervös, fahrig, weich, unrastvoll, nahm dieser Gestalt noch den letzten</Unicode>
                </TextEquiv>
            </TextLine>
            <TextLine id="r1l43" custom="readingOrder {index:42;}">
                <Coords points="470,1747 3079,1789 472,1707"/>
                <Baseline points="488,1744 616,1748 745,1753 873,1757 1002,1761 1131,1766 1259,1770 1388,1775 1517,1779 1645,1784 1774,1789 1903,1793 2031,1798 2160,1802 2289,1807 2417,1811 2546,1815 2675,1820 2803,1824 2932,1829 3061,1833"/>
                <TextEquiv>
                    <Unicode>später. Leib und Seele von dem kleinen Medardus zu dem größeren! Knochen aus dem Gelenk, statt sie durch einen Funken jugendlichen!</Unicode>
                </TextEquiv>
            </TextLine>
            <TextLine id="r1l44" custom="readingOrder {index:43;}">
                <Coords points="477,1785 3083,1893 3059,1830 479,1743"/>
                <Baseline points="492,1786 620,1790 749,1794 878,1798 1007,1802 1136,1807 1265,1811 1393,1815 1522,1820 1651,1824 1780,1829 1909,1833 2038,1838 2167,1842 2295,1847 2424,1851 2553,1855 2682,1859 2811,1863 2940,1868 3069,1872"/>
                <TextEquiv>
                    <Unicode>Napoleon übergeht, rafft sich Medardus zwar dennoch auf, mit ihr Feuers, durch ein gelindes sich Aufraffen, (meinetwegen im Interesse des</Unicode>
                </TextEquiv>
            </TextLine>
            <TextLine id="r1l45" custom="readingOrder {index:44;}">
                <Coords points="474,1822 3092,1874 475,1786"/>
                <Baseline points="490,1824 619,1829 748,1833 877,1837 1007,1842 1136,1847 1265,1851 1394,1856 1524,1860 1653,1865 1782,1869 1911,1873 2041,1878 2170,1882 2299,1887 2428,1892 2558,1896 2687,1901 2816,1906 2945,1910 3075,1916"/>
                <TextEquiv>
                    <Unicode>Carmen und José zu spielen und sie auf seinen Dolch zu spießen. Aber Wirkung über die Absicht des Dichters hinaus), ein wenig zu ent¬</Unicode>
                </TextEquiv>
            </TextLine>
            <TextLine id="r1l46" custom="readingOrder {index:45;}">
                <Coords points="459,1881 1721,1918 1769,1870 460,1835"/>
                <Baseline points="476,1863 539,1866 603,1867 667,1870 731,1873 795,1875 858,1877 922,1879 986,1882 1050,1885 1114,1887 1177,1889 1241,1892 1305,1894 1369,1896 1433,1899 1496,1901 1560,1903 1624,1905 1688,1908 1752,1909"/>
                <TextEquiv>
                    <Unicode>diese Tat, die wir nach so vielen Worten sehen (und die von klein¬</Unicode>
                </TextEquiv>
            </TextLine>
            <TextLine id="r1l47" custom="readingOrder {index:46;}">
                <Coords points="459,1926 1735,1959 1762,1911 460,1880"/>
                <Baseline points="476,1910 539,1910 603,1910 666,1911 730,1913 793,1914 857,1916 920,1918 984,1921 1047,1924 1111,1927 1174,1929 1238,1932 1301,1935 1365,1938 1428,1941 1492,1943 1555,1945 1619,1946 1682,1947 1746,1948"/>
                <TextEquiv>
                    <Unicode>zügigem, erotischem Egoismus geboren wird, wo man Akte und Stunden</Unicode>
                </TextEquiv>
            </TextLine>
            <TextLine id="r1l48" custom="readingOrder {index:47;}">
                <Coords points="1770,1920 3076,1949 2970,1906 1772,1871"/>
                <Baseline points="1786,1909 1849,1911 1913,1913 1976,1916 2040,1919 2104,1921 2167,1923 2231,1925 2295,1928 2358,1930 2422,1933 2486,1935 2549,1937 2613,1939 2677,1941 2740,1943 2804,1946 2868,1948 2931,1949 2995,1951 3059,1953"/>
                <TextEquiv>
                    <Unicode>flammen. Herr Salfner hat gleichfalls nicht den Olympierkopf des</Unicode>
                </TextEquiv>
            </TextLine>
            <TextLine id="r1l49" custom="readingOrder {index:48;}">
                <Coords points="1767,1951 3058,2009 3090,1951 1768,1918"/>
                <Baseline points="1784,1949 1848,1951 1912,1954 1977,1955 2041,1957 2106,1960 2170,1961 2235,1963 2299,1965 2364,1967 2428,1970 2492,1971 2557,1974 2621,1976 2686,1979 2750,1981 2815,1983 2879,1987 2944,1989 3008,1992 3073,1995"/>
                <TextEquiv>
                    <Unicode>alten Eschelbacher mit seinen Goetheisch=Beethovenischen Ingredienzien.</Unicode>
                </TextEquiv>
            </TextLine>
            <TextLine id="r1l50" custom="readingOrder {index:49;}">
                <Coords points="466,1951 3075,1995 468,1908"/>
                <Baseline points="482,1943 610,1948 739,1953 868,1958 997,1962 1125,1967 1254,1972 1383,1976 1512,1980 1640,1985 1769,1989 1898,1993 2027,1997 2155,2001 2284,2005 2413,2009 2542,2013 2670,2017 2799,2021 2928,2026 3057,2030"/>
                <TextEquiv>
                    <Unicode>lang das Aufslammen einer großen, der Zeitströmung identischen Regung Und Herr Abel (der beste Spottvogel der deutschen Bühne), hatte die</Unicode>
                </TextEquiv>
            </TextLine>
            <TextLine id="r1l51" custom="readingOrder {index:50;}">
                <Coords points="462,1981 3079,2068 464,1945"/>
                <Baseline points="478,1983 607,1988 736,1993 865,1998 994,2003 1123,2007 1252,2012 1382,2016 1511,2021 1640,2026 1769,2030 1898,2034 2027,2039 2156,2043 2286,2048 2415,2052 2544,2056 2673,2060 2802,2065 2931,2069 3061,2073"/>
                <TextEquiv>
                    <Unicode>erwartete), wirkt im Drama nicht als eine befreiende. Wir sind froh, hübscheste Gestalt der figurreichen Galerie zu verkörpern; den getreuen</Unicode>
                </TextEquiv>
            </TextLine>
            <TextLine id="r1l52" custom="readingOrder {index:51;}">
                <Coords points="467,2026 2757,2122 3075,2068 468,1984"/>
                <Baseline points="483,2025 611,2029 740,2035 869,2039 997,2043 1126,2048 1255,2052 1383,2057 1512,2061 1641,2065 1770,2070 1898,2074 2027,2078 2156,2082 2284,2086 2413,2090 2542,2095 2670,2099 2799,2103 2928,2108 3057,2112"/>
                <TextEquiv>
                    <Unicode>daß wir den Medardus los sind; und wir erkennen diesem wehleidigen Eckart des Medardus, einen lahmen Buchhändler, der sich von den argen</Unicode>
                </TextEquiv>
            </TextLine>
            <TextLine id="r1l53" custom="readingOrder {index:52;}">
                <Coords points="449,2068 3078,2175 3018,2111 451,2012"/>
                <Baseline points="466,2065 595,2070 725,2075 855,2080 985,2084 1115,2089 1244,2093 1374,2098 1504,2102 1634,2106 1764,2110 1893,2115 2023,2119 2153,2123 2283,2127 2413,2132 2542,2136 2672,2140 2802,2145 2932,2149 3062,2154"/>
                <TextEquiv>
                    <Unicode>knochenlosen jungen Mann (für dessen feelische Zanderpolitik wir viel-Wienschen ganz auf Geist und Güte zurückgezogen hat. Er hatte auch</Unicode>
                </TextEquiv>
            </TextLine>
            <TextLine id="r1l54" custom="readingOrder {index:53;}">
                <Coords points="454,2107 3064,2204 456,2068"/>
                <Baseline points="470,2104 598,2110 727,2116 856,2121 985,2126 1114,2130 1243,2135 1371,2139 1500,2143 1629,2147 1758,2151 1887,2155 2016,2159 2145,2163 2273,2167 2402,2171 2531,2175 2660,2180 2789,2185 2918,2190 3047,2195"/>
                <TextEquiv>
                    <Unicode>leicht gerade in diesen Tagen der allgemeinen Aktivität besonders stie klugen, spürenden Augen des hundetreuen Gesellen. „Doch ach, aus</Unicode>
                </TextEquiv>
            </TextLine>
            <TextLine id="r1l55" custom="readingOrder {index:54;}">
                <Coords points="453,2149 2232,2235 2353,2229 2355,2167 454,2107"/>
                <Baseline points="470,2143 563,2147 656,2150 750,2155 843,2159 936,2162 1030,2166 1123,2171 1216,2174 1310,2178 1403,2181 1496,2184 1590,2187 1683,2190 1776,2193 1870,2195 1963,2197 2056,2199 2150,2200 2243,2202 2337,2202"/>
                <TextEquiv>
                    <Unicode>empfindlich sind), keinesfalls das Recht zu, für ein anspruchsvolles Werk Hiesen Zügen sprach kein Herz!“</Unicode>
                </TextEquiv>
            </TextLine>
            <TextLine id="r1l56" custom="readingOrder {index:55;}">
                <Coords points="441,2201 1760,2239 1762,2197 1648,2185 444,2146"/>
                <Baseline points="458,2181 522,2183 586,2187 651,2189 715,2192 779,2195 844,2198 908,2201 972,2203 1037,2207 1101,2209 1165,2212 1230,2215 1294,2217 1358,2220 1423,2222 1487,2224 1551,2226 1616,2228 1680,2230 1745,2232"/>
                <TextEquiv>
                    <Unicode>von den Prätentionen des groß angelegten Zeitbildes und der vielfältig</Unicode>
                </TextEquiv>
            </TextLine>
            <TextLine id="r1l57" custom="readingOrder {index:56;}">
                <Coords points="2494,2237 2579,2223 2666,2229 2689,2249 3034,2246 3035,2200 2495,2179"/>
                <Baseline points="2510,2219 2535,2220 2560,2221 2586,2222 2611,2223 2637,2223 2662,2224 2688,2225 2713,2226 2739,2226 2764,2227 2789,2227 2815,2228 2840,2229 2866,2229 2891,2230 2917,2231 2942,2232 2968,2232 2993,2234 3019,2235"/>
                <TextEquiv>
                    <Unicode>Walter Turszinsky.</Unicode>
                </TextEquiv>
            </TextLine>
            <TextLine id="r1l58" custom="readingOrder {index:57;}">
                <Coords points="447,2223 1757,2302 1759,2237 448,2184"/>
                <Baseline points="464,2223 527,2227 591,2230 655,2233 719,2236 783,2238 847,2240 910,2243 974,2245 1038,2246 1102,2249 1166,2251 1230,2253 1294,2255 1357,2257 1421,2260 1485,2263 1549,2266 1613,2269 1677,2273 1741,2277"/>
                <TextEquiv>
                    <Unicode>verstrickten, psychologischen Schilderung die Verantwortung zu</Unicode>
                </TextEquiv>
            </TextLine>
            <TextLine id="r1l59" custom="readingOrder {index:58;}">
                <Coords points="454,2271 493,2279 500,2272 512,2286 568,2281 584,2292 617,2277 701,2283 721,2280 723,2235 700,2227 628,2238 456,2225"/>
                <Baseline points="471,2262 497,2261 523,2261 549,2262 575,2263 601,2264 627,2266 653,2266 679,2268 705,2268"/>
                <TextEquiv>
                    <Unicode>übernehmen.</Unicode>
                </TextEquiv>
            </TextLine>
            <TextLine id="r1l60" custom="readingOrder {index:59;}">
                <Coords points="493,2327 1768,2384 1771,2299 494,2282"/>
                <Baseline points="510,2322 572,2325 634,2328 696,2330 758,2332 820,2334 882,2336 944,2338 1006,2340 1068,2341 1130,2343 1192,2344 1254,2346 1316,2347 1378,2349 1440,2350 1502,2353 1564,2354 1626,2357 1688,2359 1751,2362"/>
                <TextEquiv>
                    <Unicode>In der Tat: dieses Stück, das seinen Dichter aus den Engnissen der</Unicode>
                </TextEquiv>
            </TextLine>
            <TextLine id="r1l61" custom="readingOrder {index:60;}">
                <Coords points="443,2372 1754,2415 1756,2363 445,2297"/>
                <Baseline points="460,2359 524,2363 588,2367 652,2370 716,2373 780,2375 844,2378 908,2380 972,2382 1036,2384 1100,2386 1164,2387 1228,2389 1292,2390 1356,2392 1420,2393 1484,2395 1548,2396 1612,2398 1676,2400 1740,2401"/>
                <TextEquiv>
                    <Unicode>Umwelt in die freiere Luftsphäte der Vorwelt tragen sollte (vom Salon</Unicode>
                </TextEquiv>
            </TextLine>
            <TextLine id="r1l62" custom="readingOrder {index:61;}">
                <Coords points="157,2386 173,2389 201,2415 240,2422 265,2413 273,2422 322,2427 331,2379 311,2376 293,2349 284,2344 267,2348 249,2337 242,2343 210,2337 202,2342 192,2327 169,2322"/>
                <Baseline points="173,2386 200,2390 227,2394 254,2399 281,2405 309,2412"/>
                <TextEquiv>
                    <Unicode>tung</Unicode>
                </TextEquiv>
            </TextLine>
            <TextLine id="r1l63" custom="readingOrder {index:62;}">
                <Coords points="441,2407 1703,2455 1767,2401 442,2374"/>
                <Baseline points="456,2404 520,2407 585,2409 649,2411 714,2413 779,2416 843,2418 908,2420 972,2422 1037,2424 1102,2426 1166,2427 1231,2429 1295,2431 1360,2432 1424,2433 1489,2435 1554,2437 1618,2438 1683,2439 1748,2441"/>
                <TextEquiv>
                    <Unicode>zur Ruhmeshalle) stirbt an dem Kleinmaß seines Helden. Der</Unicode>
                </TextEquiv>
            </TextLine>
            <TextLine id="r1l64" custom="readingOrder {index:63;}">
                <Coords points="436,2432 1751,2493 1752,2438 1678,2423 437,2403"/>
                <Baseline points="453,2442 517,2444 581,2447 645,2449 709,2452 773,2454 837,2456 901,2458 965,2460 1029,2462 1093,2465 1157,2466 1221,2468 1285,2469 1349,2470 1413,2472 1477,2473 1541,2474 1605,2474 1669,2474 1734,2475"/>
                <TextEquiv>
                    <Unicode>Neurastheniker, — „und im Genuß verschmächt' ich nach Begierde“ —,</Unicode>
                </TextEquiv>
            </TextLine>
            <TextLine id="r1l65" custom="readingOrder {index:64;}">
                <Coords points="440,2483 1686,2530 1755,2522 1757,2470 442,2431"/>
                <Baseline points="457,2483 521,2485 585,2487 649,2489 713,2491 777,2493 841,2495 905,2497 969,2499 1033,2501 1098,2502 1162,2505 1226,2506 1290,2508 1354,2510 1418,2512 1482,2514 1546,2516 1610,2518 1674,2520 1739,2522"/>
                <TextEquiv>
                    <Unicode>den das moderne Problemstück so sehr protegierte, ist in der Geschichts¬</Unicode>
                </TextEquiv>
            </TextLine>
            <TextLine id="r1l66" custom="readingOrder {index:65;}">
                <Coords points="436,2522 1731,2579 1752,2524 437,2477"/>
                <Baseline points="451,2522 515,2524 579,2527 643,2529 707,2531 771,2532 835,2534 900,2536 964,2538 1028,2540 1092,2542 1156,2543 1220,2545 1284,2547 1349,2549 1413,2551 1477,2554 1541,2556 1605,2559 1669,2562 1734,2564"/>
                <TextEquiv>
                    <Unicode>tragödie nicht am Ort. Die Gestalt, die Geschichts= und Seelenvorg uge,</Unicode>
                </TextEquiv>
            </TextLine>
            <TextLine id="r1l67" custom="readingOrder {index:66;}">
                <Coords points="443,2568 1744,2611 1746,2549 444,2529"/>
                <Baseline points="458,2565 521,2565 585,2566 648,2567 712,2569 776,2570 839,2572 903,2574 966,2577 1030,2579 1094,2582 1157,2584 1221,2586 1284,2589 1348,2590 1412,2593 1475,2594 1539,2596 1602,2597 1666,2597 1730,2597"/>
                <TextEquiv>
                    <Unicode>(wie der compère einer dramatischen Revue), auf der Bühne zusammen¬</Unicode>
                </TextEquiv>
            </TextLine>
            <TextLine id="r1l68" custom="readingOrder {index:67;}">
                <Coords points="443,2610 1745,2651 1743,2595 445,2565"/>
                <Baseline points="458,2603 521,2604 585,2605 648,2606 712,2608 776,2610 839,2612 903,2614 966,2616 1030,2619 1094,2621 1157,2624 1221,2626 1284,2628 1348,2630 1412,2632 1475,2634 1539,2635 1602,2636 1666,2637 1730,2638"/>
                <TextEquiv>
                    <Unicode>führen soll, der ruhende Pol in der buntschillernden zeitbildlichen oder</Unicode>
                </TextEquiv>
            </TextLine>
            <TextLine id="r1l69" custom="readingOrder {index:68;}">
                <Coords points="147,2619 1673,2691 1740,2644 149,2567"/>
                <Baseline points="164,2613 241,2620 319,2626 397,2632 475,2637 553,2642 631,2646 708,2649 786,2652 864,2655 942,2657 1020,2660 1098,2662 1176,2664 1253,2666 1331,2668 1409,2670 1487,2672 1565,2675 1643,2677 1721,2681"/>
                <TextEquiv>
                    <Unicode>25. Oktober.persönlichen Ereignisse Flucht, muß einen breiten Nacken haben. Hier</Unicode>
                </TextEquiv>
            </TextLine>
            <TextLine id="r1l70" custom="readingOrder {index:69;}">
                <Coords points="151,2667 1635,2736 1746,2717 1748,2672 153,2628"/>
                <Baseline points="169,2664 247,2668 325,2673 403,2676 481,2680 559,2684 637,2687 715,2690 793,2692 871,2695 950,2697 1028,2700 1106,2702 1184,2704 1262,2706 1340,2708 1418,2710 1496,2713 1574,2715 1652,2717 1731,2720"/>
                <TextEquiv>
                    <Unicode>haben uns bei ist, wenn irgendwo im Drama, am Anfang die Tat!! — Ich muß nicht</Unicode>
                </TextEquiv>
            </TextLine>
            <TextLine id="r1l71" custom="readingOrder {index:70;}">
                <Coords points="140,2716 1725,2774 1743,2726 142,2664"/>
                <Baseline points="156,2705 234,2709 312,2713 391,2717 469,2721 548,2723 626,2727 705,2729 783,2731 862,2734 940,2737 1018,2739 1097,2742 1175,2744 1254,2746 1332,2749 1411,2751 1489,2754 1568,2757 1646,2760 1725,2764"/>
                <TextEquiv>
                    <Unicode>Der junge sagen, daß die Musik der Schnitzlerschen Szene (diese Musik, bei der man</Unicode>
                </TextEquiv>
            </TextLine>
            <TextLine id="r1l72" custom="readingOrder {index:71;}">
                <Coords points="147,2755 1744,2822 1746,2769 149,2693"/>
                <Baseline points="162,2743 240,2748 318,2752 396,2757 475,2760 553,2764 631,2767 709,2770 788,2772 866,2775 944,2777 1022,2779 1101,2782 1179,2784 1257,2787 1335,2789 1414,2791 1492,2794 1570,2798 1648,2800 1727,2804"/>
                <TextEquiv>
                    <Unicode>im Lessing= ein bißchen die Wehmut und ein bißchen das Lächeln und ein bißchen das</Unicode>
                </TextEquiv>
            </TextLine>
            <TextLine id="r1l73" custom="readingOrder {index:72;}">
                <Coords points="152,2794 1649,2852 1732,2809 153,2755"/>
                <Baseline points="168,2786 245,2790 322,2794 399,2798 477,2801 554,2804 631,2807 708,2809 786,2812 863,2814 940,2817 1017,2819 1095,2821 1172,2824 1249,2826 1326,2829 1404,2831 1481,2833 1558,2837 1635,2840 1713,2843"/>
                <TextEquiv>
                    <Unicode>Absichten, die Gruseln lernt: Haydn und Johann Strauß und Debussy in einem) auch</Unicode>
                </TextEquiv>
            </TextLine>
            <TextLine id="r1l74" custom="readingOrder {index:73;}">
                <Coords points="145,2830 1734,2883 1634,2841 147,2791"/>
                <Baseline points="161,2826 238,2830 316,2834 394,2837 472,2841 550,2844 628,2847 706,2850 784,2852 862,2855 940,2857 1017,2860 1095,2862 1173,2864 1251,2866 1329,2869 1407,2872 1485,2874 1563,2876 1641,2879 1719,2881"/>
                <TextEquiv>
                    <Unicode>der französischen hier in mancher Figur und in mancher Wendung der Begebenheiten das</Unicode>
                </TextEquiv>
            </TextLine>
            <TextLine id="r1l75" custom="readingOrder {index:74;}">
                <Coords points="144,2875 1588,2934 1732,2929 1734,2883 145,2830"/>
                <Baseline points="160,2863 237,2869 315,2874 393,2878 471,2881 548,2885 626,2887 704,2890 782,2893 859,2895 937,2898 1015,2900 1093,2902 1170,2904 1248,2906 1326,2908 1404,2911 1481,2913 1559,2916 1637,2919 1715,2922"/>
                <TextEquiv>
                    <Unicode>flut dramatisch Wort hat. Man hat diese Töne im Ohr, wo Schnitzler beim Entwurf</Unicode>
                </TextEquiv>
            </TextLine>
            <TextLine id="r1l76" custom="readingOrder {index:75;}">
                <Coords points="134,2914 1709,2970 1741,2909 135,2881"/>
                <Baseline points="152,2908 230,2912 309,2915 387,2919 466,2922 545,2926 623,2928 702,2931 780,2933 859,2936 938,2939 1016,2941 1095,2944 1173,2946 1252,2948 1331,2950 1409,2953 1488,2955 1566,2957 1645,2960 1724,2963"/>
                <TextEquiv>
                    <Unicode>erlassende Zeit= der Gestalt des Falloten und Spionen Wachshuber seine Altwiener</Unicode>
                </TextEquiv>
            </TextLine>
            <TextLine id="r1l77" custom="readingOrder {index:76;}">
                <Coords points="147,2960 1735,3023 1737,2961 149,2908"/>
                <Baseline points="164,2945 241,2950 319,2956 397,2960 475,2964 553,2967 630,2970 708,2973 786,2975 864,2977 942,2979 1019,2981 1097,2982 1175,2984 1253,2986 1331,2988 1408,2990 1486,2993 1564,2996 1642,2999 1720,3003"/>
                <TextEquiv>
                    <Unicode>Dichter steckenszaust, und wo er sie, mit der Episode des gütigen Onkel Eschenbacher,</Unicode>
                </TextEquiv>
            </TextLine>
            <TextLine id="r1l78" custom="readingOrder {index:77;}">
                <Coords points="144,2986 1738,3068 1740,3016 1489,2994 145,2960"/>
                <Baseline points="159,2988 237,2991 315,2995 393,2998 471,3001 550,3004 628,3007 706,3010 784,3012 862,3015 941,3018 1019,3020 1097,3023 1175,3025 1253,3028 1332,3031 1410,3033 1488,3036 1566,3038 1644,3041 1723,3043"/>
                <TextEquiv>
                    <Unicode>1 Dichtung und der aus seinem Vaterlandsgefühl so lange nichts her macht, bis er es um</Unicode>
                </TextEquiv>
            </TextLine>
            <TextLine id="r1l79" custom="readingOrder {index:78;}">
                <Coords points="136,3032 1718,3090 1719,3051 1596,3036 138,2989"/>
                <Baseline points="153,3028 230,3030 308,3033 385,3036 463,3039 540,3042 618,3045 695,3048 773,3051 850,3054 928,3057 1005,3060 1083,3062 1160,3065 1238,3068 1315,3070 1393,3072 1470,3074 1548,3076 1625,3077 1703,3079"/>
                <TextEquiv>
                    <Unicode>chen Märchensl einer Narrheit willen mit seinem Blute beliegeln muß, streichelt.</Unicode>
                </TextEquiv>
            </TextLine>
            <TextLine id="r1l80" custom="readingOrder {index:79;}">
                <Coords points="144,3067 1726,3127 1727,3082 1623,3072 146,3028"/>
                <Baseline points="159,3068 236,3071 314,3074 391,3077 469,3080 546,3083 624,3086 701,3089 779,3092 856,3094 934,3097 1011,3099 1089,3102 1166,3105 1244,3107 1321,3109 1399,3111 1476,3114 1554,3116 1631,3118 1709,3120"/>
                <TextEquiv>
                    <Unicode>lähr, der junge Man findet in dem konspirierenden Salon derer von Valois mit dem</Unicode>
                </TextEquiv>
            </TextLine>
            <TextLine id="r1l81" custom="readingOrder {index:80;}">
                <Coords points="201,3108 1731,3168 1732,3119 1654,3113 203,3069"/>
                <Baseline points="218,3111 292,3114 367,3118 442,3121 517,3124 591,3127 666,3129 741,3132 816,3135 890,3137 965,3139 1040,3142 1115,3144 1189,3146 1264,3148 1339,3151 1414,3153 1488,3155 1563,3157 1638,3159 1713,3161"/>
                <TextEquiv>
                    <Unicode>so wie ihn blinden, absterhenden alten Fürsten, mit der Mutter, die an das Grab</Unicode>
                </TextEquiv>
            </TextLine>
            <TextLine id="r1l82" custom="readingOrder {index:81;}">
                <Coords points="131,3181 1756,3227 1725,3151 134,3106"/>
                <Baseline points="147,3151 226,3156 306,3160 386,3163 465,3166 545,3169 625,3172 704,3175 784,3177 864,3180 944,3183 1023,3185 1103,3187 1183,3189 1262,3191 1342,3194 1422,3196 1501,3198 1581,3201 1661,3204 1741,3207"/>
                <TextEquiv>
                    <Unicode>ahr und Felix und der Tochter, die an das Luftbett denkt, jenes Parfüm (zwischen!</Unicode>
                </TextEquiv>
            </TextLine>
            <TextEquiv>
                <Unicode>9
22. ber junge Ledardus
box 27/2
Salten und Schnitzler selbst vor der großen Metamorphose des Jahres äußerstem Leben und Sterben, wo die Gier aus den Poren der Ver¬
1914 richtig zu sehen glaubten. Auch Medardus Klähr hat zuviel Nerven wesung duftet), das Schnitzler so oft und gern benutzt. Es gibt empfind,
und zu wenig Faust; hat diese Mimosenseele, die vor der Tat scheu same, heroische und zweifelnde Reflexionen über den Krieg,
die ein
zurückweicht, sich nur an den Gedanken klammert und in einer fort= prophetisch=dichterisches Gemüt direkt für unsere Zeit vorbereitet zu haben
dauernden Wollust des Schmerzes seine Lebensaufgabe sucht und findet.l scheint; und der junge Medardus ist doch schon fünf Jahre alt. Es flirrt
Er hat schon die Waffen in der Hand, um sie gegen die Franzosen zu von seelischen und historischen Bézüglichkeiten, Notizen Hinweisen, die
tragen. Da geht (in einem flüchtig=wehmütigen Vorschlag zum ersten
Akkorde des Stückes) Agathe, des Medardus Schwester, Christine
alle diese filmkurzen Szenen flüchtig illuminieren. Aber eben nur
Weirings Ahnfrau mit ihrem adeligen Liebsten, den sie nicht haben soll,
flüchtig! Ohne den Vortänzer einer fesselnden Persönlichkeit als Mittel¬
in den Werther=Tod: und Medardus denkt wienerisch=egoistisch statt groß¬
figur (Wallenstein, Götz, Florian Geyer) bleibt der Reigen der Ereignisse
zügig=vaterländisch und beschließt, den Rachestrahl, der die Verderber
und Gestalten hier ein Schattenspiel. Viel Präterision, wenig
seiner Schwester (in Wien lebender, französischer Hochadel aus dem alten
Vollendung: man kann dieses Drama nicht anders beurteilen!..
Kronprätendentengeschlechte derer von Valois) treffen soll, lieber daheim,
Auch die Aufführung, so bunt und hubsch sie vor Svend Gades
primitiven,
hinter dem Ofen als im Kriegsfelde vorzubereiten. Aber es wird auch
anmutig=farbenfreudigen Alt=Wien=Dekorationen stand,
hier mehr ein Fäusteballen, als ein Auftrumpfen. Der junge Medardus
rang fast in allen Teilen vergeblich mit dem Stoff. Ausnahmen: Herr
Landa, der blinde Seher der Valois mit der gräßlichen Glashelle
schleppt (bald unter resignierenden, bald unter raunzenden Randglossen zu seiner erstorbenen Augen und Frl. Lossen, die „Mademoiselle Satan“
der von Rapoleon verhängten Drangsal der Wienerstadt) sich und uns der Valois, (weniger Lilie als Orchidee), die mit der Messalina besser
durch die seitsam unschnitzlerischen, starren, unelastischen, farblosen fertig wurde, wie jüngst mit der Iphigenie. Auch die Bürger und
Szenen. Da er vor allem mit seinem Rachestrahl Helene treffen will,
die zynisch=kaltherzige Sphinxtochter der Valois, (mit der sich Medardus
Bürgerinnen, die mit nicht immer ganz waschechten Diglekten, sohst aber
noch soeben, wie Hamlet mit Laörtes am offenen Grabe seiner Schwester
in gütem Wuchs den Prater und das Glacis und Schönbrunn bevölkerten
herumi 'gte), so entschließt er sich, statt sie zu hassen, sie zu lieben und
(Adalbert und Herzfeld, Frau Eberty und Frau Söneland)
feiert A#hens Leichenschmaus in ihrem Alkoven. Als die schöne Helena
haben ihr Kompliment verdient. Aber Herr Loos (Medaxdus), hyperz!
nervös, fahrig, weich, unrastvoll, nahm dieser Gestalt noch den letzten
später. Leib und Seele von dem kleinen Medardus zu dem größeren! Knochen aus dem Gelenk, statt sie durch einen Funken jugendlichen!
Napoleon übergeht, rafft sich Medardus zwar dennoch auf, mit ihr Feuers, durch ein gelindes sich Aufraffen, (meinetwegen im Interesse des
Carmen und José zu spielen und sie auf seinen Dolch zu spießen. Aber Wirkung über die Absicht des Dichters hinaus), ein wenig zu ent¬
diese Tat, die wir nach so vielen Worten sehen (und die von klein¬
zügigem, erotischem Egoismus geboren wird, wo man Akte und Stunden
flammen. Herr Salfner hat gleichfalls nicht den Olympierkopf des
alten Eschelbacher mit seinen Goetheisch=Beethovenischen Ingredienzien.
lang das Aufslammen einer großen, der Zeitströmung identischen Regung Und Herr Abel (der beste Spottvogel der deutschen Bühne), hatte die
erwartete), wirkt im Drama nicht als eine befreiende. Wir sind froh, hübscheste Gestalt der figurreichen Galerie zu verkörpern; den getreuen
daß wir den Medardus los sind; und wir erkennen diesem wehleidigen Eckart des Medardus, einen lahmen Buchhändler, der sich von den argen
knochenlosen jungen Mann (für dessen feelische Zanderpolitik wir viel-Wienschen ganz auf Geist und Güte zurückgezogen hat. Er hatte auch
leicht gerade in diesen Tagen der allgemeinen Aktivität besonders stie klugen, spürenden Augen des hundetreuen Gesellen. „Doch ach, aus
empfindlich sind), keinesfalls das Recht zu, für ein anspruchsvolles Werk Hiesen Zügen sprach kein Herz!“
von den Prätentionen des groß angelegten Zeitbildes und der vielfältig
Walter Turszinsky.
verstrickten, psychologischen Schilderung die Verantwortung zu
übernehmen.
In der Tat: dieses Stück, das seinen Dichter aus den Engnissen der
Umwelt in die freiere Luftsphäte der Vorwelt tragen sollte (vom Salon
tung
zur Ruhmeshalle) stirbt an dem Kleinmaß seines Helden. Der
Neurastheniker, — „und im Genuß verschmächt' ich nach Begierde“ —,
den das moderne Problemstück so sehr protegierte, ist in der Geschichts¬
tragödie nicht am Ort. Die Gestalt, die Geschichts= und Seelenvorg uge,
(wie der compère einer dramatischen Revue), auf der Bühne zusammen¬
führen soll, der ruhende Pol in der buntschillernden zeitbildlichen oder
25. Oktober.persönlichen Ereignisse Flucht, muß einen breiten Nacken haben. Hier
haben uns bei ist, wenn irgendwo im Drama, am Anfang die Tat!! — Ich muß nicht
Der junge sagen, daß die Musik der Schnitzlerschen Szene (diese Musik, bei der man
im Lessing= ein bißchen die Wehmut und ein bißchen das Lächeln und ein bißchen das
Absichten, die Gruseln lernt: Haydn und Johann Strauß und Debussy in einem) auch
der französischen hier in mancher Figur und in mancher Wendung der Begebenheiten das
flut dramatisch Wort hat. Man hat diese Töne im Ohr, wo Schnitzler beim Entwurf
erlassende Zeit= der Gestalt des Falloten und Spionen Wachshuber seine Altwiener
Dichter steckenszaust, und wo er sie, mit der Episode des gütigen Onkel Eschenbacher,
1 Dichtung und der aus seinem Vaterlandsgefühl so lange nichts her macht, bis er es um
chen Märchensl einer Narrheit willen mit seinem Blute beliegeln muß, streichelt.
lähr, der junge Man findet in dem konspirierenden Salon derer von Valois mit dem
so wie ihn blinden, absterhenden alten Fürsten, mit der Mutter, die an das Grab
ahr und Felix und der Tochter, die an das Luftbett denkt, jenes Parfüm (zwischen!</Unicode>
            </TextEquiv>
        </TextRegion>
    </Page>
</PcGts>
