3296 4352
2328 102 2517 175 —.
2712 111 2968 178 .
909 120 993 189 Me
1496 123 1918 224 box 27//1
176 120 1352 232 22. bedandus
2178 238 3051 302 digten Dame, dem Marquis von Valois, in
2170 279 3127 347 beide Gegner verwundet werden, und da die Pr.
2171 335 3145 396 zessin ihren Sinn dem mutigen Medardus gegen¬
2178 384 3152 444 über ändert und sogar für ihn in Liebe erglüht.
2181 426 3155 496 reift in ihm der Plan, die stolze Herzogsfamilie
2181 478 3150 531 zu demütigen, die Prinzessin mitten in ihrem
2176 528 3150 581 Liebesrausche auf den Pranger zu stellen. Aber Medardus
2190 573 3157 622 führt den Plan nicht aus; selbst ganz im Banne
2189 622 3141 672 der Liebesleidenschaft, vergißt er die Rache. Un¬
2180 669 3147 731 terdessen nehmen die Ereignisse ihren grauenvollen
2194 716 3148 766 Fortgang: Klährs Onkel Eschenbacher wird er¬
2190 763 3145 817 schossen, weil er der Knspiration gegen Napoleon
2183 812 3150 860 verdächtig erscheint und in seinem Mannesstolz die
2185 857 3150 924 vermeintliche Schuld auf sich nimmt, um die Familie
2186 908 3143 960 zu entlasten. Helene fordert von Medardus den
1837 916 2070 999 Mncapolis,
2177 958 3144 1032 Tod des verhaßten Korsen und rüstet sich, da der
1552 938 2080 1050 Lsco, Stockholm, St. Peters¬
1370 966 1698 1066 burg, Toronto.
2187 1000 3141 1070 Geliebte die Rolle eines gedungenen Mörders em¬
1220 1006 1837 1135 (Quellenangabe ohne Gewähr).
2184 1052 3148 1113 pört von sich weist, selbst zur entscheidenden Tat.
2184 1103 3137 1166 Medardus aber verkennt ihre Absicht, verdächtigt
929 1075 1376 1192 #, schnitt aus
2188 1147 3141 1206 sie der Liebschaft mit dem Franzosenkaiser und er¬
1347 1123 1794 1235 Deutsches Abelie
2191 1200 3148 1249 sticht sie. Dafür soll er nun mit dem Tode büßen.
1211 1159 1523 1266 29 5. 1911
983 1188 1145 1286 vom:
2189 1246 3139 1298 Zwar wird er begnadigt, weil seine Tat sich als
2179 1299 3141 1357 Rettung Napoleons erweist, er aber verschmäht diese
2188 1344 3147 1398 Gnade, bezichtigt sich selbst des Verbrechens, dem
1359 1356 2037 1448 Theater und Kunst.
2185 1389 3140 1445 Kaiser nach dem Leben getrachtet zu haben und
2177 1439 2845 1507 fällt als Opfer seines Fanatismus.
1210 1415 2155 1504 Repertoire des Neuen deutschen Theaters.
1188 1473 2162 1549 Dienstag, den 30. Mai. Bei aufgehob. Abonn.
2250 1488 3146 1574 Das eben ist die Tragik dieses Helden, daß
1193 1521 2145 1578 KAbschluß. Ital. Stagione. „Un ballo in maschera.“
2181 1543 3144 1627 sein Opfer zwecklos dargebracht wird, daß sein
1210 1566 2143 1611 Mittwoch, den 31. Mai. (185—1.) „Alt-Heidelberg.“
1205 1601 2133 1651 Donnerstag, 1. (186—1I) „Der Kaufmann v. Venedig.“
2177 1604 3142 1671 Heroismus bloß ein Heroismus der Pose ist, der nie¬
2104 1641 2162 1677 *
1210 1641 2146 1684 Freitag, 2. Juni. (187—III.) „Hoffmanns Erzählungen.“
2179 1648 3144 1712 mandem frommt. Die Gestalt des Medardus ist
1205 1683 2158 1747 Samstag, 3. Juni. (184—IV.) „Der junge Medardus“.
2163 1705 3152 1765 das Problem der unfruchtbaren, alles verzehrenden
1199 1713 2159 1784 Sonntag, den 4. Juni. Bei aufg. Abonn. Zum
2163 1738 3137 1821 Leidenschaft: wir sehen den Jüngling im Feuer
1200 1754 2165 1817 Besten des Pensionsfondes. Zum ersten Male. „Die
1191 1793 2155 1852 keusche Susanne." Operette in 3 Akten von Jean Gilbert.
2175 1800 3142 1874 aller Seelenstimmungen erglühen, er wird durch
1193 1844 2144 1899 Montag, 5. Juni. Beiaufg. Abonn. „Der Gardeoffizier.“
2168 1843 3135 1909 die ganze Skala der Affekte getrieben, ist erst lodernde
1275 1872 2158 1945 Repertoire des deutschen Landestheaters.
2163 1897 3140 1955 Begeisterung und Haß, dann Rache, Liebe und
1197 1919 2145 1989 Dienstag, 30. Juni. „Charleys Tante.“ „Erste Klasse.“
2174 1942 3139 2008 Eifersucht, bis er sich schließlich auf sein Heldtum
1187 1957 2152 2030 Sonntag, den 4. Juni. Zum Besten des Frauen¬
2163 1977 3126 2057 besinnt und jein Leben preisgibt, trotzdem ihm
1197 2005 2152 2066 Erwerbvereines. Normale Preise. Zum ersten¬
2173 2030 3130 2108 das hohe Ziel, das ihm ursprünglich vorschwebte, in¬
1186 2043 2151 2103 male. „Der Gardeoffizier.“ Von Franz Molnär¬
1187 2084 2146 2166 Montag, den 5. Juni. Normale Preise. „Die keusche
2169 2089 3131 2155 zwischen verloren gegangen. Gegen Schnitzlers
1197 2127 1412 2190 Susanne.“
2174 2135 3130 2201 Medardus=Drama ließe sich der Vorwurf mangeln¬
2166 2176 3133 2245 der Geschlossenheit erheben: die vielen kurzen Szenen
1344 2170 2013 2250 Neues deutsches Theater.
2167 2226 3128 2297 zerreißen den Zusammerhang, unterbrechen den Fort¬
1478 2231 1889 2298 Maifestspiele X.
2170 2285 3127 2346 gang der Entwicklung und erschweren dem Zuschauer
1419 2275 1938 2343 „Der junge Medardus.“
2161 2327 3124 2393 die Orientierung. Auch vom bühnentechnischen
1235 2312 2107 2390 Dramatische Historie von Artur Schnitzler.
2170 2370 3128 2445 Standpunkte aus erscheint diese musivische Arbeit
1255 2373 2155 2450 Navoleons Feldzug gegen Oesterreich im Jahre
2170 2424 3132 2503 nicht einwandfrei. Indes steht der dichterische Werts
1177 2437 2144 2494 1809 hat schon manchen Bühnenschriftsteller zu dra¬
2156 2460 3129 2553 des Werkes so hoch, daß solche Bedenken bald schwirden.
1183 2476 2145 2543 matischem Schaffen angeregt; bisher aber waren
2163 2519 3127 2598 Wie bedeutsam gibt sich beispielsweise die Szene
1181 2531 2143 2599 fast immer nur die spezifisch kriegerische Stimmung
2164 2566 3124 2635 zwischen dem General Rapp, dem Abgesandten
1182 2577 2149 2642 und der patriotische Charakter des Stoffes für dessen
2158 2616 3123 2682 Napoleons, und dem blinden Herzog von Valois, der
1188 2616 2145 2677 Gestaltung ausschlaggebend gewesen: die Figuren
2162 2671 3136 2733 unentwegt auf die Herrschersendung seines Hauses
1186 2676 2146 2743 bildeten bloß den Maßstab für die Größe dieser
2145 2713 3122 2784 baut. Wenn er den Kaiser nicht anerkennen will und
1175 2711 2146 2766 Epoche, in ihnen spiegelten sich die mächtigen Zeit¬
2163 2762 3121 2830 Rapp ihm daraufhin bloß den Titel eines Herrn
1180 2768 2137 2826 ereignisse. Schnitzler erst hat eine Umwertung dieser
2159 2810 3123 2867 v. Valois zugesteht, so scheint das wohl auf das
1180 2801 2137 2866 Werte vorgenommen: bei ihm tritt das Reinmensch¬
2157 2849 3122 2915 spätere traurige Los des Allgewaltigen auf St.
1180 2860 2144 2927 liche wieder in seine Rechte, die Schilderung der
2162 2911 2547 2975 Helena hinzudeuten.
1174 2907 2148 2972 politischen Verhältnisse verliert ihre Vorrangstellung
1180 2957 2142 3022 und wird zur Folie, zum malerisch=wirksamen Hin¬
2226 2942 3110 3035 Die Aufführung war dank der sorgfältigen
1171 3011 2142 3077 tergrunde, der den Erlebnissen, dem Sehnen und
2148 3012 3113 3082 liebevollen Vorbereitung in allen Teilen ganz vor¬
1176 3056 2138 3109 Trachten, dem Glück und dem Schmerz der handeln¬
2146 3064 3108 3127 trefflich geraten. Herr Onno gab den Medardus
1175 3108 2132 3159 den Personen erst wahren Sinn und Bedeutung
2158 3106 3106 3171 mit jener fiebernden Glut und nervösen Zerfahren:
1171 3145 1380 3207 verleiht.
2155 3156 3110 3225 heit, die sein ureigenstes Wesen ausmachen und der
1246 3184 2127 3251 Medardus Klähr, der Sohn einer Buchhänd¬
2148 3201 3111 3273 Rolle eignen. Prinzessin Helene war Tilla Du¬
1172 3249 2142 3328 lerswitwe ist der Held des Dramas. Er ist, wie
2144 3246 3115 3307 rieuz. Die wilde Dömonik dieser Künstlerper¬
1163 3289 2132 3374 damals fast die gesamte Jugend der österreichischen
2154 3296 3112 3366 sönlichkeit übte in den Momenten verhaltener
1169 3329 2129 3404 Hauptstadt, von dem Wunsche beseelt, das Vater¬
2134 3355 3110 3404 Leidenschaft nicht minder als in der Ekstase ihre
1164 3386 2126 3449 land vor den Uebergriffen des Korsen zu schützen
2145 3387 3117 3464 faszinierende Wirkung. Frau Alice Hetsey brachte
1158 3429 2128 3501 und stellt sich begeistert in die Reihen der freiwilli¬
2148 3445 3108 3491 für die Mutter Klähr die würdige Haltung und Ge¬
1160 3489 2130 3550 gen Kämpfer. Da tritt ein Ereignis ein, das seinem
2149 3490 3100 3556 fühlswärme der edlen Bürgermatrone mit. Präch¬
1171 3532 2116 3589 Dasein mit einem Male eine andere Richtung und
2137 3540 3102 3596 tige Figuren schufen ferner die Herren Fischer
1169 3581 2134 3642 einen neuen Inhalt gibt: seine Schwester Agathe
2135 3583 3109 3652 (Eschenbacher), Huttig (Etzelt), Max Schütz (Her¬
1171 3623 2128 3695 geht mit dem Geliebten, dem jungen Prinzen
2137 3634 3105 3698 zog v. Valois, Dr. Manning (Doktor Assalagny)
1174 3670 2129 3738 Francois von Valois, freiwillig in den Tod, um
2133 3691 3098 3750 und Frl. Hänseler (Herzogin). Aus der Fülle der
1171 3724 2119 3778 ihre Familie vor Schande zu bewahren. Medardus
2136 3725 3110 3798 übrigen Darsteller seien nur noch die Herren
1170 3774 2118 3840 weiß, daß die Valois an dem Doppelselbstmord
2127 3783 3089 3833 Bauer, Balder, Rittig, Reinhardt, Ro¬
1170 3818 2113 3889 Schuld tragen, weil sie der Vereinigung des jungen
2125 3832 3109 3894 manovsky, Seipp und Hofer und die Damen
1172 3864 2117 3925 Paares schroff gegenüberstanden, und will nun sein
2125 3873 3088 3937 Niedt und Klein hervorgehoben. Die Inszenie“
1169 3914 2124 3976 Leben der Rache weihen. Die Gelegenheit, sie zu
2129 3923 3096 3988 rung war stilvoll, nur das Tempo ließ zu wünschen
1164 3958 2117 4034 stillen, bietet sich bald: aus einem Renkontre
2125 3964 3101 4026 übrig; trotz mancherlei Streichungen und der Reak¬
1160 4004 2117 4062 mit der Prinzessin Helene, der Schwester des
2123 4025 3109 4097 tivierung der Drehbühne währte die Première bis
1161 4061 3097 4121 Prinzen Valois, am offenen Grabe des Liebespaa= I nach Mitternacht. Die schwüle Glut der Liebesszen:
