3344 4224
224 267 2416 363 Luch der Sprusche und Bedenken box 35/3
437 629 1084 712 Dr. Max Goldschmidt
439 682 1081 770 Büro für Zeitungsausschnitte
800 725 1258 793 Telefon: Norden 3051
270 738 549 802 BERLIN N 4
600 807 1229 903 Bossische eilung, werlin
764 1008 1154 1120 E 3 Jan 1925
242 1178 1412 1230 Schnitzlerworte. Unter Aphorismen von Arthur
214 1215 405 1280 Schnißt
512 1213 1412 1267 die dieser Tage in der „Neuen Freien
221 1260 1407 1320 Presse“ veröffentlicht werden, finden sich die folgenden Sprüche:
258 1295 1420 1344 In jeder wirklich guten Anekdote steckt der Keim zu einem
214 1337 1422 1388 Mythos, jede dichterische Allegorie nimmt die Richtung nach einem
223 1379 481 1434 Symbol zu.
252 1408 1411 1465 Es ist immer noch besser, wenn sich zwei Menschen über den
204 1453 1412 1505 tiefen Abgrund ewiger Fremdheit hin kühl die Hände reichen,
213 1483 1418 1536 als wenn sie einander über den trügerischen Wirbeln des Ver¬
224 1534 887 1581 stehens gerührt in die Arme sinken.
253 1546 1417 1619 So mancher glaubt, immer noch einem verlorenen Glücke nach¬
210 1616 1418 1668 zuweinen, und es ist längst nur mehr der abgeschiedene Schmerz
224 1643 892 1697 darum, dem seine Tränen fließen.
252 1696 1427 1743 Im Herzen jedes Aphorismus, so neu oder gar paradox es sich
223 1713 1059 1786 gebärden möge, schlägt eine uralte Wahrheit.
295 2035 929 2111 Dr. Max Goldschmiet
293 2105 935 2173 Büro für Zeitungsausschnitte
151 2129 414 2211 BERLIN N4
618 2136 1116 2213 Telephon: Norden 3051
436 2217 805 2274 Ausschnitt aus:
268 2259 994 2344 Hannoverscher Anzeiger
624 2353 1056 2500 11. Jan 1925
1228 2528 2206 2606 sich immerhin so fest in das edle Tier einkrallt,
1225 2571 2205 2639 daß geraume Zeit hindurch auch noch der verdorbene
241 2538 1228 2661 Bemerkungen zum Thema Kunst
1226 2616 2203 2674 Leichnam, ein lächerlich gespenstischer Anblick, auf
1233 2644 2198 2709 dem Rücken des galoppierenden Renners hocken
548 2663 922 2747 und Krint.
1233 2694 2200 2749 bleibt, ehe er herunterstürzt, um am Wegrand zu
1232 2727 1441 2797 verwesen.
407 2725 1087 2817 Von Arthur Schnitzler.
459 2775 1234 2850 Aus dem noch nicht erschienenen „Buch der
1286 2796 2196 2864 Manchmal möchte man fast glauben, bedeutende
412 2831 873 2896 Sprüche und Bedenken“.
1230 2846 2208 2909 historische Ereignisse erfolgten nur zu dem Zweck.
1234 2872 2212 2943 um den Rezensenten immer wieder einen neuen
1244 2908 2206 2981 falschen Maßstab für die Betrachtung von Kunst¬
303 2910 1232 2984 Wenigen Menschen ist es gegeben. einem Kunst¬
1243 2952 2216 3011 werken an die Hand zu geben. Hatte man die
249 2967 1224 3022 werk als ruhig Betrachtende gegenüberzustehen; aber
1242 2983 2204 3051 Bedeutung der Werke durch eine Reihe von Jahren
258 3001 1231 3052 kaum einer ist fähig oder gewillt, während er das
1241 3030 2205 3084 mit Vorliebe an der „großen Zeit“ gemessen — (ein
243 3047 1234 3084 Werk auf sich wirken läßt, im Nachgefühl oder im
1236 3053 2216 3122 Schlagwort, das nun vielfach von denselben Indi¬
248 3071 1226 3140 Gespräch darüber einfach ein Betrachtender zu blei¬
1232 3085 2213 3153 niduen verspottet wird, die es damals für ihre
251 3105 1232 3158 ben. Unnersehens wird er zum Kritiker indem er
1239 3119 2134 3185 Zwecke mißbraucht und zu Tode gehetzt haben)
264 3138 1237 3204 an dem Werke seine Urteilskraft zu erweisen, seinen
1296 3142 2207 3211 ist nun das Schlagwort von det „versunkenen
251 3181 1180 3231 Witz zu üben, sein eigenes Wesen zu messen sucht.
1240 3193 2213 3259 Welt“ aufgekommen, für die sich in Wirklichkeit kein
299 3211 1226 3274 Der Naive tut das vorerst ohne jede, gewiß ohne
1245 3235 2204 3295 anständiger Mensch mehr zu interessieren vermöge,
255 3245 1225 3307 jede übelwollende Absicht; aber auch in ihm kommen
1247 3279 2227 3332 und die daher künstlerischer Behandlung überhaupt
257 3294 1225 3349 bald die angeborenen menschlichen Eigenschaften zu
1245 3310 1584 3380 nicht würdig sei.
262 3319 1240 3378 ihrem Recht —: Eitelkeit und Besserwisserei der
1297 3331 2218 3405 War ober der Phrase von der „großen Zeit“
255 3358 1244 3419 Drang vor sich selbst und vor anderen als der Ueber¬
1247 3383 2215 3441 immerhin noch eine Spur von Vernunft zuzu¬
665 3392 1235 3452 so daß er im höheren Maße
260 3416 633 3463 legene dazustehen.
1240 3417 2210 3475 billigen, zum mindesten, wenn man sie in auanti¬
252 3437 1232 3486 bereit sein wird, die schwachen Seiten eines Werkes
1845 3459 1889 3489 cht
1237 3451 2224 3509 tativer Hinsicht zu verstehen suchte, so ist die von
257 3459 1129 3548 aufzuspüren, als dessen gute gelten zu lassen.
1236 3476 2230 3556 der „versunkenen Welt“ — mag sie auch von manchen
299 3513 1237 3565 Und wir wollen diese allgemein menschlichen
1252 3523 2237 3586 sonst gescheiten Menschen gedankenlos nachge¬
262 3550 1240 3610 Eigenschaften gerade demienigen übelnehmen, der
1666 3566 2227 3624 so völlig sinnlos und verrät
1239 3575 1591 3626 plappert werden
286 3586 1148 3669 aus dem Kritisieren seinen Beruf gemacht hat.
1242 3585 2228 3650 eine so naive Auffassung vom Wesen volitischer.
1256 3628 2229 3690 sozialer, ethischer Entwicklung, kurz ein solches Miß¬
1255 3671 2230 3721 verstehen der Geschichte (— als wäre jemals im
312 3678 1243 3749 Allerlei Schwächen, die wir manchmal geneigt
1239 3703 2180 3761 Laufe weniger Jahre eine Welt versunken und -
261 3714 1228 3780 sind, dem Kritiker als Individuum anönkreiden,
1256 3732 2237 3791 nebenbei, als hätte der Dichter das Recht nicht, die
260 3745 1246 3817 haben offenbar mit seiner Person, mit Mängeln
1254 3769 2237 3829 Gestalten einer versunkenen. auch einer eben erst
260 3790 1241 3855 seines Charakters, seines Tasents oder seiner Ur¬
1254 3799 2195 3867 versunkenen Welt heraufzubeschwören —), daß es
259 3826 1240 3893 teilskraft kaum etwas zu schaffen. Es drückt sich in
1247 3844 2190 3900 nicht lange dauern wird bis zu dem Augenblick, d
266 3860 1247 3928 diesen Schwächen oft nur der immanente Geist der
1258 3855 2227 3932 wieder dieselben Leute das neue Schlagwort als
260 3901 1241 3966 Kritik aus, ihre Erbsünde könnte man sagen, der
1260 3901 2238 3970 lächerlich verhöhnen werden, die heute noch ihre
270 3941 1248 4001 jeder, der nun einmal diesen Beruf ausübt. un¬
1256 3944 2231 4001 geistige Ueberlegenheit zum großen Teil davon zu
263 3972 1254 4037 weigerlich verfallen ist. Für die Richtigkeit dieser
1252 3991 1613 4052 bestreiten suchen.
1900 3999 2241 4066 bis dahin wird
276 4007 1241 4069 Annahme scheint mir ein Beweis zu sein, daß auch
1304 4010 1900 4074 Aber wir dürfen ruhig sein:
262 4037 1248 4099 Autoren (ja auch besonders solche), die sich über
1256 4047 2239 4116 diesen Wortschlägern schon wieder ein anderes, noch
269 4066 1250 4142 erlittene Anariffe nicht heftia genug entrüsten
1245 4083 1773 4164 dümmeres eingefallen sein.
268 4106 1247 4179 konnten, sohald sie selbst in die Gelegenheit kommen,
260 4127 1266 4204 an dem Werke eines anderen Autors Kritik zu
246 4199 303 4224 —*
2623 2522 2731 2583 16.
2233 2545 3174 2621 Es mag dem Künstler begegnen, daß er mit seinem
2207 2589 3178 2663 Stoff lange Zeit so überlegen gespielt hat, wie ein
2201 2620 3177 2695 geschickter Jongleur mit seinem Ball: daß es ihm ge¬
2213 2660 3173 2733 lang, ihn aus den höchsten Höhen und fernsten Fer¬
2202 2696 3168 2775 nen immer wieder im rechten Augenblick mit ge¬
2217 2727 3181 2803 wandten Händen aufzufangen; — bis er ihm doch
2205 2759 3169 2833 einmal unversehens entgleitet, davonhüpft und in
2215 2799 3180 2870 irgendeinem Lebensgestrüpp verschwindet, aus dem
2215 2844 2956 2924 er sich niemals wieder hervorholen läßt.
2637 2904 2748 2961 17.
2258 2931 3187 3008 Wir sind allzu oft geneigt, unter einer trübe schil¬
2205 2963 3200 3039 lernden Oberfläche Tiefe zu vermuten: — und wenn
2216 3008 3177 3079 wir uns entschließen. nachzuvrüfen, reicht unser kleiner
2209 3044 3179 3115 Finger schon bis auf den Grund hinab. Eine klare
2212 3075 3185 3148 Oberfläche aber täuscht uns immer wieder Seichtig¬
2217 3110 3171 3184 keit vor. indem sie unserem abnenden Blicke gestattet
2214 3141 3198 3241 bis in eine Tiefe hinabzuschauen, die wir mit dem
2229 3178 3196 3252 Senklot des Verstandes niemals zu erreichen ver¬
2212 3241 2392 3300 mögen.
2643 3255 2759 3309 18.
2267 3276 3188 3358 Nur still geschwiegen. Autor — und keine Erwide¬
2217 3321 3195 3395 rung!! Die einzige, die du allen Angriffen entge¬
2222 3364 3134 3434 genstellen darfst. hast du schon vorweggenommen:
2226 3369 3206 3473 dein Werk. Wenn es dauert, hast du mecht behalten
2928 3518 3041 3593 GE
