3344 4224
1939 238 2398 330 box 35/3
209 247 1783 355 Buch der Sprneche und Bedenken
1214 751 1810 853 ZurKorrektur
1184 824 1867 900 gegen chesten Rückschluß an die
1177 894 1864 963 REDAKTION DER MENORAH
1244 943 1780 1023 Wien, I., Zelinkagasse 13
1284 1031 1743 1105 A#ttorkorvekter
1167 1078 1871 1171 ams Lasten des Verfussere
1949 1220 2612 1351 F XAtererpd-4.
1125 1219 1421 1323 Wrfe .
486 1259 1094 1383 P hi Ond Cur-
780 1343 856 1450 7
2204 1353 2717 1445 bestta,
1016 1486 2072 1617 Almnungen und Fragen
762 1580 2325 1709 (Aus dem dem nächsterscheinenden Buchd der Sprüche und Getäukal)
2384 1618 2472 1735 4
2221 1689 2780 1842 Ted S
863 1804 2324 1888 Was wir den Menschen als ihr metaphvsisches Bedürfnis gutzu¬
2467 1839 2618 1962 J)
758 1902 2340 1971 schreiben pflegen, ist selten etwas anderes als die Neigung, mit ihren
761 1945 2339 2000 Gedanken in unkontrollierbarem Gebiet umherzuschweifen, keine
763 1973 2341 2052 letzte Verantwortung tragen zu müssen) und sich bei all dem noch
762 2046 1346 2117 groliartig vorzukommen.
871 2117 2344 2205 Der Weg vom religiösen Gefühl zum Dogma ist unendlichemal
769 2185 2019 2284 weiter als der vom Dogmi zum religiösen Wahnsinn.
862 2272 2334 2359 Ob einer glaubt, das weilt er im allgemeinen selber nicht. Dar¬
777 2331 2345 2415 über, daß er zweifelt, ist sich jeder ohneweiters klar; er weilt nur
780 2411 1258 2484 nicht immer woran.
863 2470 2347 2549 Daß wir einen Gott ahnen, ist nur ein unzulänglicher Beweis
781 2534 2342 2634 für sein Dasein. Ein stärkerer ist, daß wir fähig sind, an ihn zu
770 2604 1014 2673 zweifeln.
877 2690 2346 2764 Diejenigen Tugenden werden am lautesten gepriesen, zu deren
773 2746 2353 2818 Ausübung weder Gedankenarbeit, noch Energieentfaltung, noch Selbst¬
784 2798 2360 2870 überwindung gehört, vor allem also diese beiden: Patriotismus und
785 2856 2342 2912 Gottesfurcht. Sollte die Vermutung nicht gerechtfertigt sein, dali sie
785 2879 2361 2965 an sich überhaupt gar keine Tugenden bedeuten, sondern nur von
783 2933 2355 3007 denjenigen Instanzen dazu gestempelt wurden, die von dieser Auf¬
790 2995 2366 3068 fassung den augenfälligsten Vorteil haben, vom Staat und von der
782 3042 1001 3134 Kirche?
880 3127 2359 3221 Es stünde besser in der Welt, wenn nicht jeder Fromme sich
778 3187 2354 3266 an Seelenadel über den Zweifler, nicht jeder Zweiller an Klug¬
791 3251 2363 3323 heit über den Frommen sich erhaben fühlte. Auch der Zweifler kann
791 3285 2365 3383 ein Dummkopf, auch der Fromme ein Schuft sein, und beide — beides.
903 3411 2360 3497 Wer Gott glaubt, mag zu ihm beten, wer ihn weilt, dessen An¬
781 3448 1266 3543 dacht heiltt Arbeit.
880 3533 2368 3622 Symbole, Plurale, Abstrakte, das sind ebenso viele Fluchtver¬
792 3613 2372 3667 suche aus der erschütternden jund verwirrenden Realitüt der Dinge
788 3653 2036 3744 in die Spekulation, in die Metaphysik oder zu Gott.
