3344 4256
1991 157 2469 261 box 35/3
169 175 1872 278 3. Buch der Sprueche und Bedenken
2164 1116 2962 1217 BKUE ACLISSIANSKY
724 1179 2013 1300 Verttiftecwum
2176 1174 2991 1287 VII., KAISERSTRASSE 44—46
183 1177 736 1317 OIStT
566 1313 2982 1408 fangen. Wie dem immer wäre: mit Schnitzlers Weltan= an ihr geübt wird. Der Gedankengang Schnitzlers verläuft
602 1416 2976 1479 schauung läßt sich, zumal in so bewegten Zeiten, wie den ungefähr so: er spricht den Kritikern „Persönlichkeit“ ab, weil sie,
599 1415 2991 1521 unseren, wenig anfangen. Das Häuflein Gewißheiten, das ihm wenn sie wirklich Persönlichkeiten wären, wahrscheinlich lieber
181 1418 616 1530 schnitzter...
602 1476 2972 1563 hinzureichen scheint, das Rätsel des Daseins und das Ge= selbst etwas schaffen würden, als das Geschaffene zu kritisieren.
205 1502 625 1584 der Phaidon=Verlag
1792 1503 2979 1597 Die Sache mit der Persönlichkeit hat aber leider einen Haken.
618 1540 1799 1621 heimnis der Weltgeschichte zu begreifen, kann für den Men¬
190 1564 617 1642 itzler mit ersten und
1796 1547 2987 1646 In der Regel hält man sie für eine Persönlichkeit, sobald
607 1583 1802 1667 schen selbst nichts tun. Der Mensch braucht mehr, als Schnitzler
186 1616 620 1685 it allerhand von dem,
1789 1606 2988 1692 Leute, die man für Persönlichkeiten hält, oder die sich selbst
614 1640 1791 1722 zu geben hat, und es ist eigentlich erstaunlich, daß er selbst mit
181 1664 622 1736 usfüllt. Schnitzler ist
1802 1660 2985 1746 für Persönlichkeiten halten, den Titel „Persönlichkeit“ billig.
199 1689 1795 1768 als Poet, manchmal diesem Wenigen auskommt und nicht nur sein Leben, sondern
1789 1699 2986 1788 und zum Selbstkostenpreis an jedermann abgeben, der seiner
176 1741 1537 1809 Wort= als Heilkünstler. auch sein Dichten damit zu bestreiten vermag.
1794 1759 2989 1840 bedarf. Schnitzler ruft: Des Kritikers erste Frage müßte sein,
717 1772 1804 1864 Eine tiefere Auseinandersetzung mit dem Problem des
191 1810 625 1878 nitt aus seiner Welt¬
1800 1807 2990 1883 was hast du mir zu sagen, Werk? Statt dessen aber spricht
196 1832 1805 1917 kößten Teil von Be= Lebens und den großen Fragen der Menschheit scheint Schnitzler
1800 1835 2995 1933 der Kritiker: Paß auf, was ich dir zu sagen habe, Werk!
627 1881 1805 1959 übrigens in seinem Büchlein auch gar nicht gewollt zu haben.
201 1898 625 1975 herrührt. Der Dichter
1794 1895 2993 1982 Nun, das kann ich dem verehrten Dr. Artur Schnitzler sehr
618 1930 1816 2009 Er verfolgt offenbar einen anderen Zweck damit, denn in
185 1954 622 2013 ner ungefähr auf der
1795 1942 3000 2027 gut erklären. Es kommt nämlich leider oft vor, daß das
616 1963 1804 2054 einem verhältnismäßig großen Abschnitt seines Spruchbuches
189 1999 633 2068 eunzigerjahre. Er ver¬
625 1987 2995 2104 bindet er mit den Kritikern an und entwickelt darin ganz un= Werk dem Kritiker gar nichts zu sagen hat; da ist man
188 2043 628 2120 ich wundernimmt, zu¬
630 2035 2994 2159 gewohntes Temperament. Die Kritiker haben ihm Schmerz dann natürlich in einer großen Verlegenheit; man will doch
185 2102 636 2178 gugt, daß es darüber
627 2091 3002 2203 zugefügt. Er verdankt ihnen zwar einen sehr großen Teil nett sein und dem Dichter nicht einfach schaffen: Setzen Sie
200 2149 631 2211 er solchen Tendenzen
198 2179 2994 2259 len in seinem Buche) der Erfolge, die seinen Schriften beschieden gewesen sind, aber sich, Poet! Und um ihm das zu versüßen, läßt man sich nun
632 2178 2999 2294 es muß unter dem brausenden Chor von Jubelstimmen doch auf sein Werk ein und bemüht sich, etwas darin zu suchen,
205 2234 646 2311 Welt hat inzwischen
205 2237 3000 2356 #ngen genommen, aber auch etliche gegeben haben, die nicht ganz nach Wunsch schrieben, was sich natürlich nicht finden läßt. Wir haben es recht
209 2282 3001 2404 k, ist doch hauptsächlich und die hat er nun bei der Falte, sagt ihnen eine Fülle schwer mit dem sogenannten „Schöpferischen“. Nicht wir tun
199 2380 3001 2453 sien Geist nichts „ohne saftiger Sottisen ins Gesicht und spricht dem ganzen Ge= ihnen, sie tun oft uns weh, und in der Enttäuschung darüber,
1801 2381 3002 2460 daß es wiederum nichts war, wird man halt mitunter bitter.
196 2397 1820 2505 ene ungeprüften Tat= werbe seine Verachtung aus. Um einiger „Ungerechter“ willen
1812 2423 3002 2509 Schnitzler verlangt „Interesse am Werk“. Und wenn das Werk
204 2456 1824 2549 koßen Teil der Mensch= ersäuft er die ganze Brut, die er für „talentlos“ und „bös¬
1804 2471 3016 2569 nicht interessiert? Dann setzt sich eben der Kritiker seufzend hin
205 2481 1828 2601 er geht Schnitzler nicht artig“ hält. Da er nun dieser Abrechnung offenbar nicht
641 2513 3013 2630 gleich ein ganzes Buch zu widmen wünschte, entschied er und schreibt und verflucht heimlich sein Gewerbe. Es gibt ja
224 2573 654 2640 durchaus ab, sondern
207 2570 3006 2695 Bedürfnis fühlt, sich, sich für die harmlosere Packung und kredenzt sein Büchlein aber doch schließlich und endlich eine Instanz, die alle Streitig¬
205 2612 3005 2740 denken“. „Im Anfang ungefähr wie eine Schachtel Bonbons, deren untere Schichte keiten dieser Art schmerzlos schlichtet: das Publikum, das sich
1819 2668 3014 2750 gottlob weder um den Schöpfer kümmert noch um den Kritiker,
200 2689 1838 2784 ch irgend etwas (ein aus lauter giftigen Zuckerln besteht. Der Lärm seiner Polemik
1817 2714 3008 2797 sondern das ein Buch einfach kauft oder nicht kauft, weil es
192 2736 1830 2854 Schnitzler hat dagegen, gegen die Kritiker ist schon von weitem zu hören. Schnitzler
1816 2757 3014 2849 ihm gefällt oder nicht gesällt. Und so geht es mit Theater¬
211 2780 1831 2888 gesucht wird, nicht viel gibt sein sonstiges sinnendes, verträumtes Wesen in dieser
1819 2798 3020 2894 stücken und mit allem, was sonst hervorgebracht wird. Schnitzler
205 2836 1829 2929 n bezieht er allerdings Partie seines Buches fast vollkommen auf. Sein Stil wird
1818 2848 3020 2939 selbst sieht diesen Trost ein. Er seufzt: wenn dein Werk
203 2878 1829 2985 einzelne, gewissermaßen unruhig, sein Puls schlägt höher und seine Augen rollen.
1832 2919 2640 2993 dauert, Dichter, hast du recht behalten!
211 2922 1831 3026 daß sich diese Elemente Er hat es s#r eilig und erweckt durchaus den Eindruck
215 2978 1845 3074 natürlich seltsam an= eines Menschen, der alle diese Dinge sagen mußte, weil er
1915 2979 2418 3085 Run: dauert  denn?
227 3018 1847 3119 aus diesem Zentrum, sonst zersprungen wäre. Das ist nämlich das sichere Kenn¬
2519 3021 2969 3136 Hons Liebstoeckl.
218 3064 1877 3196 zum „Flotieren“ emp- zeichen einer „Persönlichkeit“: daß sie zerspringtt, wenn Kritik
