3392 4192
378 -10 1631 69 gnsche siammenprent, der grocte Preelen der 1r
396 41 1646 124 Schnitzler von je war, ist in jedem Worte die es überreichen Buches
374 110 1620 187 lebendig; besonders aber am Schluß, wenn er sein eigenes Spruch¬
395 133 1637 217 werk gewichtles zu machen scheimt und plötzlich mit hinerlistiger
389 181 1641 278 Miene durch die Aeußerung zum Widerspruch herausfordert:
404 227 1639 317 „Schüttle ein Aphorisma, so fällt eine Lüge heraus und eine
401 266 1649 354 Banalität bleibt übrig.“ Es ist anzunehmen, daß der Dichter
405 327 1634 413 diesen Satz. zum mindesten in der Anwendung auf ihn selbst.
403 362 1643 451 nicht so ernst genommen zu wissen wünscht wie dessen Variante,
408 417 1641 500 mit der er das Ganze ab chließt: „Im Herzen jedes Aphorismas,
192 455 1672 562 ise 10 so neo oder gar paradox es sich gebärden möge, schlägt eine ur¬
372 518 1716 622 alte Wahrheit.“ Es ist möglich, daß dieses Buch vom Anfang bis “
412 571 1661 654 zum Ende nichts als uralie Wahrheiten enthält; sicher aber, daß
415 616 1651 702 sie neu erlebt, gesehen und gesagt sind und wahrscheinlich zum
412 686 644 767 erstenmal.
510 701 1629 792 Eine Fülle ist in all dem, die verwirrend wirken könnte
415 763 1638 848 wäre nicht Urtur Schnitzlers ordnender Geist gliedernd und auf.
267 804 1664 920 —bauend auch hier am Werke Bekeumais, transparent gewordene
419 868 1664 927 Stunden, im #utscheidruben Wol öffenbart, Erlülenes und Er¬
419 898 1665 980 schautes fügt sich zur Lebensanschaung und gleichzeitig zum Adbild
424 956 1653 1022 des Betrachtenden selbst, der hier, ohne derart Definitives zu wollen.
427 1001 1741 1072 ja seiner Meinung nach nur beiläufig Entstandenes, zwanglos 2
423 1048 1658 1112 Tagebuchartiges (und wohl eben deshalb so unentrinnbar anziehend)
230 1078 400 1149 wabe
422 1085 1664 1167 die Summe seiner Erfahrung gezogen hat. Ein Sondern in ein¬
426 1144 1674 1217 zelne Abschnitte ermöglicht das Zusammenfassen des geistig Ver¬
425 1176 1682 1269 wandten zu geschlossenen Komplexen, deren Aufeinanderfolge
441 1234 1664 1309 Steigerung und Einheit zugleich erzielt, und der Mensch, der aus
432 1280 1732 1357 jedem Satz spricht, tritt so stark und liebersweit in die Er¬
435 1312 1675 1409 scheinung, daß man diese Monologe und Interjektionen mit
432 1366 1673 1455 größerer Spannung lieft als manche berühmte Erzählung. Sprüche
428 1423 1680 1515 in Versen präludieren, solch ein Prosa bilden den Epilog Ahnungen
434 1476 1677 1547 und Fragen, Schicksal und Wille, Wunder und Gesetze geben
224 1467 399 1557 asse 5
428 1528 1690 1624 Anlaß zu Reflexionen und Maximen, denen nichts Doktrinäres
439 1574 1687 1644 und mühsam Ergrübeltes anhaftet und in denen jedes Wort von
431 1625 1686 1697 unmittelbarem Erleben durchblutet ist. Was der Dichter über
441 1652 1690 1738 Politik, Journalismus, Gesinnung äußert, ist die Erkenntnis eines
437 1695 1705 1788 innerlich ganz frei Gewordenen, der mu fast perfider Hellsichtigkeit
444 1761 1696 1836 auf das Getriebe der Kleinen und Unfreien blickt, es mutet
371 1806 1684 1891 beinahe wie Komödienrepliken an und bei manchem Abschnitt
440 1855 1679 1933 möchte ich mich anheischig machen, gewisse Stellen in der politisch¬
454 1902 1683 1981 journalistischen Lustspielsatire „Fink und Fliederbusch“ oder in dem
243 1929 457 2002 nen und
446 1943 1681 2041 Roman „Der Weg ins Freie“ zu bezeichnen, für die sie
1675 1959 1744 2041 □
245 1980 465 2052 stoffe hin
444 1996 1686 2082 unsprünglich bestimmt gewesen sein mögen; man spürt den inneren
250 2037 454 2101 uf Grund
266 2045 1682 2142 die uns Reichtum des Schnitzleischen Lebenswerkes erst ganz, wenn man erwägt.
265 2079 2901 2211 ffe ent, daß all diese Sprüche und Widersprüche, die ein so unvergleichlich die all die Werke einfach ignorieren, die der vor¬
294 2120 2905 2218 glühen leuchtkräftiges Buch ergeben, zum großen Teil nichts als Ge- gefaßten Klischeemeinung nicht entsprechen, sondern gegen
262 2215 2899 2273 Prisnias denkenabfalle aus seiner Dichterweikstatt bedeuten, auf die er ver= solche, die das Gebotene mit den angeblich größeren
266 2213 2907 2316 zird, so zichten durfte, ohne seine Schöpfung durch Dürftigerwerden zu Prodlemen der Gegenwart erschlagen wollen, richtet sich seine
265 2267 2897 2365 Er bringt gefährden und nur, weil ihm diese Einfälle nicht organisch genug unwiderlegliche Abwehr: „Manchmal möchte man beinahe glauben,
268 2352 2908 2427 ischer in mit dem Ideenzentrum des Ganzen verbunden zu sein scheinen bedeutende historiiche Ereignisse erfolgten nm zu dem Zweck, um
276 2405 2903 2476 m besagt mochten — Einfälle, die für einen Literaten ebensoviele Höhe= den Rezensenten immer wieder neue oder falsche Maßstate für die
1674 2405 2896 2479 Betrachtung von Kunstwerken an die Hand zu geben. Haue man
274 2423 1682 2527 sammen= punkte einer Arbeit bedeutet hätten und die dieser geistige
1681 2459 2903 2529 die Bedeutung jedes Werkes durch eine Reihe von Jahren mit
363 2473 1677 2561 Die Verschwender einfach über Bord werfen konnte, ohne sich zu
282 2515 380 2576 st.
1661 2491 2904 2591 Vorliede an der „großen Zeit“ gemessen — ein Schtagwort, das
282 2548 697 2633 zefunden schmälern.
1674 2548 2916 2628 nun von denselben Leuten verspottei wird, die es damals für ihre.
571 2564 1672 2646 Was der Dichter, dem die menschliche Verantwortung und
290 2602 490 2675 Beispiel
466 2643 2911 2705 die Unsicherheit der Beziehungen zum Hauptprodiem seines Zwecke mißbraucht und zu Tode gehetzt haben —, so ist nun das
297 2659 465 2720 Helium,
472 2655 2913 2753 Schaffens geworden ist, über diese ethischen und feelischen Dinge, Schlagwort von der „versunkenen Welt“ aufgekommen, für die sich
294 2709 475 2784 er Erde
455 2700 2899 2806 was er über Liebe und Enttäuschungen zu sagen hat, ist von in Wirklichkeit kein anständiger Mensch mehr zu interessieren vermöge
296 2739 2916 2846 en zu-schmerzlich seiner und müder Skepfis erfüllt, vom noblen Ver= und die daher mit ihren Indiduen und ihren Prodlemnen künst¬
299 2801 2694 2910 gedeutet stehen eines Wissendgewordenen, dem kein Wahn der Sinne den lerischer Behandlung überhaupt nicht mehr würdig sei.
1791 2826 2910 2916 „War aber der Phrase von der „großen Zeit“ immerhin noch
302 2874 1688 2947 edehnte Blick mehr trübt und der doch ein Sehnsüchtiger geblieben ist.
1675 2891 2914 2959 eine Spur von Vernunft zuzubilligen, zum mindesten, wenn man
311 2922 1687 3012 jen be- Und nicht nur in ihrer überleger u Scharssichtigkeit hinreißend,
309 2986 2900 3047 zustand sondern persönlich aufschlußreich ist der Abschnitt „Werk und jene in rein quantitativer Hinsicht zu verstehen suchte, so ist die
314 3029 2912 3096 dies es Widerhall“ und besonders die Auseinandersetzung mit dem Wesen von der „verfunkenen Welt“ mag sie auch so manchen sonst
314 3047 2915 3158 ) zwar der Kritik Zum erstenmal wird eiwas wie Polemik und selbst. gescheiten Leuten leichtfertig nachgeplappert werden, so völlig sinnlos
326 3069 2906 3190 1 vor- bewahrende Feststellung gewisser Schlagwortunsinnigkeiten bei Schnitzlex und verrät eine so naive Auffassung vom Wesen politischer,
326 3135 2904 3229 iß das laut, der zu ihnen ebenso wie zu unzähligen Beschimpfungen und sozialer, ethischer Entwicklungt kurz ein solches M.ßverstehen aller
357 3177 2918 3275 Dort Verleumdungen bishei immer nur geschwiegen hatte. Schon in Geschichte (als wäre jemals im Laufe weniger Jahre eine
2681 3228 2919 3287 als hätte.
356 3240 2699 3326 Stoff den Sprüchen in Versen ironisiert er die vielen, die ihn immer Welt wirklich versunken und — wäre es selbst so —
335 3315 2916 3369 erung wieder in eine enge Rubrik einsperren wollten: „Und klagt ihr der Dichter das Recht nicht, die Gestalten einer versunkenen, auch¬
1018 3312 2908 3407 Ich wüßte nur von Lied' und einer eben erst versunkenen Welt heraufzubeschwören —), daß es
341 3356 981 3437 dieseswieder eure krit'sche Not.
354 3372 2918 3471 ulium Spiel und Tod — Das wohlvertraute Lied euch vorzusingen. —nicht lange dauern wird bis zu dem Augenblick, da dieselben
355 3454 2919 3539 haften So seid getrost: in diesen ewigen drei'n — Ist alle Wahrheit Leute das neue Schlagwort als lächerlich verhöhnen werden die
480 3455 2916 3553 und ihr Spiegelschein — Und Sinn und Seel' von allen Erden= heute noch ihre kritische Ueberlegenheit zum großen Teil von ihm
358 3525 2089 3623 das dingen.“ Und gleich darauf sehr maliziös: „. .. nur ich bin zu bestreiten suchen.“
1787 3576 2908 3638 In diesem ganzen Buche steht, dem allzu bescheidenen Vor¬
380 3578 1699 3667 ,daß steh'n geblieben — Und was euch in den Kram nicht paßt,
364 3630 2919 3723 unge= — Das hab' ich nicht geschrieben.“ Aber nicht nur gegen jene, wort zu Trotz, nicht ein unbeträchtlicher, nicht ein nebensächlicher
