3392 4192
743 -4 1645 37 Büchern, wenn schon nicht mit der Fahizkolt.
553 1 732 48 ien Für¬
756 29 1656 68 so doch mindestens mit der Absicht legitimieren,
567 35 734 86 hrönik
755 60 1652 107 von dieser Zeit, die sie hinter sich (dem Loser)
585 74 743 117 cb von
752 96 1653 137 lassen, auch was mitzunehmen. Für den Leser.
568 109 740 152 ien sein
744 131 1654 181 Die gewiß noch näher liegende Fordorung, daß
568 141 730 189 ir alten
579 175 738 218 igiesen
748 175 1654 216 die Scbriftsteller von der Zeit mitgenom¬
587 205 732 251 be Ge¬
758 212 1661 256 men wären, unterdrückt sich dem Besprécher
576 237 747 305 alische
762 241 1655 290 von selbst, weil ja diese Forderung dech nur
574 273 733 321 r Selb¬
735 279 1661 333 einen Schrei nach dem modernen Dichter mar¬
581 310 702 359 om An
755 309 1650 367 kiert, nach dem Glücksfall also. So ein Glücks¬
630 342 741 385 Ein¬
747 350 1655 399 fall ist, beispielsweise, Joseph Roihs: „Flucht
597 373 729 427 t Over¬
761 384 1659 435 ohne Ende, ein Bericht, der durchaus keine
612 406 730 449 einen
744 423 1661 466 Flucht aus der Zeit gibt, sondern einen klaren
583 427 729 486 an und
755 461 1660 501 Vorsprung macht in die Richtung, die von der
579 467 732 516 erüber¬
582 501 657 556 11
675 502 1657 552 Zeit selbst einzuschlagen wäre. Nun ist es zwar
738 540 1669 583 der flüehtigen Schriftsteller eigene Sache, ob
597 551 732 607 Giu¬
745 575 1668 628 sie diesem Aufgebot folgen wollen oder nicht,
585 586 742 653 Zildern¬
755 620 1658 662 und die Frage: Wo flüchtest du hin? vielleicht
627 628 729 682 Geh.
595 644 629 689 *
748 650 1665 698 eine vermeidliche. Aber unerläßlich wird die
747 677 1654 734 Frage: Wo flüchtest du her? Und da erweist
579 705 740 761 Jeutsch¬
760 724 1663 772 es sich leider, daß wir meistens schon mit den
586 746 737 792 unt ge¬
751 768 1655 820 Ausgangsstationen solcher Fluchtversuche längst
604 779 741 826 auen
757 802 1504 866 keine Verbindung mehr haben wollen.
601 809 743 858 Hoch¬
616 848 739 889 leben¬
579 880 738 935 nbilder,
811 863 1664 924 „Das göttliche Gesicht“ beißt ein
602 915 729 960 aftlich,
751 907 1658 962 Roman von Bruno Götz (Wien. F. S. Spei¬
595 949 731 994 en Do¬
760 954 1658 1000 delsche Verlagsbuchhandlung. 214 Seiten. Geb.
592 983 735 1028 1e For¬
754 985 1661 1042 =K 6). Der Verfasser, obwohl in Riga geboren
582 1015 739 1063 stinnen
755 1031 1672 1093 und Uebersetzer von Tairoffs „Entfesseltem
597 1052 735 1097 In zwei
755 1069 1663 1113 Theater“ schildert in seinem Buch die Aben¬
624 1087 735 1126 8 um
770 1105 1658 1153 teuer eines Jünglings, der sich aus der unseligen
613 1118 747 1164 Papst
1479 1144 1663 1188 bessere
762 1140 1339 1190 Zeit der „Maschinenorgien“
1337 1145 1382 1187 11
605 1151 744 1196 1 Con¬
755 1182 1654 1230 Sphäre der wesentlichen Innerlichkeit hinüber¬
609 1184 748 1240 dessen
640 1348 746 1418 nern
754 1354 1662 1418 Obiekt der Schilderung bildet — man lese das Buch
636 1397 745 1440 wie¬
759 1399 1406 1448 und wird nicht enttäuscht werden.
599 1429 741 1475 peria¬
604 1463 741 1508 seiner
756 1465 1660 1522 Münzkunde und Geldgeschichte der
620 1496 735 1538 kräf¬
821 1509 1652 1555 Einzelstaaten des Mittelalters u. d.
602 1525 742 1572 te. im
825 1548 1657 1589 neueren Zeit. Von Dr. Ferdinand
608 1561 753 1618 n der
825 1574 1665 1620 Friedensburg. Mit 230 Abbildungen auf
828 1612 1663 1662 19 Tafeln. (Handbuch der mittleren u. neueren
816 1641 1654 1696 Geschichte. Herausgegeben von † Georg r. Be¬
1016 1677 1664 1720 Friedrich Meinecke. Abt. IV).
827 1712 1663 1764 München. R. Oldenbourg. VIII. 196 Seiten.
842 1743 1080 1796 Geh. M 14.
631 1803 745 1846 # iat
813 1784 1660 1848 Das Werk ist das Gegenstück der in demselben
628 1836 745 1878 1. ein¬
754 1838 1663 1867 Handbuch efwa gleichzeitig in 2. Auflage erschie¬
613 1867 739 1917 talien
759 1871 1655 1904 nenen „Allgemeinen Münzkunde und Geldgeschichte
622 1905 743 1948 nicht
766 1904 1655 1945 von A. Luschin von Ebengreuth. deren Systematik
622 1939 745 1983 iltere
767 1939 1655 1978 durch die historisch-chronologische Münzgeschichte
619 1974 742 2017 taats¬
754 1971 1662 2017 der Einzelstaaten (vom Hyzantinischen Reich als
634 2008 741 2052 rsten
762 2005 1657 2044 dom groben Vorbile an) ergänzt wird. Münz¬
640 2041 745 2084 2 für
756 2032 1655 2084 geschichte steht, da das Werk ia zu einem Hand¬
613 2069 738 2114 achen,
759 2076 1665 2115 buch für Historikor gehört, im Vordergrund und mit
615 2107 746 2152 bleibt
761 2110 1658 2155 Recht. Das Buch des, bekannten Numismatikers er¬
628 2142 744 2186 einer
759 2139 1661 2180 füllt seinen Zweck treitlich. Ein Desiderat: statt
631 2176 737 2219 jüng¬
765 2178 1671 2231 vorwiegend die erhaltenen Münzen zu untersuchen,
767 2211 1665 2247 sollte man auch die Verbreitung der einzelnen Münz¬
611 2203 744 2261 Aehn¬
758 2244 1675 2288 arten aus dem urkundlichen Material des Historikers
759 2279 1662 2319 zusammenstellon. Kein Geringerer als der uns im
617 2283 735 2338 und.
769 2311 1671 2352 Jahre 1926 entriscene Harry Bresslau hatte
623 2324 735 2381 gar¬
772 2349 1683 2394 eine dorartige Münzgeschichte des mittelalterlichen
624 2355 748 2417 abe
767 2378 1670 2425 Italien- aus den Urkunden im Manuskript vollendet;
765 2414 1673 2456 doch ging es bei seiner Vertreibung aus Straßburg
631 2406 746 2477 nten
756 2445 1454 2508 verloren. Wer nimmt die Arbeit auf?
660 2470 754 2519 aus
664 2508 751 2547 uns
766 2509 1666 2560 The medieval village. By G. G. Coul¬
636 2540 748 2588 1910
834 2547 1674 2589 ton. Combridge. Universitu Press. XXX. 603
645 2577 759 2625 sten
827 2576 978 2636 pages.
653 2606 754 2665 und
813 2626 1672 2682 Coulton ist nicht eigentlich Historiker oder
663 2646 748 2689 25
769 2664 1675 2717 Wirtschaftshistoriker, sondern Kirchenhistoriker;
673 2678 752 2722 mit
613 2713 749 2761 außer¬
768 2704 1675 2750 seine erstaunlich umfassende Erndition erscheint
636 2747 751 2789 glän¬
769 2739 1674 2778 etwas ungleichmäßig und ungeordnet. So ist es vor¬
764 2766 1684 2817 zeihlich, daß manche methodologische oder kritische
615 2780 750 2824 hende
772 2808 1680 2843 Bemerkung für deutsche Leser überllüssig ist. So ist
643 2811 753 2854 Man
774 2840 1685 2888 Polemik gegen Joh. Janssen eine längst erledigte
630 2848 749 2893 sters“
780 2879 1682 2920 Angelegenheit. Immerhin gibt das Buch, das sich
661 2875 755 2927 und
769 2911 1683 2965 mehr an das gebildete Publikum wendet als an den
641 2897 743 2961 euen.
779 2944 1689 2989 Gelehrten, eine Reihe von anschaulichen Bildern
640 2950 751 2994 Nerei
775 2975 1686 3020 des bäuerlichen Lebens im Mittelalter, die stets im
645 2985 753 3027 tritt
765 3010 1686 3058 Hinblick auf die sozialen Probleme der Gegenwart
652 3018 763 3065 r In¬
780 3052 1674 3095 ausgewählt eind und sich zu einem Gesamtbild run¬
637 3050 753 3101 denen
773 3081 1680 3126 den. Etwa geistliche Grundherrschaft, Bannrechte
658 3086 758 3139 eben
778 3126 1680 3159 gutsherrliche Gerichtsbarkeit, patriarchalische Ge
784 3147 1671 3193 walt, früheste Revolutionen des Bauernstandos, Frei
640 3151 764 3196 unte.
777 3181 1674 3227 lassung, soziale Geltung des Bauernstandes. Häufig
666 3189 761 3232 auf
773 3219 1676 3260 geht Coulion von den Durham Rolls aus, die eg
666 3221 764 3264 reiß
776 3255 1669 3296 durch weither geholte Parallelen erläntert. Nur eine
652 3257 753 3301 chen
772 3286 1678 3337 hätte ich grundsätzlich einzuwenden: die Generalig
663 3295 748 3333 von
777 3321 1677 3358 sierung zu einem Mittelaltert egriff gibt nur scheing
675 3323 754 3368 die
776 3355 1663 3393 bar ein detailliertes Bild jeger einzelnen Seite de
666 3357 761 3402 und
775 3385 1663 3427 Oegenstandes. So etwas gibt es eben nicht. Wer
670 3395 760 3437 oder
779 3416 1677 3466 hätte nicht die „Wesensschau“, sondern die Evolus
651 3429 747 3475 rgun¬
775 3458 1680 3503 tion. Man will die Verschiedenheit in der sozialer
638 3462 758 3509 n. ob
777 3493 1668 3534 und wirtschaftlichen Lage der einzelnen Gruppe
666 3495 761 3545 eine
680 3531 766 3574 be¬
775 3523 1673 3562 der Hörigen, ihre Rechtsgrundlage. ihre Entwicklung
784 3559 1666 3604 kennen lernen: doch in dem Wirrwarr der Jahr
651 3563 764 3611 enem
650 3594 1665 3652 Kon-hunderte geht jeder Zusammenhang verloren. In
663 3633 1675 3670 iner) einzelnen wäre viel zu berichtigen; freuen wir un
655 3658 1672 3713 Vau- lieber des Buches, weil es uns statt, der beliebten
675 3705 1678 3745 Ro- Theorie vom Mittelalter, wie es sein sollte, das
680 3728 1564 3777 das 1 Mittelalter zeigt, wie es wirklich gelebt hat.
1670 -41 2597 27 am Lagd Mazgnnemint ef in k##. biet zoian
1669 11 2595 61 in eine recht absonderliche Gesellschaft. Lanter
1680 42 2599 94 Zugereiste Da gibt es Anarchisten, Theosopben.
1681 86 2607 134 Journalisten, allerhand Reformer Schwindle¬
1679 111 2606 165 und Narren; eine russische Fürstin, die lauter
1679 158 2592 207 geniale Bilder malt, ein junges Mädchen, eine
1675 201 2603 241 Art heiliger Pippa, die zum Mondschein tanzt,
1672 227 2597 275 und einen verkomnmenen haltischen Baron, der
1679 265 2610 313 diese Gesellschalt zusammenhält. Tragisches.
2479 303 2601 353 alles
1681 301 2416 347 Gemeines. Wunderliches begibt sich
1682 344 2602 390 symbolisch vertieft — der junge Mann hat an
1679 380 2602 424 allem sein Teilchen gehabt, dann wandert er
1687 411 2600 463 weiter nach dem Süden und die alte Fürstin
1925 455 2600 493 wie Werfel sagt — „den Segen des
1688 450 1876 499 gibt ihm
1677 491 2410 534 Weas“: „Recht so. Weite dein I.
1671 510 2605 579 wenn's dicl auseinandersprengt, fürchte dich
1680 550 2610 606 nicht! Dann ist es Geburt und neue schönere
1678 605 2607 643 Gestalt.“ Also ist zu gewärtigen, daß der junge
1676 639 2613 687 Mann einen neuen Gedichtband wird erscheinen
1673 672 2608 733 lassen. Und das ist gar nicht recht so. Denn
1679 720 2606 759 nach den lyrischen Kostproben, die in dom Ro¬
1675 746 2616 796 man ausgiebig verstreut sind, wissen wir, daß
1679 784 2606 832 der begabte Jüngling sich doch wird fürchten
1686 823 2599 867 müssen. Vor einom Vergleich mit Else Lasker¬
1678 861 2605 913 Schüler, deren schwacher Epigone er leider ist¬
1690 894 2601 948 Wenn er uns einen Bericht über den Fasoismils
1684 938 2611 982 mitbringt, werden wir ihm besseren Dank wissen.
1678 972 2323 1036 Das wäre noch neuere Geburt.
1726 1050 2612 1113 „Zurück aus Babylon“ nennt Sig¬
1681 1088 2614 1144 frid Siwertz seinen, von A. F. Cohn aus
1678 1137 2606 1197 dem Schwedischen übersetzten Roman (Lübeck,
1673 1178 2613 1223 Otto Quitzow. 307 Seiten. Geb. M 6.80). Die
1683 1220 2620 1263 „Zurück!“-weisende Hand, welche das Buch als
1684 1252 2606 1292 Titel trägt, ist resoluter als die formende des
1693 1290 2612 1330 Verlassers. Obwohl als Schwede berechtigt, das
1679 1329 2610 1366 Jahrzehnt nach dem Krieg mit einem Blick aus
1682 1365 2608 1409 Neutralien zu übersehen, behandelt Siwertz sein
1684 1402 2608 1446 Thema: der einzelne in der gespenstisch ge¬
1687 1436 2618 1483 wordenen europäischen Gesellschaft nicht viel
1687 1479 2611 1524 anders als etwa ein russischer Schriftsteller,
1685 1522 2614 1570 den seine private Skopsis vom revolutionären
1675 1558 2609 1607 Rußland weit westwärts abrücken ließ. Er
1681 1587 2606 1635 macht aus seiner Skepsis keine Not. Als
1679 1622 2612 1677 moderner Schriftsteller, der Siwertz vielleicht
1680 1668 2611 1711 sogar ungern ist, weiß er, was diese private
1687 1695 2614 1746 Skepsis heute noch abgeben kann: das Knurren
1682 1754 2613 1789 des zahnlosen Kettenhundes eines sentimentalen
1687 1775 2610 1819 Idealismus, dem Haltung wichtiger ist als
1680 1815 2617 1868 Situation. Dieses Wissen gibt dem Roman die
1689 1856 2606 1899 sympathische Atmosphäre einer Zeitflucht aus
1691 1891 2607 1939 guten Gründen: Zeitflucht als Schicksal. Leider
1686 1931 2613 1975 gibt der Roman auch eine Lösung. Sie ist von
1691 1962 2613 2009 gestern. Wenn der schwedische Ingenieur Linus
1680 1999 2613 2034 Treffenberg nach seinen schrecklichen Erleh¬
1692 2040 2622 2090 nissen in einer Typhusbaracke in Baku flüchtet
1680 2076 2621 2125 und mit Personal- und Wertpapieren seines in
1679 2114 2616 2161 jener Baracke zugrunde gegangenen Lande¬
1678 2156 2619 2199 mannes und Schiebers versorgt in Paris als
1680 2197 2618 2242 weltverlorener Träumer und erfolgreicher Bör¬
1683 2222 2611 2273 senspekulant ein phantastisches Doppelleben
1685 2266 2614 2309 fühlt: ein todtrauriger und doch exakter Schwim¬
1695 2303 2615 2355 mer in der Inflation aller bürgerlichen Werte
1690 2338 2627 2382 — so ist das alles gesehen, erlebt, erlitten und
1683 2372 2621 2425 gut erzählt. Wenn er aber, zum Schlusse in den
1692 2413 2614 2458 Armen seiner Jugendliebe, in der Heimat ein
1695 2460 2615 2498 stilles Glück sucht und im Winkel findef, be¬
1682 2495 2624 2534 gleitet ihn Siwertz doch zu unbedenklich auf
1688 2533 2616 2576 diesem Weg, der ein Weg ist von der Modernität
1688 2562 2619 2604 zur Banalität. Eine gut vorbereitete Enttäuschung,
1689 2598 2626 2641 die aber solange unvermeidlich bleiben wird, bis
1698 2637 2618 2681 die Sei riftsteller einsehen, daß es auf der Flucht
1690 2676 2618 2728 aus der Zeit nur eine Rettung gibt: die Rettung
1691 2714 2088 2773 in die Vorläufigkeit.
2039 2757 2619 2846 Soma Morgensiern.
1682 2865 2163 2939 EIN NEUER
1826 2924 2621 2995 SCHNITZLER-BAND.
1734 3019 2608 3057 Arthur Schnitzler, der in seinen Schau¬
1692 3059 2610 3101 spielen und Novellen eine Menge aphoristisch zuge¬
1691 3098 2615 3136 spitzter Nachdenklichkeiten verstreut hat, legt eine
1689 3138 2617 3182 Sammlung: „Buch der Sprüche und Be¬
1700 3173 2618 3220 denken (Wien, Phaidon-Verlag. 234 Seiton) vor.
1698 3213 2619 3267 Im Vorwort rechtfertigt er sie und sich mit großer
1698 3256 2623 3303 Bescheidenheit, er glaubt selber nicht an letzte
1698 3296 2611 3339 Formulierungen, er gibt zu, auch Selbstverständlich¬
1699 3332 2617 3380 keiten mit hineingenommen zu haben, es kam ihm
1691 3369 2616 3413 darauf an, den Meinungen entgegenzutreten, als seien
1691 3408 2616 3446 die Aussprüche seiner Theaterfiguren seine eigenen.
1699 3447 2621 3494 Schnitzler ist Skeptiker und, wie sollte es andere
1703 3480 2610 3535 sein, Pessimist, er hat lange und tief ins Leben hin¬
1704 3537 2622 3574 eingesehen, das Ergebnis seiner Weltanschauung,
1683 3562 2618 3615 nein, „Weltbetrachtung“, kristallisiert sich in dem
1692 3601 2614 3647 Motto „Von Fall zu Fall“. Da er von den meisten
1693 3640 2625 3694 Kritikern die Ansicht hat, sie wünschten den
1705 3675 2621 3725 Autoren etwas zu sagen, statt zu berichten, was die
1693 3715 2621 3764 Autoren ihnen sagen, so wollen wir nicht in diesen
