3436 4224
660 56 2263 117 peengeanee
1413 102 2351 152 nebenbei, als hätte der Dichter das Recht nicht, die
417 120 1391 171 haben offenbar mit seiner Person, mit Mängeln
1406 136 2384 181 Gestalten einer versunkenen. auch einer eben erst
419 152 1391 190 seines Charakters, seines Talents oder seiner Ur¬
2212 170 2380 214 daß es
1413 171 2216 222 versunkenen Welt heraufzubeschwören —),
423 185 1399 238 teilskraft kaum etwas zu schaffen. Es drückt sich in
1418 214 2382 256 nicht lange dauern wird bis zu dem Augenblick, da
415 215 1387 260 diesen Schwächen oft nur der immanente Geist der
1416 244 2380 292 wieder dieselben Leute das neue Schlagwort als
411 258 1390 301 Kritik aus, ihre Erbsünde könnte man sagen. der
1411 275 2382 323 lächerlich verhöhnen werden, die heute noch ihre
417 293 1401 339 jeder, der nun einmal diesen Beruf ausübt, un¬
1416 311 2394 354 geistige Ueberlegenheit zum großen Teil davon zu
423 328 1397 372 weigerlich verfallen ist. Für die Richtiakeit dieser
1416 346 1768 399 bestreiten suchen.
416 362 1401 402 Annahme scheint mir ein Beweis zu sein, daß auch
1466 379 2394 420 Aber wir dürfen ruhig sein: bis dahin wird
411 389 1405 440 Autoren (ia auch besonders solche), die sich über
1418 415 2387 476 diesen Wortschlägern schon wieder ein anderes, noch
419 429 1404 475 erlittene Anariffe nicht heftig genug entrüsten
1413 448 1926 511 dümmeres eingefallen sein.
421 456 1399 503 konnten, sohald sie selbst in die Gelegenheit kommen,
425 494 1407 538 an dem Werke eines anderen Autors Kritik zu
421 526 1407 570 üben, die gleichen und oft noch viel üblere Rezen¬
1457 544 2389 613 Des Kritikers erste Frage müßte sein: Was hast
417 560 1397 606 sentenmanieren anzunehmen pflegen als die, die
1414 600 2388 644 du mir zu sagen. Werk —? Aber das kümmert ihn
416 606 1392 659 ihnen höchst verwerflich dünkten, da sie sie am eigenen
1405 633 2387 687 im allgemeinen wenig. Seine erste Regung ist viel¬
413 640 949 705 Leibe zu verspüren hatten.
1412 658 2391 726 mehr: Nun, Werk, gib acht, was ich dir zu sagen
1416 707 1538 765 habe!
478 743 1413 801 Eines der stärksten, jedenfalls aber das konti¬
1468 763 2396 822 Sittliche Entrüstung —? Gegenüber von Kunst¬
430 792 1404 843 nuierliche Element in der Beziehung von Mensch zu
2065 820 2395 863 Was man so zu
1416 810 2042 869 werken gibt es überhaupt keine.
2020 849 2090 879 #
423 836 1395 885 Mensch ist die Schadenfrende, soweit sie nicht durch
1414 842 2316 898 nennen pflegt. ist ein durchaus jutiver Begriff.
420 864 1393 923 versönliche Sympathie, besser noch durch das Vor¬
1474 883 2392 933 Es gibt allerdings Menschen. die ihre Unfäbig¬
414 898 1408 947 handensein eines mit dem (vermeintlich oder wirk¬
1416 921 2393 965 keit oder ihre Abneigung, ein Kunstwerk rein als
427 938 1405 988 lich) Geschädigten gemeinsamen und somit gleich¬
1408 951 2376 999 solches zu betrachten. bewußt oder unbewußt in sitt¬
428 966 1285 1026 falls gefährdeten Interesses gebändigt scheint.
1417 988 2383 1048 liche Entrüstung umdeuten. Das sind nicht immer
492 997 1399 1063 Und ihr verlangt im Ernst. daß der Rezensent
1409 1021 2195 1069 sehr kluge, aber oft ganz ehrliche Leute.
419 1044 1397 1106 um der Wahrheit willen einen boshaften Witz eine
1465 1067 2387 1122 Es gibt ferner Menschen, die aus recht verschie¬
433 1069 1405 1126 amüsante Entstellung, ein heuchlerisches Wort des
1416 1100 2388 1146 denen, sehr häufig aus sogenannten politischen
436 1104 1400 1166 Bedauerns unterdrücke, da er doch in jedem Falle
1410 1135 2398 1179 Gründen sich einem Kunstwerk gegenüber als sitt¬
429 1148 1401 1216 der Schadenfreude als einer so mächtigen, niemals
1415 1173 2395 1212 lich Entrüstete gebärden, ohne es innerlich zu sein.
419 1187 1397 1236 versagenden Verbündeten sicher sein darf. durch deren
1423 1201 2393 1251 Es wäre unhöflich, diese Leute einfach als Heuchler
418 1216 1407 1283 Beifall und Vergnügen er sich immer wieder erkul¬
1411 1245 2381 1289 zu bezeichnen, da sich ihre Entrüstungsgeste inner¬
423 1260 1409 1317 viert. bestatigt und für die Zukunft ermutigt finden
1427 1275 2391 1327 halb unserer Zivilisation geradezu automatisch und
415 1298 582 1363 wird?
1416 1322 2323 1361 oft ohne feindselige Absicht einzustellen pflegt.
1469 1337 2400 1398 Dann gibt es Menschen, die, ob nun für ihren
481 1356 1407 1420 Dem Kritiker ist es so leicht gemacht, eine Ab¬
1432 1373 2397 1430 eigenen Teil entrüstet oder nicht, die eingebildeten.
423 1398 1411 1451 neigung, die er etwa gegen einen Autor, dessen Per¬
1422 1418 2397 1458 die gespielten, die geheuchelten Entrüstungen der
432 1441 1404 1495 sönlichkeit, dessen Werk empfindet, in einer völlig
1422 1452 2406 1511 Anderen vollkommen ernst nehmen. Das sind die
435 1477 1400 1531 gefahrlosen Weise zum Ausdruck zu bringen, daß
1417 1478 2325 1528 Naiven oder die rettungslos einfältigen Leute.
428 1509 1406 1556 er schon einer ganz besonderen Charakterstärke und
1469 1523 2399 1569 Und endlich gibt es Menschen, die all das ge¬
1282 1534 1325 1572 h
440 1547 1412 1601 Selbstüberwindung bedarf, um dieser Verführung
1418 1558 2405 1601 radeso gut wissen, wie ich und selbstverständlich auch
1415 1594 2399 1637 der verehrte Leser, aber dabei so tun, als wenn sie
422 1591 852 1649 nicht zu unterliegen.
1427 1630 2396 1670 selbst an all die eingebildeten. gesvielten und ge¬
487 1622 1404 1677 Es ist kaum der Mühe wert. in diesem Zusammen¬
1429 1663 2357 1709 heuchelten Entrüstungen im Innersten glaubten: —
422 1661 1400 1703 hange von der Schar talentloser oder bösartiger
1421 1700 1870 1761 das sind die Kritiker.
426 1698 1402 1740 Individuen zu reden, die, wie in jedem anderen
431 1728 1416 1782 Berufe auch in dem der Kritiker, die Mehrzahl
431 1758 1420 1819 bilden; aber es gibt zu jeder Zeit auch recht begabte
1472 1766 2393 1833 Autaren stellen bekanntlich eine höchst empfind¬
430 1799 1418 1854 Schriftsteller, denen, um durchzudringen, weiter nichts
1419 1800 1901 1865 liche Menschenforte vor.
1918 1810 2403 1873 Mer möchte dem wider¬
436 1833 1404 1902 mangelt, als jenes geheimnisvolle Element, das ein
1431 1852 2393 1903 sprechen? Ich kenne tatsächlich nur eine, die
434 1881 1411 1940 Künstler besitzen muß. damit seinen Erfolgen Inten¬
1433 1879 1823 1936 empfindlicher wäre —
1884 1881 2402 1939 die der Kritiker. Denn
437 1908 1409 1960 sität und Dauer beschieden sei: Persönlichkeit —. ein
1430 1923 2404 1968 meiner Erfahrung nach kommt auf ein Dutzend
425 1936 1403 1990 Mangel, den der Betroffene selbst zu fühlen oder
1424 1955 2399 2000 Antoren, die es dem Kritiker nicht allin übel ver¬
440 1968 1414 2048 gar sich selber einzugestehen nur selten imstande
1430 1986 2397 2033 merken, daß er an ihrem Werk gemäkelt, es ver¬
1432 2027 2398 2071 höhnt oder verdammt hat, die es auch leidlich ruhig
425 2022 665 2083 sein wird.
486 2029 1420 2118 Muß es sosche Leute, die als „Schaffende“ immer¬
1450 2056 2398 2105 hinnahmen, wenn es ihm beliebt, ihre künstlerische
433 2083 1413 2149 hin ihr Bestes und damit oft genug Gutes, ja
1435 2101 2397 2143 Ehrlichkeit oder die Sauberkeit ihres Charakters zu
436 2123 1410 2172 Wertvolles geben, und die doch niemals über die
1843 2126 2104 2176 nicht ein
1435 2135 1809 2174 verdächtigen, noch
2107 2126 2310 2174 Kritiker.
440 2155 1406 2213 Anerkennung eines kleinen Kreises hinausgelangen:
1436 2168 2404 2208 einen Widerspruch gegenüber der Unfehlbarkeit seiner
438 2174 1418 2230 die überdies in jenen Seelentiefen, wo auch die
1431 2198 2410 2244 Urteile oder gar den gelindesten Zweifel an seiner
1439 2234 2405 2277 kritischen Unbefangenheit gefallen ließe — ohne mit
440 2217 1416 2278 Möglichkeit eines Selbstbetruges nicht mehr besteht,
1431 2265 2406 2311 Syatt oder mit Entrüstung den Autor. der sich so weit
429 2256 1416 2305 ahnen mögen, daß auch die Nachwelt sie für die
1424 2298 2415 2361 erkühnte, für — nun mindestens eben für — empfind¬
433 2294 1419 2348 Trübnis ihres Erdenwallens kaum entschädigen
436 2330 1414 2380 dürfte — muß es diese Leute nicht mit Groll erfüllen,
1434 2334 1751 2397 lich zu erklären.
1869 2355 1979 2418 10.
443 2358 1423 2410 wenn sie sehen. daß irgendein Berufsgenosse. der
442 2400 1424 2455 ihnen an eigentlicher Begabung vielleicht nicht ein¬
1490 2394 2412 2450 In den besten Momenten ihres Schaffens sind
438 2429 1415 2495 mal sonderlich überlegen ist und der eben nur durch
1440 2432 2410 2507 Künstler zweiten Ranges von den wahrhaft großen
443 2461 1413 2520 jenes geheimnisvolle Element der Persönlichkeit
1432 2481 2410 2527 kaum zu unterscheiden. Doch was ihnen in jedem
447 2501 1426 2559 stärkere Wirkungen ausstrahlt, ideelle und materielle
1440 2513 2404 2557 Falle mangelt, ist die Fähigkeit, sich genügend lange
444 2537 1420 2603 Vorteile genießt, die ihnen im allgemeinen versagt
1441 2548 2415 2592 auf der erforderlichen Höhe zu halten: und ihr Ver¬
440 2572 1420 2626 bleiben? Und wenn nun einem von diesen Leuten
1428 2591 2408 2633 hängnis ist es gerade in den Augenblicken, wo die
447 2610 1416 2668 Gelegenheit gegeben ist, seinem gevreßten Herzen
1439 2610 2419 2674 außerordentlichste und letzte Ansvannung aller Kräfte
435 2647 1425 2710 Luft zu machen, eine kurze Frist — so lange er eben
1444 2647 2420 2700 notwendig wäre, ins Dürftige. Triviale oder Absurde
1443 2688 1718 2747 hinabzusinken.
444 2678 1423 2734 die Feder in der Hand hält, sich dem glücklicheren
1873 2707 1971 2773 11.
443 2713 1427 2768 Berufsgenossen überlegen zu fühlen — wenn er sich
443 2746 1427 2797 einbilden darf, daß er dessen Schicksal für eine
1509 2756 2417 2816 O Meister. wäre dein Genie doch aromatisch ge¬
446 2779 1432 2839 Weile in der Hand hält. oder daß er ihm wenigstens
1446 2796 2408 2858 nug, um den venetranten Duft deiner Jünger zu
440 2816 1430 2880 durch ein bißchen Spott und Verachtung für eine
1448 2833 1678 2897 überduften!
1257 2855 1433 2904 man sich
1144 2855 1258 2905 darf
443 2861 1148 2910 Stunde die Laune verderben kann: —
1872 2863 1969 2915 12.
436 2893 1427 2960 wundern, daß er eine solche Gelegenheit nicht un¬
1496 2892 2410 2950 Was den Dilettanten früher — und in jedem Fall
444 2927 1064 2990 genützt verstreichen lassen will?
1438 2939 2410 2984 untrüglicher verrät als die Schwächen seines Talents,
501 2957 1424 3033 Es wäre töricht, den Seelenzustand dieser Un¬
1439 2981 2255 3037 das ist die Problematik seines Menschentums.
448 3004 1427 3068 glücklichen mit dem Worte Neid abzutun. Sie
1884 3026 1975 3093 13.
444 3043 1424 3106 benützen einfach, ohne böse Absicht, automatisch ge¬
1494 3076 2408 3126 Woher nur dein Drang, o Dichter, von den köst¬
446 3071 1436 3137 wissermaßen, den Anlaß — ach. er kommt so selten:
450 3097 1432 3179 — sich für ihr eigenes in gewissem Sinn oft genug
1439 3112 2413 3164 lichen Stunden deiner Einsamkeit der aufhorchenden
1439 3154 2409 3193 Welt zu erzählen? Solltest du im Grunde nicht eine
450 3144 1430 3215 ungerechtes Schicksal, so gut es geht. eine Weile
1446 3182 2412 3243 höchst gesellige Natur sein und ein wenig Geck dazu?
453 3177 1427 3243 hindurch schadlos zu halten, indem sie ihre Er¬
438 3213 1430 3274 bitteruna abzureagieren versuchen. Und da es in
442 3245 1438 3311 der Kunst, wie in allen menschlichen Dinaen, nichts
1493 3286 2413 3338 Künstler sein. das heißt: verstehen, die rauhen
442 3284 1438 3352 absolut Vollendetes gibt, und jedes. auch das ge¬
1447 3327 2415 3376 Flächen der Wirklichkeit so glattzuschleifen, daß sie die
452 3324 1424 3375 lungene, das bedeutende, das große Werk der
443 3354 1429 3422 Kritik von irgendeinem freigewählten Stande aus
1444 3359 2416 3416 ganze Unendlichkeit von den Höhen des Himmels bis
1451 3404 2336 3456 zu den Tiefen der Hölle widerzuspiegeln vermag.
454 3394 1423 3447 genügend viel Angriffspunkte bietet, da ferner das
458 3426 1436 3493 Verschweigen von Vorzügen als durchaus erlaubt
1872 3446 1986 3518 15.
456 3462 1435 3517 aber auch Entstellungen, Leichtfertigkeiten. Bos¬
454 3496 1431 3552 heiten auf diesem Gebiete keineswegs als unan¬
1482 3492 2418 3563 In jeder Evoche bildet sich eine literarische Manier
452 3536 1427 3594 ständig angesehen werden; — ja. da solche Leute in
1453 3547 2427 3599 aus. mit der auch die geringeren Talente mehr oder
450 3566 1437 3619 ihrem verdüsterten Gemüt sich auch gegen die guten
1445 3577 2425 3622 weniger gewandt zu wirtschaften verstehen und die
448 3608 1426 3668 Seiten eines gehaßten Autors blind zu machen ver¬
1445 3608 2413 3676 den Stil dieser Evoche unfreiwillig varodiert. Und
457 3641 1434 3696 stehen — dürfen sie vor sich und vor anderen auch
1457 3648 2421 3702 es gibt wahre Genies der Manier unter diesen naiven
457 3675 1437 3732 weiterhin als ehrliche Kritiker gelten — auch wenn
1447 3691 2420 3727 oder hochstavlerischen Parodisten, die nicht nur das
460 3711 1441 3770 sie diesen Anspruch in einem höheren Sinn durchaus
1446 3724 2418 3767 Publikum, sondern auch die Kritik zu tauschen ver¬
560 3756 637 3790 ikt
1444 3759 2428 3812 stehen. — Der klassische Stil ist es der sich zu solch
461 3760 791 3821 verwiret hätten.
914 3773 991 3841 5.
1447 3802 2429 3834 manieristischer Behandlung am wenigsten eignet, weil
1453 3822 2427 3872 hier ohne einige Bildung. Fleiß und Geduld doch
520 3829 1434 3885 Sobald ein Kunstwerk. in die Oeffentlichkeit ent¬
1462 3854 2436 3908 nichts auszurichten oder vorzusviegeln ist: der natura¬
1376 3896 1412 3918 —
456 3865 1444 3936 lassen, seinen Weg beginnt, bietet sich manchmal ein
1456 3892 2426 3948 listische und der expressionistische Stil bieten sich ma¬
456 3904 1441 3958 seltsames Schausviel dar: wie ein boshafter Affe
1451 3919 2423 3972 nieristischer Behandlung am bequemsten dar. Auch
463 3934 1432 4003 auf den Rücken eines edlen Renners sprinat irgend
1448 3967 2424 4011 echte Talente aber verfallen in ihren schwächeren
472 3976 1434 4034 ein Schlagwort auf das Werk, los. setzt sich dort
1457 3997 2423 4043 Perioden in Manierismus. manchmal sogar solche, die
465 4011 1445 4065 fest und schneidet seine Grimassen: und wenn es
1464 4028 2424 4090 in ihrer besseren Zeit den neuen Stil selbst geschaffen
466 4039 1435 4109 bei dem rasenden Ritte allmählich die Laune und
474 4070 1891 4154 mit der Zeit Atem und Leben verliert —: es hat und ausgebildet haben.
2394 941 2443 1022 1
2396 1012 2448 1061 r
2413 873 2459 918 *
