<?xml version="1.0" encoding="UTF-8" standalone="yes"?>
<PcGts xmlns="http://schema.primaresearch.org/PAGE/gts/pagecontent/2013-07-15" xmlns:xsi="http://www.w3.org/2001/XMLSchema-instance" xsi:schemaLocation="http://schema.primaresearch.org/PAGE/gts/pagecontent/2013-07-15 http://schema.primaresearch.org/PAGE/gts/pagecontent/2013-07-15/pagecontent.xsd">
    <Metadata>
        <Creator>prov=University of Rostock/Institute of Mathematics/CITlab/Gundram Leifert/gundram.leifert@uni-rostock.de:name=ONB_Newseye_GT_M1+(htr_id=10810)::::v=2.4.2
prov=University of Rostock/Institute of Mathematics/CITlab/Tobias Gruening/tobias.gruening@uni-rostock.de:name=de.uros.citlab.module.baseline2polygon.B2PSeamMultiOriented:v=2.4.2
prov=University of Rostock/Institute of Mathematics/CITlab/Tobias Gruening/tobias.gruening@uni-rostock.de:name=/mnt/transkribus/LA/DEA/URO/LA_news_onb_att.pb:de.uros.citlab.segmentation.CITlab_LA_ML:v=2.4.2
Transkribus</Creator>
        <Created>2019-10-07T13:41:08.202+02:00</Created>
        <LastChange>2019-10-08T22:23:03.724+02:00</LastChange>
        <TranskribusMetadata docId="224093" pageId="9510584" pageNr="14" tsid="16612119" status="IN_PROGRESS" userId="40391" imgUrl="https://files.transkribus.eu/Get?id=DFGDAPCOPGXLYMLVBUUKOTYD&amp;fileType=view" xmlUrl="https://files.transkribus.eu/Get?id=YIHHYEYRFKHGKVTRDNOXJOSY" imageId="6199108"/>
    </Metadata>
    <Page imageFilename="224093_0014.jpeg" imageWidth="3392" imageHeight="4224">
        <ReadingOrder>
            <OrderedGroup id="ro_1711444237343" caption="Regions reading order">
                <RegionRefIndexed index="0" regionRef="r1"/>
                <RegionRefIndexed index="1" regionRef="r2"/>
            </OrderedGroup>
        </ReadingOrder>
        <TextRegion orientation="0.0" id="r1" custom="readingOrder {index:0;}">
            <Coords points="263,989 263,3803 1231,3803 1231,989"/>
            <TextLine id="r1l1" custom="readingOrder {index:0;}">
                <Coords points="428,1040 614,1014 786,1037 939,1003 1137,1033 1220,1010 1220,957 1029,974 978,948 831,980 744,949 646,971 493,950 428,978"/>
                <Baseline points="434,1013 473,1014 512,1015 551,1015 590,1015 629,1015 668,1015 707,1014 746,1013 785,1013 824,1012 863,1011 902,1011 941,1011 980,1010 1019,1011 1058,1011 1097,1011 1136,1012 1175,1014 1214,1015"/>
                <TextEquiv>
                    <Unicode>Trel</Unicode>
                </TextEquiv>
            </TextLine>
            <TextLine id="r1l2" custom="readingOrder {index:1;}">
                <Coords points="415,1119 865,1115 896,1091 965,1100 1069,1072 1068,1040 938,1021 840,1053 745,1032 673,1054 561,1038 535,1064 485,1045 413,1061"/>
                <Baseline points="421,1103 453,1102 485,1102 517,1101 549,1100 581,1099 613,1099 645,1097 677,1096 709,1094 742,1093 774,1092 806,1090 838,1088 870,1087 902,1085 934,1083 966,1081 998,1079 1030,1077 1063,1075"/>
                <TextEquiv>
                    <Unicode>Dr. Max Goldschmidt</Unicode>
                </TextEquiv>
            </TextLine>
            <TextLine id="r1l3" custom="readingOrder {index:2;}">
                <Coords points="421,1166 501,1194 577,1170 744,1173 779,1194 911,1162 994,1174 1069,1143 1068,1101 949,1098 873,1128 528,1121 420,1145"/>
                <Baseline points="427,1175 458,1174 490,1173 522,1173 554,1171 586,1171 617,1170 649,1169 681,1168 713,1167 745,1166 776,1164 808,1163 840,1162 872,1160 904,1159 935,1158 967,1156 999,1154 1031,1153 1063,1151"/>
                <TextEquiv>
                    <Unicode>Büro für Zeitungsausschnitte</Unicode>
                </TextEquiv>
            </TextLine>
            <TextLine id="r1l4" custom="readingOrder {index:3;}">
                <Coords points="794,1222 892,1235 971,1215 1066,1234 1124,1209 1153,1220 1238,1208 1237,1171 1056,1167 1007,1180 968,1169 938,1190 826,1172 793,1187"/>
                <Baseline points="801,1219 826,1220 851,1220 876,1220 902,1220 927,1220 952,1220 978,1219 1003,1219 1028,1218 1053,1216 1079,1215 1104,1214 1129,1212 1155,1210 1180,1207 1205,1205 1231,1201"/>
                <TextEquiv>
                    <Unicode>Teleion: Norden 305</Unicode>
                </TextEquiv>
            </TextLine>
            <TextLine id="r1l5" custom="readingOrder {index:4;}">
                <Coords points="267,1268 293,1270 320,1254 344,1266 376,1265 416,1248 474,1248 492,1238 520,1257 535,1255 532,1192 520,1187 457,1199 447,1190 426,1202 399,1193 377,1205 363,1191 331,1200 303,1194 286,1208 264,1202"/>
                <Baseline points="273,1243 298,1243 323,1242 349,1241 374,1240 400,1239 425,1238 450,1237 476,1236 501,1235 527,1235"/>
                <TextEquiv>
                    <Unicode>BBRLIN N4</Unicode>
                </TextEquiv>
            </TextLine>
            <TextLine id="r1l6" custom="readingOrder {index:5;}">
                <Coords points="576,1330 658,1354 709,1328 792,1346 805,1335 819,1345 839,1325 926,1326 924,1280 903,1277 855,1274 823,1291 717,1283 683,1299 656,1283 574,1288"/>
                <Baseline points="583,1331 608,1330 634,1329 660,1328 686,1327 712,1326 738,1324 763,1323 789,1322 815,1321 841,1320 867,1319 893,1319 919,1319"/>
                <TextEquiv>
                    <Unicode>Ausschnitt aus:</Unicode>
                </TextEquiv>
            </TextLine>
            <TextLine id="r1l7" custom="readingOrder {index:6;}">
                <Coords points="413,1418 788,1423 858,1384 902,1405 1103,1405 1117,1347 924,1327 822,1358 411,1362"/>
                <Baseline points="419,1408 453,1408 488,1407 522,1405 557,1404 592,1403 626,1401 661,1400 695,1399 730,1397 765,1396 799,1394 834,1393 868,1392 903,1391 938,1389 972,1388 1007,1387 1041,1386 1076,1385 1111,1384"/>
                <TextEquiv>
                    <Unicode>Neue Leipziger Zeitung</Unicode>
                </TextEquiv>
            </TextLine>
            <TextLine id="r1l8" custom="readingOrder {index:7;}">
                <Coords points="723,1599 909,1556 947,1578 1044,1557 1086,1573 1082,1467 1004,1487 976,1477 927,1491 889,1475 819,1497 719,1493"/>
                <Baseline points="729,1571 754,1568 779,1566 804,1564 829,1561 854,1560 879,1559 904,1557 929,1556 954,1556 979,1556 1004,1556 1029,1556 1054,1558 1079,1558"/>
                <TextEquiv>
                    <Unicode>1.Mai192“</Unicode>
                </TextEquiv>
            </TextLine>
            <TextLine id="r1l9" custom="readingOrder {index:8;}">
                <Coords points="494,1691 808,1702 833,1721 983,1684 983,1657 933,1640 813,1647 754,1627 686,1644 589,1628 494,1638"/>
                <Baseline points="500,1683 525,1685 550,1686 575,1688 600,1690 625,1690 650,1691 675,1692 700,1692 725,1692 750,1692 775,1692 800,1692 825,1692 850,1691 875,1691 900,1690 925,1690 950,1689 976,1688"/>
                <TextEquiv>
                    <Unicode>Bemerkungen</Unicode>
                </TextEquiv>
            </TextLine>
            <TextLine id="r1l10" custom="readingOrder {index:9;}">
                <Coords points="505,1755 970,1748 970,1726 895,1710 820,1719 802,1705 756,1722 646,1700 535,1714 505,1698"/>
                <Baseline points="512,1744 537,1745 562,1746 587,1746 612,1747 637,1747 662,1747 687,1748 712,1748 738,1748 763,1748 788,1748 813,1748 838,1748 863,1748 888,1748 913,1748 938,1748 964,1748"/>
                <TextEquiv>
                    <Unicode>Von Arthur Schnitzler</Unicode>
                </TextEquiv>
            </TextLine>
            <TextLine id="r1l11" custom="readingOrder {index:10;}">
                <Coords points="257,1802 1208,1809 1208,1744 1120,1773 257,1746"/>
                <Baseline points="263,1795 309,1796 356,1796 403,1797 450,1797 497,1797 544,1798 591,1798 638,1798 685,1798 732,1798 778,1798 825,1799 872,1799 919,1799 966,1800 1013,1801 1060,1802 1107,1803 1154,1804 1201,1806"/>
                <TextEquiv>
                    <Unicode>Aus dem unveröffentlichten „Buch der Sprüche und</Unicode>
                </TextEquiv>
            </TextLine>
            <TextLine id="r1l12" custom="readingOrder {index:11;}">
                <Coords points="609,1839 658,1849 711,1847 738,1857 756,1845 788,1844 810,1821 835,1818 835,1806 800,1799 774,1809 741,1798 703,1811 688,1798 633,1801 609,1813"/>
                <Baseline points="615,1834 641,1834 668,1835 695,1835 722,1836 748,1837 775,1837 802,1836 829,1834"/>
                <TextEquiv>
                    <Unicode>Bedenken“</Unicode>
                </TextEquiv>
            </TextLine>
            <TextLine id="r1l13" custom="readingOrder {index:12;}">
                <Coords points="311,1879 394,1902 1206,1888 1206,1853 1066,1820 738,1858 575,1855 523,1818 311,1825"/>
                <Baseline points="317,1878 361,1880 405,1882 449,1883 493,1885 537,1885 581,1886 625,1886 669,1886 713,1886 758,1886 802,1886 846,1886 890,1885 934,1885 978,1884 1022,1884 1066,1884 1110,1883 1154,1883 1199,1883"/>
                <TextEquiv>
                    <Unicode>Wie oft halten wir für Unversöhnlichkeit der An¬</Unicode>
                </TextEquiv>
            </TextLine>
            <TextLine id="r1l14" custom="readingOrder {index:13;}">
                <Coords points="260,1935 1210,1941 1210,1890 1118,1882 260,1892"/>
                <Baseline points="267,1924 313,1924 360,1924 407,1925 454,1925 501,1925 548,1925 594,1925 641,1925 688,1925 735,1925 782,1925 829,1925 876,1925 922,1924 969,1924 1016,1924 1063,1924 1110,1924 1157,1924 1204,1924"/>
                <TextEquiv>
                    <Unicode>sichten, was nichts anderes ist als Verschiedenheit der</Unicode>
                </TextEquiv>
            </TextLine>
            <TextLine id="r1l15" custom="readingOrder {index:14;}">
                <Coords points="257,1966 304,1968 334,1988 372,1985 380,1993 421,1975 438,1988 468,1987 486,1973 513,1990 546,1979 546,1951 498,1928 450,1940 433,1929 383,1939 360,1930 257,1933"/>
                <Baseline points="263,1960 288,1962 313,1963 338,1963 363,1964 388,1964 413,1964 438,1964 463,1964 488,1964 513,1963 539,1964"/>
                <TextEquiv>
                    <Unicode>Temperamente.</Unicode>
                </TextEquiv>
            </TextLine>
            <TextLine id="r1l16" custom="readingOrder {index:15;}">
                <Coords points="315,2051 1043,2063 1214,2035 1214,1992 1159,1986 1003,2018 316,2004"/>
                <Baseline points="322,2041 366,2041 410,2041 454,2041 499,2041 543,2041 587,2041 632,2042 676,2042 720,2043 765,2043 809,2043 853,2044 897,2044 942,2044 986,2045 1030,2045 1075,2045 1119,2045 1163,2044 1208,2044"/>
                <TextEquiv>
                    <Unicode>Ich glaube dir deine Weisheit nur, wenn sie dir</Unicode>
                </TextEquiv>
            </TextLine>
            <TextLine id="r1l17" custom="readingOrder {index:16;}">
                <Coords points="265,2084 1224,2110 1198,2055 1074,2044 265,2051"/>
                <Baseline points="272,2079 319,2081 366,2082 413,2083 461,2084 508,2085 555,2085 603,2085 650,2085 697,2085 745,2085 792,2084 839,2084 886,2084 934,2084 981,2083 1028,2083 1076,2083 1123,2084 1170,2084 1218,2085"/>
                <TextEquiv>
                    <Unicode>aus dem Herzen, deine Güte nur, wenn sie dir aus</Unicode>
                </TextEquiv>
            </TextLine>
            <TextLine id="r1l18" custom="readingOrder {index:17;}">
                <Coords points="265,2140 321,2123 386,2143 445,2133 468,2145 532,2121 593,2144 684,2125 684,2099 659,2088 512,2097 483,2084 454,2097 427,2080 344,2097 265,2084"/>
                <Baseline points="271,2116 296,2116 321,2116 347,2116 372,2117 398,2117 423,2117 449,2118 474,2118 499,2119 525,2119 550,2119 576,2120 601,2120 627,2119 652,2119 678,2119"/>
                <TextEquiv>
                    <Unicode>dem Verstande kommt.</Unicode>
                </TextEquiv>
            </TextLine>
            <TextLine id="r1l19" custom="readingOrder {index:18;}">
                <Coords points="328,2203 1218,2212 1218,2175 1185,2165 891,2139 329,2165"/>
                <Baseline points="335,2197 378,2198 422,2199 466,2199 510,2200 554,2200 597,2200 641,2201 685,2201 729,2201 773,2201 816,2201 860,2201 904,2201 948,2201 992,2201 1035,2201 1079,2201 1123,2201 1167,2202 1211,2202"/>
                <TextEquiv>
                    <Unicode>Du sprichst von deiner Mission? Das klingt</Unicode>
                </TextEquiv>
            </TextLine>
            <TextLine id="r1l20" custom="readingOrder {index:19;}">
                <Coords points="267,2235 1222,2256 1189,2211 1083,2203 267,2206"/>
                <Baseline points="273,2236 320,2237 367,2239 414,2240 461,2241 508,2242 555,2243 602,2243 649,2244 696,2244 744,2244 791,2244 838,2244 885,2244 932,2244 979,2243 1026,2243 1073,2243 1120,2242 1167,2242 1215,2242"/>
                <TextEquiv>
                    <Unicode>etuas pathetisch. Oder sollte es nicht am Ende nur.</Unicode>
                </TextEquiv>
            </TextLine>
            <TextLine id="r1l21" custom="readingOrder {index:20;}">
                <Coords points="262,2274 517,2299 1212,2276 1163,2244 262,2231"/>
                <Baseline points="268,2275 314,2277 361,2278 408,2279 455,2280 502,2281 549,2282 595,2283 642,2283 689,2284 736,2284 783,2284 830,2284 877,2284 923,2284 970,2283 1017,2283 1064,2282 1111,2282 1158,2281 1205,2280"/>
                <TextEquiv>
                    <Unicode>der Vorwand sein, unter dem du dich deiner Pflicht</Unicode>
                </TextEquiv>
            </TextLine>
            <TextLine id="r1l22" custom="readingOrder {index:21;}">
                <Coords points="304,2323 1218,2323 1218,2294 1107,2284 304,2287"/>
                <Baseline points="311,2317 356,2319 401,2321 446,2322 491,2322 536,2323 581,2323 626,2324 671,2324 716,2323 761,2323 806,2323 851,2323 896,2322 941,2322 986,2322 1031,2321 1076,2321 1121,2321 1166,2321 1212,2322"/>
                <TextEquiv>
                    <Unicode>t entziehen gedenkst? Denn dies ist der ernstere,</Unicode>
                </TextEquiv>
            </TextLine>
            <TextLine id="r1l23" custom="readingOrder {index:22;}">
                <Coords points="259,2372 1211,2375 1211,2322 259,2328"/>
                <Baseline points="265,2356 312,2357 359,2359 406,2360 453,2361 500,2362 547,2363 594,2363 641,2363 688,2363 735,2363 782,2363 829,2363 876,2362 923,2362 970,2362 1017,2361 1064,2361 1111,2360 1158,2360 1205,2360"/>
                <TextEquiv>
                    <Unicode>schwerere und verantwortungsvollere Begriff; und</Unicode>
                </TextEquiv>
            </TextLine>
            <TextLine id="r1l24" custom="readingOrder {index:23;}">
                <Coords points="265,2400 828,2421 1219,2393 1113,2362 265,2371"/>
                <Baseline points="271,2399 318,2400 365,2401 412,2401 459,2402 506,2402 553,2402 600,2402 647,2402 694,2402 741,2402 788,2402 835,2402 882,2402 929,2402 976,2401 1023,2401 1070,2401 1117,2401 1164,2401 1212,2401"/>
                <TextEquiv>
                    <Unicode>was du deine Mission nennst, das muß notwendig in</Unicode>
                </TextEquiv>
            </TextLine>
            <TextLine id="r1l25" custom="readingOrder {index:24;}">
                <Coords points="265,2446 1211,2451 1211,2408 265,2401"/>
                <Baseline points="271,2436 317,2438 364,2439 410,2439 457,2440 504,2440 550,2440 597,2440 644,2440 690,2440 737,2440 784,2439 830,2439 877,2439 924,2438 970,2438 1017,2438 1064,2438 1110,2438 1157,2438 1204,2438"/>
                <TextEquiv>
                    <Unicode>deiner Pflicht enthalten sein; — oder du bist deiner</Unicode>
                </TextEquiv>
            </TextLine>
            <TextLine id="r1l26" custom="readingOrder {index:25;}">
                <Coords points="273,2510 326,2491 381,2503 425,2477 520,2502 576,2474 637,2512 729,2486 849,2515 849,2459 794,2443 274,2443"/>
                <Baseline points="280,2476 308,2475 336,2475 364,2476 392,2477 420,2477 448,2478 477,2479 505,2480 533,2481 561,2481 589,2483 617,2483 645,2483 674,2483 702,2482 730,2482 758,2480 786,2479 814,2476 843,2473"/>
                <TextEquiv>
                    <Unicode>Mission niemals wert gewesen.</Unicode>
                </TextEquiv>
            </TextLine>
            <TextLine id="r1l27" custom="readingOrder {index:26;}">
                <Coords points="316,2564 1224,2573 1203,2508 1140,2532 317,2519"/>
                <Baseline points="323,2553 367,2555 412,2557 457,2559 502,2560 546,2561 591,2561 636,2562 681,2562 725,2562 770,2562 815,2562 860,2562 904,2562 949,2562 994,2562 1039,2561 1083,2562 1128,2562 1173,2562 1218,2563"/>
                <TextEquiv>
                    <Unicode>Daß du ihn völlig durchschautest, das hat dir noch</Unicode>
                </TextEquiv>
            </TextLine>
            <TextLine id="r1l28" custom="readingOrder {index:27;}">
                <Coords points="259,2601 1206,2619 1206,2584 1070,2559 259,2566"/>
                <Baseline points="266,2594 312,2596 359,2597 406,2599 452,2600 499,2600 546,2600 592,2601 639,2601 686,2600 733,2600 779,2600 826,2600 873,2600 919,2600 966,2600 1013,2600 1059,2601 1106,2601 1153,2603 1200,2604"/>
                <TextEquiv>
                    <Unicode>keiner verziehen, er mag noch so gut dabei weg¬</Unicode>
                </TextEquiv>
            </TextLine>
            <TextLine id="r1l29" custom="readingOrder {index:28;}">
                <Coords points="265,2648 304,2641 365,2662 394,2643 415,2642 427,2653 466,2651 480,2639 539,2646 563,2635 563,2616 537,2620 499,2600 266,2606"/>
                <Baseline points="272,2635 297,2634 323,2633 349,2633 375,2633 401,2634 426,2635 452,2637 478,2637 504,2638 530,2638 556,2638"/>
                <TextEquiv>
                    <Unicode>gekommen sein.</Unicode>
                </TextEquiv>
            </TextLine>
            <TextLine id="r1l30" custom="readingOrder {index:29;}">
                <Coords points="308,2725 1163,2732 1213,2725 1214,2667 1019,2692 813,2665 309,2682"/>
                <Baseline points="315,2710 359,2712 404,2713 448,2714 493,2715 538,2716 582,2717 627,2717 671,2718 716,2718 761,2718 805,2718 850,2719 894,2719 939,2719 984,2719 1028,2719 1073,2720 1117,2720 1162,2721 1207,2722"/>
                <TextEquiv>
                    <Unicode>Wenn einer sugt, daß er die Menschen liebe, so</Unicode>
                </TextEquiv>
            </TextLine>
            <TextLine id="r1l31" custom="readingOrder {index:30;}">
                <Coords points="260,2758 1211,2765 1211,2727 1147,2717 260,2726"/>
                <Baseline points="266,2754 315,2754 364,2755 414,2756 463,2756 513,2757 562,2757 611,2758 661,2758 710,2759 760,2759 809,2759 859,2760 908,2760 957,2761 1007,2761 1056,2761 1106,2761 1155,2761 1205,2761"/>
                <TextEquiv>
                    <Unicode>spricht er das kaum jemals ohne Rührung über seine</Unicode>
                </TextEquiv>
            </TextLine>
            <TextLine id="r1l32" custom="readingOrder {index:31;}">
                <Coords points="264,2791 404,2814 995,2793 1221,2823 1202,2765 264,2761"/>
                <Baseline points="270,2792 317,2794 364,2795 411,2796 459,2797 506,2798 553,2799 600,2800 648,2800 695,2801 742,2801 789,2801 837,2802 884,2802 931,2801 978,2801 1026,2801 1073,2800 1120,2800 1167,2799 1215,2798"/>
                <TextEquiv>
                    <Unicode>Herzensgüte aus; behauptet ein anderer, er verachte</Unicode>
                </TextEquiv>
            </TextLine>
            <TextLine id="r1l33" custom="readingOrder {index:32;}">
                <Coords points="306,2839 311,2839 317,2845 321,2843 325,2846 338,2845 340,2813 331,2812 324,2804 318,2807 316,2810 308,2809"/>
                <Baseline points="312,2834 332,2835"/>
                <TextEquiv>
                    <Unicode>2</Unicode>
                </TextEquiv>
            </TextLine>
            <TextLine id="r1l34" custom="readingOrder {index:33;}">
                <Coords points="339,2842 1209,2852 1209,2813 1109,2799 339,2808"/>
                <Baseline points="346,2832 388,2834 431,2835 474,2836 517,2838 560,2838 603,2839 645,2840 688,2840 731,2841 774,2841 817,2841 860,2842 903,2842 945,2842 988,2841 1031,2841 1074,2841 1117,2840 1160,2840 1203,2840"/>
                <TextEquiv>
                    <Unicode>so erklärt er das selten ohne Stol, auf seine</Unicode>
                </TextEquiv>
            </TextLine>
            <TextLine id="r1l35" custom="readingOrder {index:34;}">
                <Coords points="263,2876 1213,2876 1213,2851 1123,2838 263,2844"/>
                <Baseline points="270,2867 316,2869 363,2871 410,2873 457,2874 504,2876 551,2877 597,2878 644,2879 691,2880 738,2880 785,2881 832,2881 879,2881 925,2881 972,2881 1019,2881 1066,2881 1113,2880 1160,2879 1207,2878"/>
                <TextEquiv>
                    <Unicode>Weisheit. Wie immer einer sich zu den Menschen</Unicode>
                </TextEquiv>
            </TextLine>
            <TextLine id="r1l36" custom="readingOrder {index:35;}">
                <Coords points="257,2926 1210,2913 1167,2881 258,2876"/>
                <Baseline points="264,2908 311,2910 358,2912 405,2913 452,2914 499,2915 546,2916 593,2916 640,2917 687,2917 734,2917 781,2918 828,2918 875,2918 922,2918 969,2918 1016,2918 1063,2918 1110,2919 1157,2919 1204,2919"/>
                <TextEquiv>
                    <Unicode>stelle, es werden manchmal die Menschen — aber die</Unicode>
                </TextEquiv>
            </TextLine>
            <TextLine id="r1l37" custom="readingOrder {index:36;}">
                <Coords points="274,2963 817,2956 1080,2985 1215,2961 1194,2920 275,2925"/>
                <Baseline points="281,2953 327,2953 373,2953 420,2953 466,2953 512,2954 559,2954 605,2955 651,2955 698,2956 744,2957 790,2957 837,2958 883,2958 929,2959 976,2959 1022,2959 1068,2959 1115,2958 1161,2957 1208,2957"/>
                <TextEquiv>
                    <Unicode>eigene Eitelkeit wird niemals dabei zu kurz kommen.</Unicode>
                </TextEquiv>
            </TextLine>
            <TextLine id="r1l38" custom="readingOrder {index:37;}">
                <Coords points="319,3029 1215,3041 1215,3009 1097,2982 973,3007 768,3010 649,2976 319,3002"/>
                <Baseline points="325,3027 369,3028 413,3029 457,3030 501,3031 546,3032 590,3033 634,3034 678,3034 722,3035 767,3036 811,3036 855,3036 899,3037 943,3037 988,3037 1032,3036 1076,3036 1120,3035 1164,3035 1209,3034"/>
                <TextEquiv>
                    <Unicode>Menschliche Beziehungen, die auf großem Fuße</Unicode>
                </TextEquiv>
            </TextLine>
            <TextLine id="r1l39" custom="readingOrder {index:38;}">
                <Coords points="260,3081 1174,3091 1219,3065 1092,3033 260,3037"/>
                <Baseline points="266,3066 313,3068 360,3070 407,3071 455,3072 502,3073 549,3074 597,3075 644,3076 691,3077 739,3077 786,3078 833,3078 880,3078 928,3078 975,3078 1022,3077 1070,3077 1117,3077 1164,3076 1212,3075"/>
                <TextEquiv>
                    <Unicode>eingerichtet waren, lassen sich nur unter schmerzlichen</Unicode>
                </TextEquiv>
            </TextLine>
            <TextLine id="r1l40" custom="readingOrder {index:39;}">
                <Coords points="267,3109 489,3131 1212,3111 1212,3081 267,3076"/>
                <Baseline points="274,3109 320,3109 367,3110 413,3111 460,3111 506,3113 553,3113 599,3114 646,3115 692,3116 739,3117 786,3117 832,3118 879,3118 925,3118 972,3118 1018,3118 1065,3117 1111,3115 1158,3114 1205,3112"/>
                <TextEquiv>
                    <Unicode>und beschämenden Opfern in kleinem Stile weiter¬</Unicode>
                </TextEquiv>
            </TextLine>
            <TextLine id="r1l41" custom="readingOrder {index:40;}">
                <Coords points="261,3147 1212,3151 1155,3118 261,3117"/>
                <Baseline points="267,3148 313,3149 360,3150 407,3151 454,3152 501,3153 548,3154 595,3154 642,3154 689,3155 736,3155 782,3155 829,3155 876,3155 923,3154 970,3154 1017,3153 1064,3153 1111,3152 1158,3151 1205,3150"/>
                <TextEquiv>
                    <Unicode>führen, und klüger ist der Entschluß, einen gemein¬</Unicode>
                </TextEquiv>
            </TextLine>
            <TextLine id="r1l42" custom="readingOrder {index:41;}">
                <Coords points="267,3193 1214,3195 1214,3149 267,3150"/>
                <Baseline points="274,3187 320,3190 367,3191 414,3193 460,3194 507,3195 554,3196 600,3196 647,3196 694,3196 741,3196 787,3195 834,3194 881,3194 927,3193 974,3192 1021,3192 1067,3191 1114,3191 1161,3191 1208,3190"/>
                <TextEquiv>
                    <Unicode>samen seelischen Haushalt einfach aufzulösen als der</Unicode>
                </TextEquiv>
            </TextLine>
            <TextLine id="r1l43" custom="readingOrder {index:42;}">
                <Coords points="273,3234 862,3248 948,3233 949,3200 273,3197"/>
                <Baseline points="280,3224 313,3226 346,3228 379,3230 412,3232 445,3233 478,3234 511,3235 544,3235 577,3235 611,3235 644,3235 677,3234 710,3234 743,3233 776,3232 809,3232 842,3231 875,3230 908,3229 942,3228"/>
                <TextEquiv>
                    <Unicode>Versuch, ihn mühselig zu beschränken.</Unicode>
                </TextEquiv>
            </TextLine>
            <TextLine id="r1l44" custom="readingOrder {index:43;}">
                <Coords points="310,3314 1029,3325 1103,3300 1162,3324 1209,3301 1136,3257 1044,3285 814,3254 755,3284 671,3251 486,3280 311,3264"/>
                <Baseline points="317,3302 361,3303 405,3304 449,3305 494,3306 538,3307 582,3308 627,3308 671,3309 715,3310 760,3310 804,3311 848,3311 892,3312 937,3312 981,3312 1025,3312 1070,3312 1114,3312 1158,3312 1203,3312"/>
                <TextEquiv>
                    <Unicode>Die sogenannten impulsiven Menschen sind</Unicode>
                </TextEquiv>
            </TextLine>
            <TextLine id="r1l45" custom="readingOrder {index:44;}">
                <Coords points="259,3356 1214,3356 1214,3326 1116,3310 259,3316"/>
                <Baseline points="266,3341 313,3343 360,3344 407,3346 454,3347 501,3348 548,3348 595,3349 642,3349 689,3349 737,3349 784,3349 831,3349 878,3349 925,3349 972,3349 1019,3349 1066,3349 1113,3349 1160,3350 1208,3351"/>
                <TextEquiv>
                    <Unicode>meistens nicht Verschwender, sondern nur Ungeduldige</Unicode>
                </TextEquiv>
            </TextLine>
            <TextLine id="r1l46" custom="readingOrder {index:45;}">
                <Coords points="263,3395 298,3399 315,3390 352,3399 373,3386 412,3416 448,3392 465,3404 480,3393 527,3389 545,3398 569,3390 570,3362 516,3362 493,3350 480,3359 473,3351 391,3350 338,3360 298,3349 264,3358"/>
                <Baseline points="270,3382 296,3383 323,3384 349,3384 376,3385 402,3385 429,3386 455,3386 482,3387 508,3389 535,3389 562,3391"/>
                <TextEquiv>
                    <Unicode>ihres Gefühls.</Unicode>
                </TextEquiv>
            </TextLine>
            <TextLine id="r1l47" custom="readingOrder {index:46;}">
                <Coords points="298,3469 1211,3465 1211,3432 1097,3444 1014,3407 921,3446 838,3408 736,3439 298,3424"/>
                <Baseline points="305,3462 352,3463 399,3464 446,3465 494,3466 541,3467 588,3468 636,3469 683,3469 730,3470 778,3471 825,3471 872,3471 920,3472 967,3472 1014,3472 1062,3472 1109,3471 1156,3471 1204,3470"/>
                <TextEquiv>
                    <Unicode>Mit dem Ohr der Menschheit ist es so beschaffen,</Unicode>
                </TextEquiv>
            </TextLine>
            <TextLine id="r1l48" custom="readingOrder {index:47;}">
                <Coords points="258,3499 321,3523 1209,3522 1209,3476 1153,3472 258,3468"/>
                <Baseline points="264,3501 310,3503 357,3504 404,3506 451,3507 498,3507 545,3508 592,3508 639,3508 686,3508 733,3508 779,3508 826,3508 873,3508 920,3508 967,3508 1014,3507 1061,3507 1108,3507 1155,3507 1202,3507"/>
                <TextEquiv>
                    <Unicode>doß es den Schall zu verschlafen und erst vom Echo</Unicode>
                </TextEquiv>
            </TextLine>
            <TextLine id="r1l49" custom="readingOrder {index:48;}">
                <Coords points="257,3565 392,3550 426,3568 458,3555 476,3565 590,3564 627,3560 628,3529 519,3508 324,3524 257,3512"/>
                <Baseline points="263,3550 288,3548 314,3546 339,3545 365,3545 390,3546 416,3546 442,3547 467,3548 493,3549 518,3549 544,3549 569,3549 595,3549 621,3547"/>
                <TextEquiv>
                    <Unicode>zu erwachen pflegt.</Unicode>
                </TextEquiv>
            </TextLine>
            <TextLine id="r1l50" custom="readingOrder {index:49;}">
                <Coords points="314,3625 1210,3636 1210,3603 1141,3585 976,3614 857,3586 660,3605 315,3577"/>
                <Baseline points="321,3621 365,3622 409,3624 453,3626 497,3627 541,3628 585,3629 629,3630 673,3631 717,3631 762,3632 806,3632 850,3632 894,3632 938,3632 982,3632 1026,3632 1070,3632 1114,3631 1158,3631 1203,3631"/>
                <TextEquiv>
                    <Unicode>Wenn man mit einem Politiker von guten</Unicode>
                </TextEquiv>
            </TextLine>
            <TextLine id="r1l51" custom="readingOrder {index:50;}">
                <Coords points="267,3675 1183,3682 1183,3642 1065,3633 268,3633"/>
                <Baseline points="274,3663 319,3664 364,3665 409,3666 454,3667 499,3668 544,3668 589,3669 634,3669 679,3669 725,3669 770,3670 815,3670 860,3670 905,3670 950,3670 995,3670 1040,3670 1085,3670 1130,3670 1176,3670"/>
                <TextEquiv>
                    <Unicode>Manieren und einiger Klugheit in eine Unterhaltung</Unicode>
                </TextEquiv>
            </TextLine>
            <TextLine id="r1l52" custom="readingOrder {index:51;}">
                <Coords points="267,3713 1191,3720 1191,3680 1136,3673 267,3675"/>
                <Baseline points="274,3706 319,3707 365,3708 410,3708 456,3709 501,3710 547,3710 592,3710 638,3710 683,3710 729,3710 774,3710 820,3710 865,3710 911,3710 956,3709 1002,3709 1047,3709 1093,3708 1138,3708 1184,3707"/>
                <TextEquiv>
                    <Unicode>gerät, macht man meistens die überrraschende, aber</Unicode>
                </TextEquiv>
            </TextLine>
            <TextLine id="r1l53" custom="readingOrder {index:52;}">
                <Coords points="259,3760 789,3742 849,3777 1195,3752 1194,3715 1155,3710 259,3712"/>
                <Baseline points="266,3751 312,3751 358,3751 404,3750 450,3750 496,3750 542,3750 588,3750 634,3750 680,3749 727,3749 773,3749 819,3749 865,3749 911,3749 957,3749 1003,3749 1049,3748 1095,3748 1141,3748 1188,3748"/>
                <TextEquiv>
                    <Unicode>sympathische Entdeckung, daß er eigentlich gar nich</Unicode>
                </TextEquiv>
            </TextLine>
            <TextLine id="r1l54" custom="readingOrder {index:53;}">
                <Coords points="265,3806 717,3805 715,3743 671,3760 624,3748 605,3761 466,3748 399,3763 370,3750 264,3757"/>
                <Baseline points="271,3793 296,3792 322,3791 348,3790 374,3790 399,3789 425,3789 451,3788 477,3788 502,3788 528,3788 554,3787 580,3786 605,3786 631,3785 657,3784 683,3783 709,3781"/>
                <TextEquiv>
                    <Unicode>zu seiner Partei gehört.</Unicode>
                </TextEquiv>
            </TextLine>
            <TextEquiv>
                <Unicode>Trel
Dr. Max Goldschmidt
Büro für Zeitungsausschnitte
Teleion: Norden 305
BBRLIN N4
Ausschnitt aus:
Neue Leipziger Zeitung
1.Mai192“
Bemerkungen
Von Arthur Schnitzler
Aus dem unveröffentlichten „Buch der Sprüche und
Bedenken“
Wie oft halten wir für Unversöhnlichkeit der An¬
sichten, was nichts anderes ist als Verschiedenheit der
Temperamente.
Ich glaube dir deine Weisheit nur, wenn sie dir
aus dem Herzen, deine Güte nur, wenn sie dir aus
dem Verstande kommt.
Du sprichst von deiner Mission? Das klingt
etuas pathetisch. Oder sollte es nicht am Ende nur.
der Vorwand sein, unter dem du dich deiner Pflicht
t entziehen gedenkst? Denn dies ist der ernstere,
schwerere und verantwortungsvollere Begriff; und
was du deine Mission nennst, das muß notwendig in
deiner Pflicht enthalten sein; — oder du bist deiner
Mission niemals wert gewesen.
Daß du ihn völlig durchschautest, das hat dir noch
keiner verziehen, er mag noch so gut dabei weg¬
gekommen sein.
Wenn einer sugt, daß er die Menschen liebe, so
spricht er das kaum jemals ohne Rührung über seine
Herzensgüte aus; behauptet ein anderer, er verachte
2
so erklärt er das selten ohne Stol, auf seine
Weisheit. Wie immer einer sich zu den Menschen
stelle, es werden manchmal die Menschen — aber die
eigene Eitelkeit wird niemals dabei zu kurz kommen.
Menschliche Beziehungen, die auf großem Fuße
eingerichtet waren, lassen sich nur unter schmerzlichen
und beschämenden Opfern in kleinem Stile weiter¬
führen, und klüger ist der Entschluß, einen gemein¬
samen seelischen Haushalt einfach aufzulösen als der
Versuch, ihn mühselig zu beschränken.
Die sogenannten impulsiven Menschen sind
meistens nicht Verschwender, sondern nur Ungeduldige
ihres Gefühls.
Mit dem Ohr der Menschheit ist es so beschaffen,
doß es den Schall zu verschlafen und erst vom Echo
zu erwachen pflegt.
Wenn man mit einem Politiker von guten
Manieren und einiger Klugheit in eine Unterhaltung
gerät, macht man meistens die überrraschende, aber
sympathische Entdeckung, daß er eigentlich gar nich
zu seiner Partei gehört.</Unicode>
            </TextEquiv>
        </TextRegion>
        <TextRegion orientation="0.0" id="r2" custom="readingOrder {index:1;}">
            <Coords points="1728,110 1728,4162 3026,4162 3026,110"/>
            <TextLine id="r2l1" custom="readingOrder {index:0;}">
                <Coords points="1994,155 2538,149 2589,141 2589,106 2143,102 2096,124 1993,102"/>
                <Baseline points="2001,140 2030,140 2059,141 2088,141 2117,141 2146,142 2175,142 2204,142 2233,142 2262,142 2292,142 2321,141 2350,141 2379,140 2408,139 2437,138 2466,137 2495,135 2524,134 2553,132 2583,130"/>
                <TextEquiv>
                    <Unicode>Büro für Zeitungsausschnitte</Unicode>
                </TextEquiv>
            </TextLine>
            <TextLine id="r2l2" custom="readingOrder {index:1;}">
                <Coords points="2328,203 2465,214 2624,210 2647,194 2762,202 2760,141 2655,167 2530,154 2327,169"/>
                <Baseline points="2334,200 2360,199 2386,199 2412,199 2439,198 2465,197 2491,196 2518,195 2544,194 2570,193 2597,192 2623,191 2649,190 2676,189 2702,189 2728,188 2755,188"/>
                <TextEquiv>
                    <Unicode>Telsion: Norden 3051</Unicode>
                </TextEquiv>
            </TextLine>
            <TextLine id="r2l3" custom="readingOrder {index:2;}">
                <Coords points="1810,214 1843,214 1860,225 1881,213 1940,218 1973,209 1997,214 2019,203 2037,213 2070,205 2069,176 2014,161 1994,160 1973,173 1929,163 1867,163 1835,173 1809,167"/>
                <Baseline points="1816,206 1843,206 1870,206 1898,205 1925,204 1953,203 1980,202 2008,202 2035,202 2063,203"/>
                <TextEquiv>
                    <Unicode>BERLIN N4</Unicode>
                </TextEquiv>
            </TextLine>
            <TextLine id="r2l4" custom="readingOrder {index:3;}">
                <Coords points="2111,316 2296,304 2399,311 2443,296 2443,272 2404,260 2374,270 2354,257 2235,271 2160,261 2111,289"/>
                <Baseline points="2118,304 2144,302 2171,301 2197,300 2224,299 2250,298 2277,298 2304,298 2330,297 2357,297 2383,296 2410,296 2437,295"/>
                <TextEquiv>
                    <Unicode>Ausschnitt aus:</Unicode>
                </TextEquiv>
            </TextLine>
            <TextLine id="r2l5" custom="readingOrder {index:4;}">
                <Coords points="1829,379 2708,374 2725,329 2579,301 2351,334 2161,314 1956,339 1883,314 1828,348"/>
                <Baseline points="1835,377 1879,376 1923,374 1967,373 2011,372 2056,372 2100,371 2144,370 2188,370 2232,370 2277,369 2321,369 2365,368 2409,368 2453,367 2498,366 2542,365 2586,364 2630,362 2674,360 2719,358"/>
                <TextEquiv>
                    <Unicode>Dresdner Neueste Nachrichten</Unicode>
                </TextEquiv>
            </TextLine>
            <TextLine id="r2l6" custom="readingOrder {index:5;}">
                <Coords points="2154,523 2171,530 2208,517 2223,523 2252,518 2265,529 2273,523 2317,525 2363,504 2364,469 2346,476 2311,454 2290,464 2183,442 2156,451"/>
                <Baseline points="2161,512 2188,508 2216,506 2244,506 2271,508 2299,510 2327,512 2355,516"/>
                <TextEquiv>
                    <Unicode>5 Juni</Unicode>
                </TextEquiv>
            </TextLine>
            <TextLine id="r2l7" custom="readingOrder {index:6;}">
                <Coords points="1954,599 2035,617 2067,600 2093,618 2499,610 2542,593 2543,517 2501,514 2435,456 2362,473 2304,529 2214,544 1954,513"/>
                <Baseline points="1960,599 1988,599 2017,599 2046,599 2075,599 2104,599 2132,599 2161,600 2190,600 2219,600 2248,601 2276,601 2305,601 2334,602 2363,602 2392,602 2420,602 2449,603 2478,603 2507,603 2536,602"/>
                <TextEquiv>
                    <Unicode>Bemerkungen</Unicode>
                </TextEquiv>
            </TextLine>
            <TextLine id="r2l8" custom="readingOrder {index:7;}">
                <Coords points="1725,701 2722,679 2773,640 2689,613 2572,643 1724,625"/>
                <Baseline points="1731,679 1782,678 1834,678 1886,677 1938,676 1989,676 2041,675 2093,674 2145,673 2196,672 2248,671 2300,670 2352,669 2403,667 2455,666 2507,665 2559,664 2610,662 2662,660 2714,659 2766,658"/>
                <TextEquiv>
                    <Unicode>(Aus dem noch unveröffentlichten Buch der „Sprüche</Unicode>
                </TextEquiv>
            </TextLine>
            <TextLine id="r2l9" custom="readingOrder {index:8;}">
                <Coords points="2066,712 2103,735 2147,738 2212,724 2316,731 2413,721 2412,688 2373,675 2257,692 2244,681 2152,681 2066,699"/>
                <Baseline points="2073,725 2098,723 2124,723 2150,722 2175,721 2201,721 2227,721 2252,721 2278,720 2304,720 2329,720 2355,719 2381,719 2407,718"/>
                <TextEquiv>
                    <Unicode>und Bedenken“)</Unicode>
                </TextEquiv>
            </TextLine>
            <TextLine id="r2l10" custom="readingOrder {index:9;}">
                <Coords points="1959,798 2384,804 2519,787 2518,750 2397,727 2363,751 2233,759 2167,741 2143,760 2100,744 1958,758"/>
                <Baseline points="1965,794 1992,794 2019,795 2047,795 2074,795 2101,795 2129,795 2156,794 2183,794 2211,793 2238,793 2265,792 2293,791 2320,790 2347,789 2375,788 2402,786 2429,786 2457,784 2484,783 2512,782"/>
                <TextEquiv>
                    <Unicode>Von Arthur Schnitzler</Unicode>
                </TextEquiv>
            </TextLine>
            <TextLine id="r2l11" custom="readingOrder {index:10;}">
                <Coords points="2334,848 2503,859 2558,835 2583,849 2601,835 2665,834 2690,848 2727,833 2751,846 2749,797 2721,786 2538,802 2425,794 2375,814 2333,804"/>
                <Baseline points="2340,836 2365,838 2390,840 2415,841 2441,841 2466,841 2491,840 2516,839 2542,837 2567,837 2592,835 2617,834 2643,833 2668,832 2693,831 2718,831 2744,832"/>
                <TextEquiv>
                    <Unicode>(Nachdruck verboten)</Unicode>
                </TextEquiv>
            </TextLine>
            <TextLine id="r2l12" custom="readingOrder {index:11;}">
                <Coords points="1801,904 2760,893 2772,842 1800,865"/>
                <Baseline points="1808,898 1855,899 1903,900 1951,900 1999,900 2047,900 2095,900 2143,899 2191,898 2239,897 2287,896 2334,894 2382,892 2430,891 2478,890 2526,888 2574,886 2622,884 2670,883 2718,881 2766,880"/>
                <TextEquiv>
                    <Unicode>Wenn zwei Menschen einander bis ins Tiefste ver¬</Unicode>
                </TextEquiv>
            </TextLine>
            <TextLine id="r2l13" custom="readingOrder {index:12;}">
                <Coords points="2030,936 2348,948 2375,927 2776,918 2775,889 2741,885 2029,906"/>
                <Baseline points="2037,939 2073,939 2110,938 2146,937 2183,937 2220,936 2256,936 2293,935 2330,934 2366,934 2403,933 2440,932 2476,931 2513,930 2550,929 2586,927 2623,926 2660,924 2696,923 2733,920 2770,919"/>
                <TextEquiv>
                    <Unicode>so ist das gerade so, wie wenn zwei</Unicode>
                </TextEquiv>
            </TextLine>
            <TextLine id="r2l14" custom="readingOrder {index:13;}">
                <Coords points="1730,951 1839,951 1866,937 1918,949 2002,948 2029,941 2029,926 2001,910 1962,913 1937,899 1919,913 1874,915 1807,903 1788,910 1767,898 1729,908"/>
                <Baseline points="1737,944 1763,944 1789,942 1815,942 1841,941 1867,941 1893,941 1919,941 1945,941 1971,940 1997,939 2023,937"/>
                <TextEquiv>
                    <Unicode>stehen wollen,</Unicode>
                </TextEquiv>
            </TextLine>
            <TextLine id="r2l15" custom="readingOrder {index:14;}">
                <Coords points="1734,990 2767,975 2777,924 1733,952"/>
                <Baseline points="1741,982 1792,982 1844,981 1895,980 1947,979 1998,979 2050,978 2101,977 2153,976 2204,975 2256,974 2307,972 2359,971 2410,970 2462,969 2513,967 2565,965 2616,964 2668,962 2719,960 2771,957"/>
                <TextEquiv>
                    <Unicode>gegenübergestellte Spiegel sich ihre eigenen Bilder</Unicode>
                </TextEquiv>
            </TextLine>
            <TextLine id="r2l16" custom="readingOrder {index:15;}">
                <Coords points="1728,1032 2788,1011 2787,972 2734,964 1727,990"/>
                <Baseline points="1735,1017 1787,1018 1839,1018 1891,1019 1944,1018 1996,1018 2048,1017 2101,1016 2153,1015 2205,1014 2258,1012 2310,1011 2362,1009 2414,1007 2467,1006 2519,1003 2571,1002 2624,1000 2676,998 2728,997 2781,995"/>
                <TextEquiv>
                    <Unicode>immer wieder und von immer weiter her wie in ver¬</Unicode>
                </TextEquiv>
            </TextLine>
            <TextLine id="r2l17" custom="readingOrder {index:16;}">
                <Coords points="1727,1066 2790,1034 2753,995 1727,1031"/>
                <Baseline points="1733,1054 1785,1056 1838,1058 1890,1058 1943,1059 1995,1059 2048,1058 2100,1057 2153,1057 2205,1055 2258,1054 2310,1052 2363,1051 2415,1048 2468,1047 2520,1045 2573,1044 2625,1042 2678,1041 2730,1040 2783,1039"/>
                <TextEquiv>
                    <Unicode>zweifelter Neugier entgegenwerfen, bis sie sich endlich</Unicode>
                </TextEquiv>
            </TextLine>
            <TextLine id="r2l18" custom="readingOrder {index:17;}">
                <Coords points="1732,1100 2720,1093 2719,1053 2624,1041 1731,1064"/>
                <Baseline points="1739,1093 1787,1094 1836,1096 1885,1096 1933,1097 1982,1096 2031,1096 2079,1095 2128,1094 2177,1093 2226,1091 2274,1090 2323,1088 2372,1086 2420,1085 2469,1083 2518,1082 2566,1081 2615,1080 2664,1080 2713,1080"/>
                <TextEquiv>
                    <Unicode>im Grauen einer hoffnungslosen Ferne verlieren.</Unicode>
                </TextEquiv>
            </TextLine>
            <TextLine id="r2l19" custom="readingOrder {index:18;}">
                <Coords points="1813,1205 2165,1219 2307,1193 2394,1218 2785,1180 2785,1152 2673,1142 1813,1151"/>
                <Baseline points="1820,1198 1867,1197 1915,1197 1963,1197 2011,1197 2059,1197 2107,1196 2155,1196 2203,1196 2251,1196 2299,1195 2346,1195 2394,1195 2442,1194 2490,1194 2538,1193 2586,1192 2634,1192 2682,1190 2730,1189 2778,1188"/>
                <TextEquiv>
                    <Unicode>Zu bereuen glaubst du? Ach, du hast dir nur an</Unicode>
                </TextEquiv>
            </TextLine>
            <TextLine id="r2l20" custom="readingOrder {index:19;}">
                <Coords points="1735,1262 1815,1242 1844,1255 1943,1246 1959,1258 2039,1241 2150,1246 2150,1218 2124,1201 2065,1208 2046,1193 1965,1213 1882,1199 1861,1211 1807,1214 1770,1199 1735,1210"/>
                <Baseline points="1741,1241 1766,1240 1791,1239 1816,1239 1841,1239 1866,1239 1891,1239 1916,1239 1942,1240 1967,1240 1992,1240 2017,1240 2042,1239 2067,1238 2092,1237 2117,1235 2143,1233"/>
                <TextEquiv>
                    <Unicode>die Brust geschlagen.</Unicode>
                </TextEquiv>
            </TextLine>
            <TextLine id="r2l21" custom="readingOrder {index:20;}">
                <Coords points="1814,1317 2192,1330 2778,1288 2726,1255 2589,1254 1813,1286"/>
                <Baseline points="1820,1316 1867,1316 1915,1315 1962,1314 2010,1313 2057,1313 2105,1312 2152,1311 2200,1311 2247,1310 2295,1309 2343,1309 2390,1308 2438,1307 2485,1306 2533,1306 2580,1305 2628,1304 2675,1303 2723,1302 2771,1301"/>
                <TextEquiv>
                    <Unicode>Um eine Unrichtigkeit als Lüge schmähen zu</Unicode>
                </TextEquiv>
            </TextLine>
            <TextLine id="r2l22" custom="readingOrder {index:21;}">
                <Coords points="1721,1346 2001,1370 2775,1341 2689,1300 2191,1334 1721,1312"/>
                <Baseline points="1728,1356 1780,1356 1832,1355 1884,1354 1936,1354 1988,1354 2040,1353 2092,1353 2144,1353 2196,1352 2248,1352 2300,1351 2352,1351 2404,1350 2456,1349 2508,1348 2560,1347 2612,1345 2664,1343 2716,1342 2768,1339"/>
                <TextEquiv>
                    <Unicode>dürfen, müssen wir sie erst des bösen Willens über¬</Unicode>
                </TextEquiv>
            </TextLine>
            <TextLine id="r2l23" custom="readingOrder {index:22;}">
                <Coords points="1734,1401 2755,1389 2774,1339 1733,1361"/>
                <Baseline points="1741,1395 1792,1394 1843,1393 1894,1393 1946,1393 1997,1392 2048,1392 2100,1392 2151,1391 2202,1391 2254,1390 2305,1390 2356,1389 2407,1389 2459,1388 2510,1386 2561,1385 2613,1383 2664,1381 2715,1379 2767,1376"/>
                <TextEquiv>
                    <Unicode>weisen. Und ehe wir uns vor einer Richtigkeit beugen</Unicode>
                </TextEquiv>
            </TextLine>
            <TextLine id="r2l24" custom="readingOrder {index:23;}">
                <Coords points="1732,1427 2785,1413 2772,1382 1732,1402"/>
                <Baseline points="1739,1434 1793,1433 1848,1433 1903,1433 1957,1432 2012,1432 2067,1431 2121,1431 2176,1430 2231,1430 2285,1429 2340,1429 2395,1428 2449,1427 2504,1426 2559,1424 2613,1423 2668,1421 2723,1419 2778,1417"/>
                <TextEquiv>
                    <Unicode>wie vor einer Wahrheit, muß uns der Glorienschein</Unicode>
                </TextEquiv>
            </TextLine>
            <TextLine id="r2l25" custom="readingOrder {index:24;}">
                <Coords points="1731,1475 1800,1496 2053,1465 2614,1471 2653,1428 1731,1451"/>
                <Baseline points="1738,1476 1783,1474 1828,1473 1874,1472 1919,1471 1965,1470 2010,1470 2056,1470 2101,1470 2147,1470 2192,1470 2237,1469 2283,1469 2328,1469 2374,1468 2419,1467 2465,1466 2510,1464 2556,1462 2601,1460 2647,1457"/>
                <TextEquiv>
                    <Unicode>des Mutes von ihrer Stirne entgegenstrahlen.</Unicode>
                </TextEquiv>
            </TextLine>
            <TextLine id="r2l26" custom="readingOrder {index:25;}">
                <Coords points="1821,1563 2788,1558 2787,1484 2700,1512 1821,1522"/>
                <Baseline points="1828,1557 1875,1557 1923,1556 1971,1555 2018,1555 2066,1554 2114,1554 2161,1553 2209,1553 2257,1552 2305,1551 2352,1551 2400,1550 2448,1549 2495,1548 2543,1547 2591,1546 2638,1545 2686,1544 2734,1542 2782,1540"/>
                <TextEquiv>
                    <Unicode>Kommt eine Wahrheit, die du einmal aus er¬</Unicode>
                </TextEquiv>
            </TextLine>
            <TextLine id="r2l27" custom="readingOrder {index:26;}">
                <Coords points="1744,1598 2627,1599 2750,1592 2783,1552 1744,1566"/>
                <Baseline points="1751,1599 1802,1598 1853,1597 1904,1596 1956,1596 2007,1595 2058,1595 2109,1595 2161,1595 2212,1595 2263,1595 2314,1594 2366,1594 2417,1593 2468,1592 2519,1591 2571,1589 2622,1587 2673,1586 2724,1583 2776,1580"/>
                <TextEquiv>
                    <Unicode>füllter Seele sprachst, von andern Lippen, gleichsam</Unicode>
                </TextEquiv>
            </TextLine>
            <TextLine id="r2l28" custom="readingOrder {index:27;}">
                <Coords points="1737,1653 2732,1634 2786,1603 1736,1610"/>
                <Baseline points="1743,1639 1794,1638 1846,1636 1898,1636 1950,1635 2002,1635 2053,1634 2105,1634 2157,1634 2209,1634 2261,1633 2312,1633 2364,1633 2416,1632 2468,1631 2520,1629 2571,1627 2623,1625 2675,1623 2727,1619 2779,1615"/>
                <TextEquiv>
                    <Unicode>als geflügeltes Wort zu dir zurück, so wirst du manch¬</Unicode>
                </TextEquiv>
            </TextLine>
            <TextLine id="r2l29" custom="readingOrder {index:28;}">
                <Coords points="1742,1679 2785,1652 2765,1620 1741,1650"/>
                <Baseline points="1749,1675 1800,1674 1851,1673 1903,1673 1954,1672 2006,1672 2057,1672 2109,1672 2160,1671 2212,1671 2263,1671 2314,1670 2366,1670 2417,1669 2469,1668 2520,1667 2572,1666 2623,1664 2675,1661 2726,1659 2778,1656"/>
                <TextEquiv>
                    <Unicode>mal versucht sein, sie zu empfangen wie der Vater den</Unicode>
                </TextEquiv>
            </TextLine>
            <TextLine id="r2l30" custom="readingOrder {index:29;}">
                <Coords points="1747,1712 2733,1709 2782,1660 1746,1682"/>
                <Baseline points="1753,1713 1804,1712 1855,1711 1906,1710 1957,1710 2008,1710 2059,1710 2110,1710 2161,1710 2212,1710 2264,1710 2315,1710 2366,1709 2417,1709 2468,1708 2519,1707 2570,1706 2621,1704 2672,1701 2723,1699 2775,1695"/>
                <TextEquiv>
                    <Unicode>verlorenen Sohn, der einst mit Reichtümern in die</Unicode>
                </TextEquiv>
            </TextLine>
            <TextLine id="r2l31" custom="readingOrder {index:30;}">
                <Coords points="1738,1759 2795,1755 2794,1705 2697,1698 1738,1724"/>
                <Baseline points="1745,1754 1797,1753 1849,1752 1901,1751 1953,1750 2005,1750 2057,1749 2110,1749 2162,1748 2214,1748 2266,1747 2318,1747 2370,1746 2422,1746 2475,1745 2527,1744 2579,1743 2631,1741 2683,1740 2735,1738 2788,1735"/>
                <TextEquiv>
                    <Unicode>Welt entfloh und, endlich heimgekehrt, als Bettler an</Unicode>
                </TextEquiv>
            </TextLine>
            <TextLine id="r2l32" custom="readingOrder {index:31;}">
                <Coords points="1743,1807 1785,1795 1831,1804 1869,1792 1899,1804 2128,1792 2127,1772 2088,1751 2041,1760 2001,1747 1951,1761 1882,1750 1862,1764 1742,1757"/>
                <Baseline points="1749,1789 1775,1788 1802,1786 1828,1786 1855,1785 1881,1785 1908,1785 1935,1785 1961,1786 1988,1786 2014,1786 2041,1786 2067,1786 2094,1786 2121,1785"/>
                <TextEquiv>
                    <Unicode>deine Türe klopft.</Unicode>
                </TextEquiv>
            </TextLine>
            <TextLine id="r2l33" custom="readingOrder {index:32;}">
                <Coords points="1811,1868 2754,1863 2778,1803 1810,1840"/>
                <Baseline points="1817,1863 1864,1864 1912,1864 1960,1864 2008,1863 2055,1863 2103,1862 2151,1862 2199,1861 2246,1860 2294,1859 2342,1858 2390,1857 2437,1856 2485,1855 2533,1855 2581,1854 2628,1853 2676,1853 2724,1852 2772,1852"/>
                <TextEquiv>
                    <Unicode>Auch das ist Lüge, und ist die kläglichste von</Unicode>
                </TextEquiv>
            </TextLine>
            <TextLine id="r2l34" custom="readingOrder {index:33;}">
                <Coords points="1749,1914 2696,1911 2759,1899 2786,1851 1748,1871"/>
                <Baseline points="1755,1903 1806,1904 1857,1904 1908,1905 1959,1905 2011,1905 2062,1904 2113,1904 2164,1903 2215,1902 2267,1901 2318,1900 2369,1899 2420,1898 2471,1898 2523,1896 2574,1895 2625,1894 2676,1893 2727,1892 2779,1891"/>
                <TextEquiv>
                    <Unicode>allen: sich anstellen, als wenn man einem Lügner seine</Unicode>
                </TextEquiv>
            </TextLine>
            <TextLine id="r2l35" custom="readingOrder {index:34;}">
                <Coords points="1758,1950 1803,1965 1835,1962 1851,1973 1893,1966 1916,1951 2003,1959 2042,1943 2042,1922 2025,1927 1992,1908 1948,1907 1930,1917 1904,1906 1859,1924 1828,1909 1758,1913"/>
                <Baseline points="1765,1943 1792,1944 1819,1944 1846,1943 1873,1943 1900,1942 1927,1942 1954,1941 1981,1941 2008,1941 2036,1942"/>
                <TextEquiv>
                    <Unicode>Lüge glaubte.</Unicode>
                </TextEquiv>
            </TextLine>
            <TextLine id="r2l36" custom="readingOrder {index:35;}">
                <Coords points="1820,2042 2712,2038 2784,2032 2784,2003 1819,1989"/>
                <Baseline points="1826,2038 1873,2039 1921,2039 1968,2040 2016,2040 2064,2040 2111,2040 2159,2040 2206,2039 2254,2039 2302,2038 2349,2037 2397,2037 2444,2036 2492,2034 2540,2033 2587,2032 2635,2031 2682,2030 2730,2028 2778,2027"/>
                <TextEquiv>
                    <Unicode>Manche Menschen glauben, daß sie sich weit ent¬</Unicode>
                </TextEquiv>
            </TextLine>
            <TextLine id="r2l37" custom="readingOrder {index:36;}">
                <Coords points="1751,2080 2682,2078 2782,2065 2782,2034 1750,2039"/>
                <Baseline points="1758,2078 1808,2078 1859,2078 1910,2078 1961,2078 2012,2078 2063,2077 2113,2077 2164,2076 2215,2075 2266,2075 2317,2074 2368,2073 2419,2072 2469,2072 2520,2071 2571,2071 2622,2070 2673,2070 2724,2071 2775,2071"/>
                <TextEquiv>
                    <Unicode>wickelt haben, und von allen ihren Eigenschaften ist</Unicode>
                </TextEquiv>
            </TextLine>
            <TextLine id="r2l38" custom="readingOrder {index:37;}">
                <Coords points="1756,2119 2689,2109 2747,2134 2799,2084 1756,2086"/>
                <Baseline points="1763,2115 1814,2116 1865,2116 1917,2117 1968,2117 2020,2117 2071,2117 2123,2116 2174,2116 2226,2115 2277,2115 2328,2114 2380,2113 2431,2113 2483,2112 2534,2111 2586,2111 2637,2110 2689,2110 2740,2109 2792,2109"/>
                <TextEquiv>
                    <Unicode>es nur ihre Eitelkeit, auf die ihre Einbildung zutrifft.</Unicode>
                </TextEquiv>
            </TextLine>
            <TextLine id="r2l39" custom="readingOrder {index:38;}">
                <Coords points="1823,2204 2794,2194 2793,2144 2762,2134 2579,2167 1823,2167"/>
                <Baseline points="1830,2202 1877,2203 1925,2204 1973,2204 2021,2204 2069,2204 2117,2204 2165,2203 2213,2202 2261,2201 2309,2200 2356,2198 2404,2197 2452,2196 2500,2194 2548,2193 2596,2192 2644,2192 2692,2191 2740,2190 2788,2190"/>
                <TextEquiv>
                    <Unicode>Du klagst, daß du ihm nichts Uebles getan hast</Unicode>
                </TextEquiv>
            </TextLine>
            <TextLine id="r2l40" custom="readingOrder {index:39;}">
                <Coords points="1746,2245 2669,2245 2784,2225 2784,2199 1746,2207"/>
                <Baseline points="1753,2244 1804,2244 1855,2244 1906,2244 1958,2244 2009,2244 2060,2244 2111,2244 2163,2243 2214,2243 2265,2242 2316,2241 2368,2240 2419,2239 2470,2237 2521,2236 2573,2235 2624,2233 2675,2231 2726,2229 2778,2227"/>
                <TextEquiv>
                    <Unicode>und daß er dennoch auf Rache sinnt? Kein Anlaß zur</Unicode>
                </TextEquiv>
            </TextLine>
            <TextLine id="r2l41" custom="readingOrder {index:40;}">
                <Coords points="1753,2289 2766,2285 2797,2236 1752,2247"/>
                <Baseline points="1759,2281 1810,2281 1862,2282 1913,2282 1965,2282 2017,2282 2068,2282 2120,2282 2171,2282 2223,2281 2275,2281 2326,2280 2378,2279 2429,2278 2481,2276 2533,2275 2584,2273 2636,2271 2687,2269 2739,2266 2791,2263"/>
                <TextEquiv>
                    <Unicode>Verwunderung. Was er dir nachträgt, ist nicht deine</Unicode>
                </TextEquiv>
            </TextLine>
            <TextLine id="r2l42" custom="readingOrder {index:41;}">
                <Coords points="1755,2324 1842,2350 2019,2326 2190,2346 2271,2319 2453,2335 2529,2327 2529,2282 1755,2288"/>
                <Baseline points="1762,2318 1800,2319 1838,2319 1876,2320 1914,2320 1952,2320 1990,2320 2028,2321 2066,2321 2104,2321 2142,2321 2180,2321 2218,2320 2256,2320 2294,2319 2332,2318 2370,2317 2408,2316 2446,2315 2484,2313 2523,2311"/>
                <TextEquiv>
                    <Unicode>Schuld, sondern sein schlechtes Gewissen.</Unicode>
                </TextEquiv>
            </TextLine>
            <TextLine id="r2l43" custom="readingOrder {index:42;}">
                <Coords points="1819,2418 2775,2408 2783,2363 2655,2342 2397,2377 2211,2349 2174,2376 1818,2379"/>
                <Baseline points="1825,2405 1872,2407 1920,2408 1967,2408 2015,2409 2063,2409 2110,2408 2158,2408 2205,2408 2253,2407 2301,2406 2348,2405 2396,2403 2443,2402 2491,2401 2539,2400 2586,2399 2634,2398 2681,2396 2729,2395 2777,2394"/>
                <TextEquiv>
                    <Unicode>In einer kranken Beziehung haben wir, wie in</Unicode>
                </TextEquiv>
            </TextLine>
            <TextLine id="r2l44" custom="readingOrder {index:43;}">
                <Coords points="1752,2446 2722,2454 2801,2424 2713,2395 1752,2404"/>
                <Baseline points="1759,2445 1810,2445 1862,2445 1914,2445 1966,2445 2017,2445 2069,2445 2121,2445 2173,2445 2224,2444 2276,2444 2328,2443 2380,2443 2431,2442 2483,2441 2535,2440 2587,2439 2638,2437 2690,2435 2742,2433 2794,2431"/>
                <TextEquiv>
                    <Unicode>einem kranken Organismus, auch das scheinbar Nich¬</Unicode>
                </TextEquiv>
            </TextLine>
            <TextLine id="r2l45" custom="readingOrder {index:44;}">
                <Coords points="1752,2491 2641,2498 2641,2456 2558,2439 1752,2454"/>
                <Baseline points="1758,2486 1801,2485 1845,2484 1889,2484 1933,2484 1977,2483 2021,2483 2064,2484 2108,2484 2152,2484 2196,2484 2240,2484 2284,2484 2328,2484 2371,2483 2415,2483 2459,2481 2503,2480 2547,2478 2591,2476 2635,2473"/>
                <TextEquiv>
                    <Unicode>tigste als Symptom der Krankheit zu deuten.</Unicode>
                </TextEquiv>
            </TextLine>
            <TextLine id="r2l46" custom="readingOrder {index:45;}">
                <Coords points="1827,2571 2790,2568 2790,2530 2735,2509 2565,2537 2503,2514 1827,2529"/>
                <Baseline points="1834,2570 1881,2569 1928,2569 1976,2568 2023,2568 2071,2568 2118,2568 2166,2568 2213,2568 2261,2568 2308,2568 2355,2568 2403,2568 2450,2568 2498,2568 2545,2568 2593,2568 2640,2567 2688,2567 2735,2566 2783,2565"/>
                <TextEquiv>
                    <Unicode>Wenn du dich zur Versöhnlichkeit geneigt fühlst,</Unicode>
                </TextEquiv>
            </TextLine>
            <TextLine id="r2l47" custom="readingOrder {index:46;}">
                <Coords points="1776,2616 2794,2608 2793,2568 2721,2564 1775,2577"/>
                <Baseline points="1782,2612 1832,2611 1882,2610 1932,2610 1983,2610 2033,2609 2083,2610 2133,2610 2184,2610 2234,2610 2284,2610 2334,2610 2385,2610 2435,2609 2485,2609 2535,2608 2586,2607 2636,2605 2686,2603 2736,2600 2787,2597"/>
                <TextEquiv>
                    <Unicode>so frage dich vor allem, was dich eigentlich so milde</Unicode>
                </TextEquiv>
            </TextLine>
            <TextLine id="r2l48" custom="readingOrder {index:47;}">
                <Coords points="1765,2657 2556,2670 2803,2653 2803,2615 1765,2620"/>
                <Baseline points="1772,2650 1823,2651 1874,2651 1925,2651 1976,2651 2028,2650 2079,2650 2130,2650 2181,2649 2232,2648 2284,2647 2335,2647 2386,2646 2437,2645 2488,2644 2540,2643 2591,2643 2642,2641 2693,2641 2744,2640 2796,2639"/>
                <TextEquiv>
                    <Unicode>stimmt: schlechtes Gedächtnis, Bequemlichkeit oder</Unicode>
                </TextEquiv>
            </TextLine>
            <TextLine id="r2l49" custom="readingOrder {index:48;}">
                <Coords points="1761,2698 1783,2701 1794,2711 1813,2705 1849,2712 1901,2695 1943,2709 1943,2654 1916,2649 1882,2660 1868,2652 1838,2658 1760,2651"/>
                <Baseline points="1767,2689 1795,2689 1823,2688 1852,2688 1880,2687 1908,2687 1937,2687"/>
                <TextEquiv>
                    <Unicode>Feigheit.</Unicode>
                </TextEquiv>
            </TextLine>
            <TextLine id="r2l50" custom="readingOrder {index:49;}">
                <Coords points="1826,2787 2759,2786 2806,2779 2806,2733 1826,2737"/>
                <Baseline points="1833,2780 1881,2782 1929,2783 1978,2783 2026,2784 2074,2784 2123,2783 2171,2783 2219,2782 2268,2781 2316,2781 2364,2780 2413,2779 2461,2778 2509,2778 2558,2777 2606,2777 2654,2776 2703,2777 2751,2777 2800,2778"/>
                <TextEquiv>
                    <Unicode>Warum bildet sich der letzte Tropfen so viel darauf</Unicode>
                </TextEquiv>
            </TextLine>
            <TextLine id="r2l51" custom="readingOrder {index:50;}">
                <Coords points="1764,2822 2761,2825 2795,2785 1763,2776"/>
                <Baseline points="1770,2820 1823,2821 1877,2823 1930,2823 1984,2824 2038,2824 2091,2824 2145,2824 2199,2824 2252,2824 2306,2823 2359,2822 2413,2821 2467,2820 2520,2818 2574,2817 2628,2815 2681,2814 2735,2813 2789,2811"/>
                <TextEquiv>
                    <Unicode>ein, daß er den Becher überfließen machte? Der erste</Unicode>
                </TextEquiv>
            </TextLine>
            <TextLine id="r2l52" custom="readingOrder {index:51;}">
                <Coords points="1758,2868 2729,2868 2798,2853 2798,2823 1757,2820"/>
                <Baseline points="1764,2861 1815,2862 1866,2863 1918,2864 1969,2864 2021,2864 2072,2864 2123,2864 2175,2863 2226,2863 2278,2862 2329,2861 2380,2861 2432,2860 2483,2859 2535,2858 2586,2858 2637,2857 2689,2857 2740,2857 2792,2857"/>
                <TextEquiv>
                    <Unicode>schon war nicht minder schuldig; — aber der törichte</Unicode>
                </TextEquiv>
            </TextLine>
            <TextLine id="r2l53" custom="readingOrder {index:52;}">
                <Coords points="1767,2915 2477,2908 2558,2899 2558,2866 1767,2868"/>
                <Baseline points="1774,2900 1812,2898 1851,2898 1890,2897 1929,2897 1968,2897 2007,2898 2045,2898 2084,2899 2123,2900 2162,2900 2201,2901 2240,2902 2279,2902 2317,2902 2356,2902 2395,2900 2434,2899 2473,2897 2512,2894 2551,2890"/>
                <TextEquiv>
                    <Unicode>Becher hat es damals noch nicht geahnt.</Unicode>
                </TextEquiv>
            </TextLine>
            <TextLine id="r2l54" custom="readingOrder {index:53;}">
                <Coords points="1817,2993 2718,2992 2786,2981 2786,2944 2456,2936 2371,2970 2322,2944 1816,2945"/>
                <Baseline points="1823,2987 1870,2987 1918,2987 1966,2986 2014,2986 2062,2986 2110,2986 2157,2986 2205,2986 2253,2986 2301,2985 2349,2985 2397,2985 2445,2984 2492,2984 2540,2983 2588,2982 2636,2981 2684,2979 2732,2978 2780,2976"/>
                <TextEquiv>
                    <Unicode>Daß man zuweilen mehr, zuweilen weniger</Unicode>
                </TextEquiv>
            </TextLine>
            <TextLine id="r2l55" custom="readingOrder {index:54;}">
                <Coords points="1762,3029 2795,3024 2781,2979 1836,3001 1762,2976"/>
                <Baseline points="1769,3025 1822,3025 1876,3026 1929,3026 1983,3026 2037,3027 2090,3027 2144,3027 2198,3027 2251,3027 2305,3027 2358,3027 2412,3026 2466,3025 2519,3024 2573,3023 2627,3021 2680,3019 2734,3017 2788,3014"/>
                <TextEquiv>
                    <Unicode>tun muß als seine Pflicht und eben durch dieses Mehr</Unicode>
                </TextEquiv>
            </TextLine>
            <TextLine id="r2l56" custom="readingOrder {index:55;}">
                <Coords points="1761,3070 2720,3069 2800,3055 2800,3026 1761,3039"/>
                <Baseline points="1767,3065 1818,3065 1869,3065 1920,3065 1972,3065 2023,3066 2074,3066 2126,3066 2177,3066 2228,3066 2280,3066 2331,3066 2382,3065 2433,3065 2485,3064 2536,3063 2587,3061 2639,3060 2690,3058 2741,3056 2793,3053"/>
                <TextEquiv>
                    <Unicode>oder Weniger sie erst zu erfüllen vermag: das ist das</Unicode>
                </TextEquiv>
            </TextLine>
            <TextLine id="r2l57" custom="readingOrder {index:56;}">
                <Coords points="1763,3114 2758,3110 2794,3053 1763,3076"/>
                <Baseline points="1769,3105 1819,3105 1870,3105 1921,3105 1972,3105 2023,3105 2074,3105 2125,3105 2176,3105 2227,3104 2278,3104 2328,3103 2379,3103 2430,3102 2481,3101 2532,3101 2583,3099 2634,3098 2685,3097 2736,3095 2787,3094"/>
                <TextEquiv>
                    <Unicode>Problem, dem wir in jeder schweren Lebenslage immer</Unicode>
                </TextEquiv>
            </TextLine>
            <TextLine id="r2l58" custom="readingOrder {index:57;}">
                <Coords points="1764,3153 1849,3166 1883,3151 1962,3162 2067,3143 2108,3160 2243,3135 2243,3119 2167,3101 1764,3116"/>
                <Baseline points="1771,3141 1796,3141 1822,3141 1848,3142 1874,3142 1900,3142 1926,3143 1952,3143 1978,3143 2004,3144 2029,3144 2055,3144 2081,3143 2107,3143 2133,3143 2159,3142 2185,3140 2211,3139 2237,3137"/>
                <TextEquiv>
                    <Unicode>wieder gegenüberstehen.</Unicode>
                </TextEquiv>
            </TextLine>
            <TextLine id="r2l59" custom="readingOrder {index:58;}">
                <Coords points="1830,3220 2803,3206 2802,3169 2709,3148 2512,3183 1830,3195"/>
                <Baseline points="1837,3218 1887,3218 1937,3217 1988,3217 2038,3216 2089,3216 2139,3215 2190,3215 2240,3215 2291,3214 2341,3214 2392,3213 2442,3213 2493,3213 2543,3212 2594,3212 2644,3212 2695,3212 2745,3212 2796,3212"/>
                <TextEquiv>
                    <Unicode>Ein großes Herz vermag reicher zu beschenken</Unicode>
                </TextEquiv>
            </TextLine>
            <TextLine id="r2l60" custom="readingOrder {index:59;}">
                <Coords points="1762,3264 2800,3256 2800,3223 2717,3214 1762,3222"/>
                <Baseline points="1769,3257 1820,3257 1871,3258 1922,3258 1973,3258 2025,3258 2076,3258 2127,3258 2178,3258 2229,3257 2281,3257 2332,3257 2383,3256 2434,3256 2485,3255 2537,3254 2588,3254 2639,3253 2690,3252 2741,3251 2793,3250"/>
                <TextEquiv>
                    <Unicode>als die leichteste Hand. Aber wo sind die Bedürftigen,</Unicode>
                </TextEquiv>
            </TextLine>
            <TextLine id="r2l61" custom="readingOrder {index:60;}">
                <Coords points="1758,3302 2785,3301 2797,3257 1758,3273"/>
                <Baseline points="1765,3300 1816,3298 1867,3297 1918,3297 1970,3296 2021,3296 2072,3296 2124,3296 2175,3296 2226,3296 2278,3296 2329,3296 2380,3296 2431,3295 2483,3295 2534,3294 2585,3293 2637,3291 2688,3290 2739,3288 2791,3284"/>
                <TextEquiv>
                    <Unicode>die solche Gaben dankbar empfangen? Sie wollen es</Unicode>
                </TextEquiv>
            </TextLine>
            <TextLine id="r2l62" custom="readingOrder {index:61;}">
                <Coords points="1769,3351 2798,3346 2797,3301 2726,3285 1769,3306"/>
                <Baseline points="1775,3336 1825,3336 1876,3335 1927,3335 1978,3335 2029,3334 2079,3334 2130,3334 2181,3334 2232,3333 2283,3333 2333,3333 2384,3333 2435,3332 2486,3332 2537,3331 2587,3330 2638,3330 2689,3329 2740,3328 2791,3327"/>
                <TextEquiv>
                    <Unicode>dann kaum jemals wahr haben, daß sie einmal arm</Unicode>
                </TextEquiv>
            </TextLine>
            <TextLine id="r2l63" custom="readingOrder {index:62;}">
                <Coords points="1767,3394 1897,3387 1944,3398 1955,3389 1975,3393 1989,3383 2002,3391 2041,3380 2041,3359 2024,3358 1995,3333 1981,3343 1950,3336 1898,3345 1873,3335 1844,3347 1782,3343 1767,3352"/>
                <Baseline points="1773,3377 1799,3374 1825,3373 1851,3371 1877,3371 1904,3371 1930,3371 1956,3371 1982,3372 2008,3372 2035,3372"/>
                <TextEquiv>
                    <Unicode>gewesen sind.</Unicode>
                </TextEquiv>
            </TextLine>
            <TextLine id="r2l64" custom="readingOrder {index:63;}">
                <Coords points="1827,3461 2790,3463 2789,3430 2582,3406 1826,3426"/>
                <Baseline points="1833,3459 1880,3460 1928,3461 1975,3461 2023,3461 2070,3461 2118,3461 2165,3460 2213,3460 2260,3459 2308,3458 2355,3457 2403,3456 2450,3455 2498,3455 2545,3454 2593,3453 2640,3453 2688,3452 2735,3452 2783,3452"/>
                <TextEquiv>
                    <Unicode>Bereit sein ist viel, warten können ist mehr,</Unicode>
                </TextEquiv>
            </TextLine>
            <TextLine id="r2l65" custom="readingOrder {index:64;}">
                <Coords points="1756,3502 2805,3503 2758,3455 1756,3461"/>
                <Baseline points="1763,3499 1814,3500 1866,3501 1918,3502 1970,3502 2021,3501 2073,3501 2125,3499 2177,3499 2228,3498 2280,3496 2332,3495 2384,3494 2435,3493 2487,3493 2539,3492 2591,3492 2642,3493 2694,3493 2746,3495 2798,3497"/>
                <TextEquiv>
                    <Unicode>doch erst: den rechten Augenblick nützen — ist alles.</Unicode>
                </TextEquiv>
            </TextLine>
            <TextLine id="r2l66" custom="readingOrder {index:65;}">
                <Coords points="1830,3597 2797,3588 2693,3524 2559,3566 2326,3538 1830,3552"/>
                <Baseline points="1837,3591 1884,3591 1932,3592 1979,3592 2027,3592 2075,3592 2122,3592 2170,3592 2218,3592 2265,3592 2313,3592 2361,3592 2408,3591 2456,3591 2504,3590 2551,3590 2599,3589 2647,3588 2694,3588 2742,3587 2790,3586"/>
                <TextEquiv>
                    <Unicode>Dein unversöhnlicher Todfeind, das ist wahrschein¬</Unicode>
                </TextEquiv>
            </TextLine>
            <TextLine id="r2l67" custom="readingOrder {index:66;}">
                <Coords points="1769,3641 2775,3641 2801,3589 1769,3595"/>
                <Baseline points="1776,3632 1829,3632 1883,3633 1936,3633 1990,3634 2044,3634 2097,3634 2151,3634 2205,3634 2258,3634 2312,3633 2365,3633 2419,3633 2473,3632 2526,3631 2580,3631 2634,3630 2687,3629 2741,3628 2795,3627"/>
                <TextEquiv>
                    <Unicode>lich der einzige Mensch, mit dem du dein Lebenlang</Unicode>
                </TextEquiv>
            </TextLine>
            <TextLine id="r2l68" custom="readingOrder {index:67;}">
                <Coords points="1763,3683 2801,3665 2692,3629 1763,3639"/>
                <Baseline points="1770,3671 1821,3671 1872,3670 1923,3670 1974,3670 2026,3670 2077,3670 2128,3671 2179,3671 2230,3671 2282,3672 2333,3672 2384,3672 2435,3672 2486,3672 2538,3671 2589,3670 2640,3669 2691,3668 2742,3666 2794,3664"/>
                <TextEquiv>
                    <Unicode>in einem ganz reinen Verhältnis zu stehen vermöchtest,</Unicode>
                </TextEquiv>
            </TextLine>
            <TextLine id="r2l69" custom="readingOrder {index:68;}">
                <Coords points="1778,3716 2737,3730 2814,3690 1777,3681"/>
                <Baseline points="1784,3710 1835,3711 1886,3711 1937,3711 1988,3711 2039,3711 2090,3711 2142,3710 2193,3710 2244,3710 2295,3709 2346,3709 2397,3708 2448,3708 2500,3707 2551,3707 2602,3707 2653,3707 2704,3707 2755,3707 2807,3707"/>
                <TextEquiv>
                    <Unicode>vorausgesetzt, daß ihr einander niemals persönlich</Unicode>
                </TextEquiv>
            </TextLine>
            <TextLine id="r2l70" custom="readingOrder {index:69;}">
                <Coords points="1778,3759 1825,3758 1852,3776 1892,3766 1917,3774 1947,3756 1990,3771 2018,3756 2044,3764 2045,3737 2008,3733 1990,3716 1778,3717"/>
                <Baseline points="1784,3745 1809,3746 1834,3746 1860,3746 1885,3746 1911,3746 1936,3746 1961,3746 1987,3748 2012,3749 2038,3751"/>
                <TextEquiv>
                    <Unicode>kennenlernt.</Unicode>
                </TextEquiv>
            </TextLine>
            <TextLine id="r2l71" custom="readingOrder {index:70;}">
                <Coords points="1827,3810 1966,3836 2804,3819 2804,3791 2649,3767 1827,3791"/>
                <Baseline points="1834,3824 1882,3825 1930,3826 1978,3826 2026,3826 2075,3826 2123,3826 2171,3826 2219,3825 2267,3825 2316,3824 2364,3823 2412,3823 2460,3822 2508,3821 2557,3821 2605,3820 2653,3820 2701,3820 2749,3820 2798,3821"/>
                <TextEquiv>
                    <Unicode>Auch das Chaos gruppiert sich um einen festen</Unicode>
                </TextEquiv>
            </TextLine>
            <TextLine id="r2l72" custom="readingOrder {index:71;}">
                <Coords points="1773,3875 2622,3890 2728,3863 2664,3823 1773,3829"/>
                <Baseline points="1780,3865 1827,3864 1874,3864 1921,3863 1968,3863 2015,3863 2062,3863 2109,3863 2156,3863 2203,3863 2251,3863 2298,3863 2345,3863 2392,3863 2439,3863 2486,3863 2533,3863 2580,3863 2627,3862 2674,3862 2722,3862"/>
                <TextEquiv>
                    <Unicode>Punkt, sonst wäre es nicht einmal als Chaos da.</Unicode>
                </TextEquiv>
            </TextLine>
            <TextLine id="r2l73" custom="readingOrder {index:72;}">
                <Coords points="1835,3958 2655,3979 2756,3968 2809,3920 1835,3921"/>
                <Baseline points="1841,3958 1889,3959 1937,3960 1985,3960 2033,3960 2081,3960 2129,3960 2177,3960 2225,3959 2273,3959 2322,3958 2370,3958 2418,3957 2466,3957 2514,3956 2562,3956 2610,3956 2658,3956 2706,3956 2754,3956 2803,3957"/>
                <TextEquiv>
                    <Unicode>Lebensklugheit bedeutet: alle Dinge möglichst</Unicode>
                </TextEquiv>
            </TextLine>
            <TextLine id="r2l74" custom="readingOrder {index:73;}">
                <Coords points="1772,4016 2017,3996 2177,4018 2303,3998 2361,4020 2547,4005 2547,3967 1772,3973"/>
                <Baseline points="1779,3997 1817,3997 1855,3997 1893,3997 1931,3997 1969,3998 2007,3998 2045,3998 2083,3998 2121,3998 2160,3998 2198,3998 2236,3998 2274,3998 2312,3998 2350,3998 2388,3997 2426,3997 2464,3996 2502,3995 2541,3994"/>
                <TextEquiv>
                    <Unicode>wichtig, aber keines völlig ernst nehmen.</Unicode>
                </TextEquiv>
            </TextLine>
            <TextLine id="r2l75" custom="readingOrder {index:74;}">
                <Coords points="2250,4044 2266,4045 2274,4052 2282,4052 2296,4041 2302,4045 2308,4038 2316,4037 2316,4012 2303,4010 2295,4003 2265,4016 2260,4012 2250,4014"/>
                <Baseline points="2257,4038 2283,4036 2309,4038"/>
                <TextEquiv>
                    <Unicode>*</Unicode>
                </TextEquiv>
            </TextLine>
            <TextLine id="r2l76" custom="readingOrder {index:75;}">
                <Coords points="1844,4111 2712,4089 2786,4121 2846,4087 2788,4046 2683,4073 1844,4057"/>
                <Baseline points="1850,4093 1899,4093 1949,4093 1998,4093 2048,4093 2097,4093 2147,4092 2196,4092 2246,4092 2295,4091 2345,4091 2394,4091 2444,4090 2493,4090 2543,4090 2592,4090 2642,4090 2691,4090 2741,4091 2790,4091 2840,4092"/>
                <TextEquiv>
                    <Unicode>Jünger —?! Gott schütze mich vor ihnen; — das</Unicode>
                </TextEquiv>
            </TextLine>
            <TextLine id="r2l77" custom="readingOrder {index:76;}">
                <Coords points="1771,4144 1822,4129 2242,4155 2274,4137 2425,4138 2425,4110 2350,4089 1944,4110 1771,4094"/>
                <Baseline points="1777,4125 1809,4126 1841,4126 1873,4127 1905,4127 1937,4128 1969,4128 2001,4129 2033,4129 2065,4129 2098,4129 2130,4129 2162,4129 2194,4129 2226,4129 2258,4129 2290,4129 2322,4129 2354,4129 2386,4129 2419,4130"/>
                <TextEquiv>
                    <Unicode>ßind mir die Freunde noch lieber.</Unicode>
                </TextEquiv>
            </TextLine>
            <TextLine id="r2l78" custom="readingOrder {index:77;}">
                <Coords points="2644,4152 2917,4140 2934,4152 3032,4150 3032,4121 2995,4101 2946,4125 2922,4106 2882,4115 2861,4104 2779,4128 2717,4112 2643,4118"/>
                <Baseline points="2650,4152 2675,4150 2700,4148 2725,4147 2750,4146 2775,4145 2800,4145 2825,4145 2850,4145 2875,4145 2900,4146 2925,4146 2950,4147 2975,4147 3000,4147 3026,4147"/>
                <TextEquiv>
                    <Unicode>r</Unicode>
                </TextEquiv>
            </TextLine>
            <TextEquiv>
                <Unicode>Büro für Zeitungsausschnitte
Telsion: Norden 3051
BERLIN N4
Ausschnitt aus:
Dresdner Neueste Nachrichten
5 Juni
Bemerkungen
(Aus dem noch unveröffentlichten Buch der „Sprüche
und Bedenken“)
Von Arthur Schnitzler
(Nachdruck verboten)
Wenn zwei Menschen einander bis ins Tiefste ver¬
so ist das gerade so, wie wenn zwei
stehen wollen,
gegenübergestellte Spiegel sich ihre eigenen Bilder
immer wieder und von immer weiter her wie in ver¬
zweifelter Neugier entgegenwerfen, bis sie sich endlich
im Grauen einer hoffnungslosen Ferne verlieren.
Zu bereuen glaubst du? Ach, du hast dir nur an
die Brust geschlagen.
Um eine Unrichtigkeit als Lüge schmähen zu
dürfen, müssen wir sie erst des bösen Willens über¬
weisen. Und ehe wir uns vor einer Richtigkeit beugen
wie vor einer Wahrheit, muß uns der Glorienschein
des Mutes von ihrer Stirne entgegenstrahlen.
Kommt eine Wahrheit, die du einmal aus er¬
füllter Seele sprachst, von andern Lippen, gleichsam
als geflügeltes Wort zu dir zurück, so wirst du manch¬
mal versucht sein, sie zu empfangen wie der Vater den
verlorenen Sohn, der einst mit Reichtümern in die
Welt entfloh und, endlich heimgekehrt, als Bettler an
deine Türe klopft.
Auch das ist Lüge, und ist die kläglichste von
allen: sich anstellen, als wenn man einem Lügner seine
Lüge glaubte.
Manche Menschen glauben, daß sie sich weit ent¬
wickelt haben, und von allen ihren Eigenschaften ist
es nur ihre Eitelkeit, auf die ihre Einbildung zutrifft.
Du klagst, daß du ihm nichts Uebles getan hast
und daß er dennoch auf Rache sinnt? Kein Anlaß zur
Verwunderung. Was er dir nachträgt, ist nicht deine
Schuld, sondern sein schlechtes Gewissen.
In einer kranken Beziehung haben wir, wie in
einem kranken Organismus, auch das scheinbar Nich¬
tigste als Symptom der Krankheit zu deuten.
Wenn du dich zur Versöhnlichkeit geneigt fühlst,
so frage dich vor allem, was dich eigentlich so milde
stimmt: schlechtes Gedächtnis, Bequemlichkeit oder
Feigheit.
Warum bildet sich der letzte Tropfen so viel darauf
ein, daß er den Becher überfließen machte? Der erste
schon war nicht minder schuldig; — aber der törichte
Becher hat es damals noch nicht geahnt.
Daß man zuweilen mehr, zuweilen weniger
tun muß als seine Pflicht und eben durch dieses Mehr
oder Weniger sie erst zu erfüllen vermag: das ist das
Problem, dem wir in jeder schweren Lebenslage immer
wieder gegenüberstehen.
Ein großes Herz vermag reicher zu beschenken
als die leichteste Hand. Aber wo sind die Bedürftigen,
die solche Gaben dankbar empfangen? Sie wollen es
dann kaum jemals wahr haben, daß sie einmal arm
gewesen sind.
Bereit sein ist viel, warten können ist mehr,
doch erst: den rechten Augenblick nützen — ist alles.
Dein unversöhnlicher Todfeind, das ist wahrschein¬
lich der einzige Mensch, mit dem du dein Lebenlang
in einem ganz reinen Verhältnis zu stehen vermöchtest,
vorausgesetzt, daß ihr einander niemals persönlich
kennenlernt.
Auch das Chaos gruppiert sich um einen festen
Punkt, sonst wäre es nicht einmal als Chaos da.
Lebensklugheit bedeutet: alle Dinge möglichst
wichtig, aber keines völlig ernst nehmen.
*
Jünger —?! Gott schütze mich vor ihnen; — das
ßind mir die Freunde noch lieber.
r</Unicode>
            </TextEquiv>
        </TextRegion>
    </Page>
</PcGts>
