3392 4224
1981 209 2439 310 box 35/3
146 223 1839 334 3. Buch der Sprneche und Bedenken
1697 1017 2910 1138 Ste (D1, lgkartan über Knie ver Stüc; unde
1033 1033 1166 1125 Baue
308 1085 534 1168 harzer.
1709 1107 2167 1173 wirft #e in die Ecke)
652 1067 1670 1186 Möcht gern wissen, wie d# ## haßt:
157 1129 543 1235 nimmer bei uns in
1706 1118 2896 1247 (Gem##e der Zuschauer, die vom Wirt bedeutet werden,
538 1131 1719 1277 (Reicht den Stab dem Mohrenkönig Balthasar. Dieser ebenso
2051 1194 2550 1269 sich ruhig zu verhalten)
666 1219 1566 1283 wie die anderen, nur mit rauherer Stimme):
148 1220 510 1309 it übel nehmen!
543 1296 2887 1404 tasie haben. Sonst könnten sie sich vortrefflich miteinander das Bedürfnis, dir zu helfen, sondern die Befriedigung
1717 1341 2892 1411 darüber, daß er für seinen Teil das Unglüch längst kommen
556 1348 1720 1438 verstehen und würden vielleicht manchmal merken, daß sie
1718 1394 2884 1483 sah, und die Ueberzeugung, daß du selber daran schuld bist.
547 1403 1715 1509 derselben Ansicht sind und nur in verschiedenen Sprachen
554 1482 706 1560 reden.
156 1477 544 1569 er Sprüche und
1802 1499 2901 1572 Ein Gemisch von Aufrichtigkeit und Lüge wird immer
1719 1552 2891 1617 nur Lüge, von Stärke und Schwäche immer nur Schwäche,
626 1539 1689 1639 Wie oft — bei uns noch öfter als bei anderen —
1726 1601 2896 1677 von Güte und Bosheit immer nur Bosheit ergeben. Denn
557 1606 1712 1700 halten wir für Stärke des Charakters, was am Ende doch
1722 1642 2903 1720 nur das negative Vorzeichen ist entscheidend, und der Unter¬
162 1646 556 1740 Vortrefflichste zu¬
552 1667 1487 1747 nichts anderes war als Schwäche des Gefühls.
1727 1699 2901 1759 schied zwischen Algebra und Psychologie besteht nur darin,
163 1712 552 1784 enttäuschen, solange
1727 1743 2903 1817 daß im letzteren Falle zwei negative Vorzeichen niemals ein
156 1739 565 1834 ig gegenüberstehen,
634 1753 1723 1852 Eine sogenannte Halbwahrheit, sie mag sich aufspielen
1730 1798 2272 1879 positives Resultat ergeben.
182 1814 553 1879 einen Widerstand
570 1816 1716 1892 wie sie will, wird niemals eine ganze Wahrheit werden. Ja,
147 1861 555 1928 der eine Gefahr zu
560 1851 1736 1949 wenn wir ihr nur scharf genug ins Auge sehen, so ist sie
162 1905 559 1975 em gegen jeden auf¬
1812 1891 2895 1973 Menschliche Beziehungen, die auf großem Fuße ein¬
562 1921 1216 2004 immer eine ganze Lüge gewesen.
159 1939 559 2016 ddurch den Lauf der
1739 1943 2905 2037 gerichtet waren, lassen sich nur unter schmerzlichen und be¬
168 1990 569 2061 e zu stellen — nicht
1727 1987 2902 2074 schämenden Opfern in kleinem Stile weiterführen, und klüger
646 1995 1723 2088 Ich glaube dir deine Weisheit nur, wenn sie dir aus
162 2041 565 2111 Unzulänglichkeit, die
1726 2043 2901 2118 ist der Entschluß, einen gemeinsamen seelischen Haushalt ein¬
563 2064 1719 2167 dem Herzen, deine Güte nur, wenn sie dir aus dem Ver¬
170 2081 567 2172 emerkt hätten, die
1742 2093 2906 2187 fach aufzulösen als der Versuch, ihn mühselig zu beschränken.
581 2134 890 2209 stande kommt.
1893 2178 2906 2282 e sogenannten impulsiven Menschen sind meistens
659 2201 1733 2297 Du sprichst von deiner Mission? Das klingt etwas
157 2233 569 2323 chätziges über einen
1723 2246 2902 2335 nicht Verschwender, sondern nur Ungeduldige ihres Gefühls
568 2258 1735 2341 pathetisch. Oder sollte es nicht am Ende nur der Vorwand
178 2303 563 2366 e übelsten Vertreter
575 2330 1733 2402 sein, unter dem du dich deiner Pflicht zu entziehen
180 2350 563 2421 zu lassen, dich als
579 2361 1730 2444 gedenkst? Denn dies ist der ernstere, schwerere und verant¬
1815 2350 2907 2443 Unsere Fragen an die Gottheit sind es, die uns reicher
194 2397 566 2474 versuchen, die zu
584 2414 1732 2480 wortungsvollere Begriff; und was du deine Mission nennst,
1727 2419 2920 2517 machen, nicht die spärlichen Antworten, die uns zuteil
578 2458 1728 2526 das muß notwendig in deiner Pflicht enthalten sein; — ober
1738 2460 2901 2555 werden; die Sehnsucht ist es, die unsere Seele nährt und
577 2502 1469 2586 du bist deiner Mission niemals wert gewesen.
1743 2504 2909 2588 nicht die Erfüllung; und der Sinn unseres Lebens ist der
182 2540 578 2621 an Geist und Herz,
1736 2553 2842 2631 Weg und nicht das Ziel. Denn jede Antwort ist trügeril
174 2596 576 2683 nicht daran denken,
1739 2603 2905 2694 jede Erfüllung zerfließt uns unter den Händen, und das Ziel
655 2601 1730 2679 Daß du ihn völlig durchschautest, das hat dir noch keiner
1747 2671 2560 2746 ist keines mehr, sobald es erreicht wurde.
583 2664 1648 2758 verziehen, er mag noch so gut dabei weggekommen sein.
166 2733 570 2821 ber sich selber sind!
666 2766 1752 2838 Wenn einer sagt, daß er die Menschen liebe, so spricht
1825 2760 2920 2848 Mit dem Ohr der Menschheit ist es so beschaffen, daß
170 2803 576 2869 hält sich darum für
578 2812 1747 2905 er das kaum jemals ohne Rührung über seine Herzensgüte
1742 2807 2919 2897 es den Schall zu verschlafen und erst vom Echo zu erwachen
172 2848 572 2933 bfäden und hält sich
589 2865 1750 2929 aus; behauptet ein anderer, er verachte sie, so erklärt er
1741 2880 1904 2964 pflegt.
582 2897 1751 2973 das selten ohne Stolz auf seine Weisheit. Wie immer einer
596 2942 1754 3026 sich zu den Menschen stelle, es werden manchmal die
1828 2958 2934 3048 So hob sich der Glaube emporzuschwingen vermeint,
581 2986 1748 3072 Menschen 2 aber die eigene Eitelheit wird wemals dabei zu
166 3006 581 3080 chkeit der Ansichten,
2423 3016 2930 3086 und hier gibt es kein
1756 3036 2399 3108 an der Unendlichkeit gemessen -
586 3055 894 3134 burz kommen.
186 3060 577 3142 tder Temperamente.
1750 3045 2954 3148 anderes Maß — ist er gerade so weit von Gott entfernt als
661 3138 2039 3209 Wenn dir ein Unglück widerfährt, so wird die erste der Zweifel.
165 3147 585 3227 ktionalisten so wenig
2218 3156 2465 3263 # 2 5
175 3194 1714 3289 he gar keine Phan=1 Regung deines Freundes nicht etwa Mitgefühl sein oder an
1479 3309 1967 3544 + 62
1197 3348 1511 3563 D
2107 3438 2205 3572 7
