3392 4224
1214 258 1295 317 UII
158 251 1848 332 3. Buch der Sprusche und Bedenken
162 1220 706 1307 Max Goldschmidt
182 1294 679 1378 für Zeitungsausschnitte
405 1359 859 1440 Teleion: Norden 3051
206 1468 537 1547 Ausschnift aus:
194 1524 836 1615 Neueste Nachrichten
461 1727 659 1811 (627
273 1735 550 1814 17 Kpril
676 1753 727 1839 10
1046 1809 2033 1883 Was wir für gewöhnlich Lüge zu nennen pflegen,
975 1860 2035 1920 ist meist nur ihre mildeste und harmloseste Form. Die
198 1869 692 1966 Bemerkungen
980 1897 2023 1963 echte, die wahrhaftige Lüge, wenn man so sagen darf,
994 1939 2023 2006 hört auf ganz andre, viel vornehmere Namen, und
177 1934 734 2027 Von Arthur Schnitzler
984 1975 2025 2057 sie fühlte sich kaum getroffen, wenn man sie einfach
176 1993 964 2074 noch unveröffentlichten „Buch
993 2030 2033 2088 als Lüge bezeichnete. So wie manche Gauner und
166 2058 823 2126 [Sprüche und Bedenken“)
996 2054 2041 2130 Mordgesellen der Politik kaum den Kopf wendeten,
997 2097 2037 2163 wenn sich jemand einfallen ließe, sie so anzurufen, wie
182 2094 969 2163 erhabensten Gefühle, wenn sie sich's an
993 2120 2051 2205 sie es verdienten, da sie ja vielmehr Anspruch zu er¬
175 2148 974 2214 kügen lassen, zersetzen sich allmählich und
996 2171 2047 2241 heben pflegen, in die Weltgeschichte ais Staatsmänner
172 2178 971 2253 sun in immer weiterem Umkreis Ver¬
993 2223 1624 2301 oder Helden Einzug zu halten.
533 2216 970 2284 Merkt ihr nicht, wie
206 2234 535 2296 ) zu verbreiten.
181 2261 863 2340 ie Welt von Menschenliebe duftet?
1067 2282 2043 2373 Wenn ihr den Gott lobpreist, ohne dessen Willen
993 2338 2051 2406 kein Sperling vom Dache fällt, warum prügelt ihr
185 2332 982 2428 e verräterischer Feigheit ist doch manch¬
1004 2398 1767 2478 den Knaben, der ihn herunterschießt?
176 2392 979 2462 ache! Sie hat das Wort Verzweiflung
183 2435 992 2495 aus dem Zweifel kommt —; eine Steige¬
179 2469 994 2539 sdrucks, die fast wie ein Urteil, eine Ver¬
1075 2467 2061 2538 Der Geschmack einer Speise, eines Dinges, eines
176 2508 982 2577 ine Strafe wirkt, aber sie hat sich gehütet,
1016 2505 2061 2587 Menschen kann täuschen, denn er trägt zu viele Mög¬
168 2551 994 2624 Port Glaube das Wort Verglaubung zu
1006 2553 2062 2627 lichkeiten des Irrtums in sich. Er kann verfälscht
180 2587 988 2669 in allzu fataler Weise an das Wort Ver¬
1010 2590 2059 2668 werden durch unsern Appetit, unsre Neugier, unsre
1018 2627 2066 2708 Sehnsucht durch das Moment der Ueberraschung so
185 2653 334 2716 innert.
1023 2656 2071 2748 gut wie durch das der Gewöhnung. Im Nachgeschmack
1018 2696 2069 2780 erst ist der wirkliche Geschmack zwar verdünnt, aber
183 2689 999 2784 u dich in Gefahr glaubst, an einem Men¬
1020 2747 2071 2831 auch gereinigt enthalten; am Nachgeschmack erst er¬
185 2748 994 2823 nde zu gehen, so rechne es ihm nicht gleich
1139 2774 2069 2868 sich die Idee des Menschen, des Dinges, der
181 2795 997 2866 an, sondern frage dich vorerst, wie lange
1035 2853 1681 2918 Speise, die wir genossen haben.
185 2830 929 2924 ich solch einem Menschen gesucht hast.
1098 2887 2075 2977 Wenige Menschen versäumen es, für das Schuld¬
179 2908 1004 2993 mt nicht selten vor, daß Theaterstücke vor
1030 2957 2070 3024 gefühl, das ihnen nach einer Büberei zurückblieb, an
183 2960 1009 3036 kum mangelhaft gespielt werden, nicht weil
1025 2994 2074 3059 ihrem Opfer durch eine neue sich zu rächen; für die
182 3001 1012 3076 pudern weil zuviel Proben stattgefunden
1034 3028 2079 3107 zweite durch eine dritte und so fort. Denke nur, wie¬
212 3040 1003 3108 gibt es auch eine Art von überspielten
1036 3066 2076 3134 viel Groll in einem Menschen sich ansammeln müßte,
192 3074 1013 3147 unern, die darum, weil sie gar zuviel Er¬
1032 3105 2089 3178 der dich haßt und noch nicht einmal zu der ersten
186 3118 1017 3201 sammelten, endlich immer die Genarrten
1042 3157 1573 3232 Büberei Gelegenheit fand.
1114 3211 2077 3285 Die Anteilnahme der Nebenmenschen an unserm
178 3223 1017 3316 hatte es leichter auf der Welt als Napo¬
1042 3255 2074 3335 Schicksal ist Schadenfreude. Zudringlichkeit und Besser¬
186 3284 1011 3362 hin Cäsar war Cäsar und Napoleon spielte
1033 3308 1707 3387 wisserei in wechselndem Gemisch.
324 3321 1019 3405 freilich hätte ihn niemand spielen
185 3351 285 3398 teon
199 3380 446 3452 gerade er.
1122 3367 2089 3440 Dilettant sein, das heißt: seiner eigenen Einfälle
1042 3423 1721 3507 nicht wert, aber auf sie stolz sein.
193 3434 1017 3517 bt Leute, die alle möglichen Tugenden in
193 3488 1023 3557 igen, nur mit der Einschränkung, daß sie
1123 3468 2087 3556 Das muß schon eine sehr hohe Art von Mensch
186 3514 1038 3592 Tugenden auf fremde Kosten üben. Sie
1043 3531 2086 3592 sein, dem die Sehnsucht nach Freiheit etwas andres
189 3561 1033 3636 hwenderisch aus den Taschen andrer, und
1042 3576 2102 3635 bedeutete, als die Begier nach Verantwortungs¬
201 3587 1040 3688 dem Geiste andrer, und mutig auf andrer
1047 3633 1250 3697 losigkeit.
1977 231 2437 331 box 35/3
2126 1777 3100 1858 Es gibt allerlei Flucht aus Verantwortung: Es
2054 1832 3100 1903 gibt eine Flucht in den Tod, eine Flucht in die Krank¬
2052 1868 3093 1945 heit und endlich eine Flucht in die Dummheit. Die
2051 1918 3086 1975 letzte ist die gefahrloseste und bequemste, denn auch
2043 1947 3120 2023 für kluge Leute pflegt der Weg nicht so weir zu sein,
2045 1996 2796 2074 als sie sich gerne einbilden möchten.
3133 1729 3202 1813 0
