3344 4224
1950 240 2433 335 box 35/3
119 250 1845 357 3. Buch der Sprusche und Bedenken
990 1397 1117 1450 M
198 1424 336 1470 R S0
1592 1395 2951 1468 andre Natio Selostverrat irzelt. Da Wort stehr imhmr## er¬
839 1413 1502 1491 leicht zum Spiel der ##te wird.
127 1432 759 1523 Konvention und ### vergesi
142 1497 2994 1564 nvention eine stillschweigende Ver= ist so sehr ihrer Sx S#e hörig wie S, deutsche. Die“ wartung eines Sinnes, ei ist ein geborener Knecht,
1569 1515 1682 1592 u gn
1977 1570 2851 1638 Es gibt allerlei Flucht aus Verantwortung:
913 1585 1906 1659 Was wir für gewöhnlich Lügs zu nennen pflegen,
1918 1606 2992 1685 gibt eine Flucht in den Tod, eine Flucht in die Krank¬.
850 1640 1907 1703 ist meist nur ihre mildeste und harmloseste Form. Die
135 1611 583 1725 emerkungen
1913 1651 2991 1723 heit und endlich eine Flucht in die Dummheit. Die #
843 1675 1910 1738 echte, die wahrhaftige Lüge, wenn man so sagen darf,
1913 1693 2981 1759 letzte ist die gefahrloseste und bequemste, denn auch ##
138 1710 604 1790 Arthur Schnitzler
842 1717 1909 1783 hört auf ganz andre, viel vornehmere Namen, und
1911 1735 2958 1800 für kluge Leute pflegt der Weg nicht so weit zu sein,
836 1749 1910 1829 sie fühlte sich kaum getroffen wenn man sie einfach
148 1758 846 1837 unveröfsentlichten „Buch
1912 1786 2669 1853 als sie sich gerne einbilden möchten.
853 1782 1913 1858 als Lüge bezeichnete. So wie manche Gauner und
136 1817 690 1887 üche und Bedenken“)
848 1830 1911 1898 Mordgesellen der Politik kaum den Kopf wendeten,
127 1852 839 1929 ensten Gefühle, wenn sie sich's an
846 1879 1916 1940 wenn sich jemand einfallen ließe, sie so anzurusen, wie
141 1911 849 1972 lassen, zersetzen sich allmählich und
852 1908 1919 1976 sie es verdienten, da sie ja vielmehr Anspruch zu er¬
2189 1877 2707 1996 Kunterbunt
848 1944 1919 2021 heben pflegen, in die Weltgeschichte als Staatsmänner
160 1952 841 2013 immer weiterem Umkreis Ver¬
2011 1977 2867 2064 Von unserm Korrespondenten
151 1983 842 2046 verbreiten. Merkt ihr nicht, wie
852 1994 1493 2073 oder Helden Einzug zu halten.
150 2043 745 2112 lt von Menschenliebe duftet?
2485 2020 2958 2106 Berlin, Mitte April
923 2067 1920 2147 Wenn ihr den Gott lobpreist, ohne dessen Willen
1984 2080 2985 2147 In der Viktoriastraße steht der prachtvollen
141 2105 843 2207 äterischer Feigheit ist doch manch¬
856 2120 1920 2184 kein Sperling vom Dache fällt, warum prügelt ihr
1912 2132 2979 2204 Palast, den Emil Rathenau kurz vor dem
165 2162 855 2228 Sie hat das Wort Verzweiflung
862 2167 1636 2239 den Knaben, der ihn herunterschießt?
1917 2171 2963 2238 Kriege sich von Seidl bauen ließ, eine ruhige, vor¬
151 2201 850 2264 dem Zweisel kommt —; eine Stelge¬
1930 2214 2966 2277 nehme Architektur, große Säle und kleinere Zimmer
157 2234 851 2305 ks, die fast wie ein Urteil, eine Ver¬
1922 2255 2968 2314 ein wunderhübscher Gartenausblick, ein elegauter
923 2246 1923 2320 Der Geschmack einer Speise, eines Dinges, eines
156 2281 867 2346 krafe wirkt, aber sie hat sich gehütet,
1933 2288 2958 2350 fürstlicher Grundriß. Aus dem Hause ist jetzt eine
872 2296 1929 2371 Menschen kann täuschen, denn er trägt zu viele Mög¬
148 2310 863 2384 Plauve das Wort Verglaubung zu
1924 2328 2956 2388 der größten Merkwürdigkeiten Berlins geworden, 14
862 2338 1929 2401 lichkeiten des Irrtums in sich. Er kann verfälscht
145 2352 865 2440 u fataler Weise an das Wort Ver¬
1927 2369 2870 2431 ein Unternehmen das kaum seinesgleichen in
870 2377 1926 2438 werden durch unsern Appetit, unsre Neugier, unsre
1934 2392 2965 2464 Welt hat. Die bekannte Frankfurter Antiquitätent
873 2422 1929 2479 Sehnsucht durch das Moment der Ueberraschung so
1926 2447 2943 2507 firma J. u. S. Goldschmidt u. Co., die längst m
862 2449 1932 2517 gut wie durch das der Gewöhnung. Im Nachgeschmack
1930 2490 2933 2548 andern Kunsthändlern und Antiquaren den Zuzu
152 2461 864 2552 in Gefahr glaubst, an einem Men¬
869 2491 1929 2566 erst ist der wirkliche Geschmack zwar verdünnt, aber
1937 2526 2899 2580 nach Verlin für richtig gehalten hat, kauste das
151 2522 859 2581 gehen, so rechne es ihm nicht gleich
859 2521 1930 2597 auch gereinigt enthalten; am Nachgeschmack erst er¬
1936 2541 3028 2625 bäude und richtete es alsein Milleu für Anty
158 2557 859 2633 ndern frage dich vorerst, wie lange
872 2562 1928 2639 weist sich die Idee des Menschen, des Dinges, der
1925 2597 2908 2665 quttäten ein, so daß die Sachen nicht bloß an
159 2601 773 2682 h einem Menschen gesucht hast.
879 2626 1555 2686 Speise, die wir genossen haben.
1943 2648 2890 2696 sondern in Beziehung zum Raume eine überzeuge
1940 2678 2814 2735 Wirkung erreichen. Mit auserlesenem Geschn
936 2691 1936 2753 Wenige Menschen versäumen es, für das Schuld¬
148 2678 863 2764 cht selten vor, daß Theaterstücke vor
1936 2720 2788 2781 Kostbarkeiten in weiter Disposition und h
149 2722 875 2802 angelhaft gespielt werden, nicht well
880 2731 1929 2803 gefühl, das ihnen nach einer Büberei zurückblieb, an
1933 2758 2786 2815 Abwechslung halb museal, halb wohnlichg
168 2760 866 2846 weil zuviel Proben stattgefunden
881 2769 1938 2839 ihrem Opfer durch eine neue sich zu rächen; für die
1930 2791 2786 2856 und den Besucher überkommt ein behagliche
878 2802 1928 2883 zweite durch eine dritte und so fort. Denke nur, wie¬
168 2802 870 2879 es auch eine Art von überspielten
1937 2827 2782 2888 eine Kulturgemeinschaft, ein intimes Verha
883 2841 1929 2916 viel Groll in einem Menschen sich ansammeln müßte,
151 2853 874 2918 die darum, weil sie gar zuviel Er¬
1943 2880 2792 2932 seine Früchte tragen wird. Was sieht man
888 2873 1927 2952 der dich haßt und noch nicht einmal zu der ersten
166 2884 881 2968 elten, endlich immer die Genarrten
1944 2894 2874 2972 für Seltenheiten. Eine große astronomische Uhr
893 2931 1428 3002 Büberei Gelegenheit fand.
1941 2947 2899 3008 Robin aus der Zelt Ludwigs XVI., sechs Brüs
1951 2989 2880 3055 Gobelins mit den Jagden Ludwigs XV ein ge
946 2986 1932 3056 Die Anteilnahme der Nebenmenschen an unserm
148 2996 881 3077 es leichter auf der Welt als Napo¬
1941 3014 2888 3094 Ameublement aus der Aubussonfabrik, dazy
886 3031 1947 3109 Schicksal ist Schadenfreude. Zudringlichkeit und Besser¬
162 3052 874 3127 sar war Cäsar und Napoleon spielte
1949 3070 2878 3133 Riesenteppich aus dem Besitz des Zaren ein)
886 3084 1566 3162 wisserei in wechselndem Gemisch.
179 3093 887 3177 freilich hätte ihn niemand spielen
1944 3103 2863 3168 französisches Chorgestühl mit zehn Sitzen die)
1950 3147 2837 3205 vollsten italienischen Möbel, Bronzen und Me
163 3151 314 3218 de er.
964 3163 1939 3229 Dilettant sein, das heißt: seiner eigenen Einfälle
1949 3189 2819 3244 viele seltene alte Skulpturen, Bilder von Gas
898 3195 1589 3286 nicht wert, aber auf sie stolz sein.
1954 3225 2754 3281 Cranach, Boucher und vielen andern —
150 3210 879 3285 te, die alle möglichen Tugenden in
1944 3243 2793 3318 geordnet, daß man fast die Menschen fühlt
155 3254 888 3327 kur mit der Einschränkung, daß sie
960 3264 1932 3327 Das muß schon eine sehr hohe Art von Mensch
1948 3287 2789 3361 Stücke benutzt haben. Berlin ist um
158 3292 898 3365 den auf fremde Kosten üben. Sie
896 3310 1949 3387 sein, dem die Sehnsucht nach Freiheit etwas andres
1954 3339 2736 3396 würdigkeit ganz besonderer Art reicher a
154 3342 887 3397 risch aus den Taschen andrer, und
897 3342 1954 3419 bedeutete, als die Begier nach Verantwortungs¬
1943 3381 2782 3457 Zeichen der Hoffnung auf seinen wacht
171 3377 894 3458 eiste andrer, und mutig auf andrer
893 3413 1115 3481 losigkeit.
1947 3429 2123 3496 stand.
713 3453 1511 3673 A-
1514 3535 1601 3658 4
