3344 4224
1994 223 2453 332 box 35/3
1419 238 1495 317 B
162 250 1853 351 3. Buch der Sprueche und uudenken
255 1205 1013 1292 Vorschlage un 2.. Pattelr
1539 1232 2470 1312 Es gehört währhaftig eine große Kuhnheit d.
271 1262 1458 1347 schließungsfreiheit bewahren; die Prinzipien, die sich im
1448 1303 2620 1382 so klaren Reden von einer im verflossenen September!
279 1310 1456 1396 Vorschlage des Rates finden, sind in keiner Weise
1454 1330 2626 1424 einstimmig zugunsten Rumäniens getroffenen Ratsent¬
2891 1359 2982 1445 S
270 1358 1454 1448 als endgültig zu betrachten. Die Parteien
2629 1423 3347 1499 gesotten werden. Wenn man auch
1515 1437 2616 1516 Diese Aphorismen zeigen am besten und klarsten, welche
2622 1471 3340 1540 eines wahren Poeten ungerechten 1
272 1469 1463 1552 Idee wie ein leuchtend gewordenes Herz; das Machwerk,
1450 1490 2630 1578 Fülle von philosophischen und poetischen Ideen das neue
2610 1522 3356 1586 kern gegenüber begreifen kann, es
275 1523 1456 1610 und wäre es vom höchsten technischen Range, trägt die Idee
1454 1534 2618 1627 Buch Schnitzlers birgt. Aphorismen sind wie Römerdramen
2627 1570 3356 1631 bracht sein, vom Dichter auch ein
271 1566 1455 1647 vor sich her, wie ein flackerndes Lämpchen, und es ist meist
1446 1598 2626 1680 und Liebesgedichte heutzutage nicht mehr modern, aber
2633 1611 3356 1682 Kritiker gegenüber zu verlangen. S
278 1625 1022 1710 erloschen, lang vor erreichtem Ziel.
1454 1640 2632 1711 die Edelsteine, die uns Schnitzler fein und scharf geschlif¬
2632 1659 3356 1731 Kritiker Menschen. Sie haben ihre
1467 1680 2630 1762 fen in einer Fassung vorlegt, wie sie nur einem Meister
2626 1717 3346 1774 Vorzüge und Schwächen, Stimm
1457 1725 2624 1806 der Goldschmiedkunst der Sprache gelingen, sind nicht an
2626 1766 3344 1832 mungen. Man verlangt von ihnen
394 1752 1466 1844 Stehen keinerlei Momente der Politik, des
1471 1778 2638 1856 Stunde und Tag, nicht an Launen und Moden der Lite¬
2636 1797 3353 1871 an und für sich ein vages, vield
288 1802 1467 1888 Opportunismus, der Sympathien und Antipathien in
1465 1828 2628 1917 ratur gebunden, ebensowenig wie die Aphorismen der
2644 1856 3345 1929 sollte doch bedenken, daß in diesem
285 1844 1480 1949 Frage, kommt es also auf augenblickliche Wirkungen an, so
1541 1871 2630 1953 um nur ein paar Namen zu nennen — Epiktet,
2632 1905 3355 1975 aus der Subjektivität hervorgeht
287 1905 1470 1992 ist auch der Feuilletonist, je nach Befähigung, imstande,
1466 1937 2639 2005 Larochefoucauld, Lichtenberg, Nietzsche. Alles was die
2631 1947 3357 2040 Urteile (und nicht nur diese) zu
289 1955 1469 2035 die objektive Wahrheit auszudrücken; doch tritt ein solcher
1473 1964 2648 2051 Menschheit und die Quintessenz der Menschheit, den
2634 1994 3358 2074 beruhen. Die Phantasie des P#
299 2006 1463 2080 Fall beim Feuilletonisten naturgemäß nur selten ein. Er
1481 2020 2638 2096 Dichter, bewegt und erregt, was er sinnt und fühlt, ist hier
2632 2049 3350 2113 aber unter Brennesseln soll er keine
295 2055 1470 2132 ist so vielfach verknüpft mit Menschen und Dingen, ist in
1468 2073 2640 2143 in knappen Sätzen niedergelegt, von denen mancher eine
2653 2092 3357 2156 auf Kakteen keine Rosen. Ueber
297 2095 1467 2181 ein solches Netz von Beziehungen verstrickt, daß er kaum
1478 2114 2642 2195 Studie, ja ein Buch auswiegt. Daß in den „Sprüchen
2652 2142 3355 2204 bedenken, daß ihm der Kritiker ke
300 2140 1473 2233 jemals in die Lage kommen wird, einen Satz ins Blaue,
1473 2166 2642 2248 und Bedenken“, wie die Zitate zeigen, auch die Feuilleto¬
2648 2186 3346 2253 den zufügen kann, wenn der Dicht
300 2197 1470 2284 vielmehr ins Sachliche hinein zu schreiben... Der
1477 2207 2638 2286 nisten und unter ihnen die Literaturkritiker ganz beson¬
2647 2228 3357 2310 Und Schnitzler ist es. Als Dramat
298 2237 1476 2331 Feuilletonist schreibt naturgemäß leicht. Denn nur Sach¬
1488 2259 2643 2341 ders aufs Korn genommen werden, darf man dem Dichter
2644 2282 3357 2357 auch als Denker und Former tief
303 2288 1479 2362 lichkeit retardiert, nur Sachlichkeit erwartet Einwände,
1485 2308 2641 2384 nicht übelnehmen, wenngleich er dann und wann über das
2644 2338 3316 2413 hoch über den zeitgenössischen
302 2342 1477 2405 sucht sie selbst, zwingt sie aus der eigenen Seele hervor.
1483 2357 2647 2442 Ziel schießt. Was die Feuilletonisten betrifft, gibt es
2640 2378 3352 2445 deutschen Dichtern überhaupt, w#
308 2388 1486 2465 Das persönliche Moment aber ist stets beschleunigenden
1840 2413 2653 2481 wie unter den Schriftstellern und
1479 2432 1783 2500 unter ihnen
1381 2433 1473 2496 ge¬
1312 2436 1390 2487 so
309 2440 1321 2509 Charakters, und der Feuilletonist schreibt um
1480 2425 3341 2523 Dichtern — gute und schlechte. Sie sind — der Name letzten Jahren lärmende Huldigun
310 2473 1480 2549 schwinder, als er immer bewußt oder unbewußt sich auf
1480 2479 3354 2575 deutet es schon an — die Blätter am Baum des Schrift= Nichts berechtigt ihn jedoch, dem
2657 2519 3309 2587 hauers nachzuhängen, der einst
331 2530 1326 2634 der Flucht vor seinem eigenen Gewissen befindet.
1485 2547 2664 2631 tums. Sie können sich nicht anmaßen, Aeste, Zweige oder
2650 2558 3357 2642 sich selbst ist, was ihn in die Ei
1486 2600 2654 2676 gar Früchte zu sein, doch auch die kleinen und die klein¬
2657 2624 3355 2684 was keiner ihm geben oder nehmer
1496 2642 2655 2730 sten Blättchen haben ihren Reiz, die verkrüppelten und
2666 2676 3355 2737 ihn wesentlicher als alles, was er
406 2663 1480 2745 Dem Kritiker ist es leicht gemacht, eine Abnei¬
1488 2691 2666 2770 kranken jedoch verdorren und fallen von selbst ab. Viel¬
2656 2711 3357 2786 er in den Augen anderer sein mag.
315 2718 1474 2795 gung, die er etwa gegen einen Autor, dessen Persönlich¬
1491 2735 2655 2834 leicht könnte man sogar sagen, der gute Feuilletonist sei
2665 2755 3358 2828 wahrlich keine Ursache, gekränkt
316 2763 1491 2850 keit, dessen Werk empfindet, in einer völlig gefahrlosen
1492 2781 2658 2862 ein auf seinem Wege steckengebliebener Poet, dessen
2664 2806 3348 2876 Er gehört, um mit Novalis zu r
309 2812 1488 2906 Weise zum Ausdruck zu bringen, so daß es schon einer
1495 2832 2652 2911 Talent nicht zur Entwicklung gelangen konnte, — und
2654 2857 3354 2929 die uns Welt und Leben klarer un
313 2863 1497 2946 ganz besonderen Charakterstärke und Selbstüberwindung
1490 2884 2651 2961 deshalb sollte man einen Unterschied machen zwischen
2666 2904 3347 2970 die mit den scharfen Geistern des
323 2920 1387 3011 bedarf, um dieser Verführung nicht zu unterliegen.
1503 2933 2659 3018 Feuilletonisten und Feuilletonisten. II y a fagots et
2665 2947 3358 3031 Natur durchdringen und sondern
1498 2970 2662 3056 fagots. Das gleiche kann man wohl auch den Kritikern
2660 3003 3355 3068 einen zartgefärbten Schleier breit
1493 3029 2665 3107 nachsagen. Es gibt wertvolle Schriftsteller unter ihnen —
2663 3043 3344 3118 Spruch des Poeten sei dieses vie
420 3059 1495 3138 Es gibt kaum Einwendungen gegen ein Kunstwerk,
1501 3065 2659 3160 eben jetzt erwarten wir in Budapest einen berühmten deut¬
2664 3089 3356 3173 teue Feuilleton geschlossen, dessen
324 3104 1495 3196 die von einem höheren Standpunkt aus sich nicht recht¬
1509 3128 2662 3213 schen Kritiker, über dessen Wirken wir vor kurzem an dieser
2662 3136 3349 3204 Studie, sondern bloß eine ehrerb
335 3148 1510 3238 fertigen ließen. Doch wenn man die Leute betrachtet, die
1505 3167 2663 3259 Stelle ausführlich schrieben—,freilich auchmanche, vielleicht
2670 3185 3357 3276 neuen Aphorismenbuches darbiete
330 3196 1507 3289 sich auf einen solchen höheren Standpunkt zu stellen
1505 3220 2665 3310 sogar viele, denen eine glitzernde Phrase wichtiger ist als
2671 3235 3353 3304 Spruch: „Mag doch mein Name
331 3241 1507 3344 wagen, möchte man oft kopfschüttelnd fragen: Woher
1505 3275 2669 3352 ein ernstes Werturteil, und die mit Freude einen Dichter
2665 3279 3343 3361 wenn sie nur meine Lieder singen
325 3294 1495 3373 nehmt ihr nur die Courage, so hoch hinaufzuklettern?
1505 3312 2674 3393 umbringen, wenn sie eine witzige Grabschrift für ihn
2665 3334 3355 3409 lers Lieder wird man singen, abe
334 3339 1503 3429 Was habt ihr oben eigentlich zu suchen? Fürchtet ihr
339 3401 2671 3501 nicht, daß euch der leifeste Wind hinunterwehen könnte? bereit haben. Indes dürfen gerechterweise alle Feuilleto¬
1467 3389 3035 3522 nisten und Kritiker nicht in einen-Topf geworfen und nicht verklingen.
2869 3786 3028 3882 ST
