3296 4224
2006 101 2477 209 box 35/3
277 122 1859 227 Buch der Sprneche und Bedenken
1604 694 2717 774 de porirische Wechselwireschaft dee Pürteien wattet,“
1282 735 3088 835 Sunz be- das Prinzip des kair play in den politischen Kämpfen heiten nur 9.
2740 794 3301 871 erneuernde Obstrutvonso
619 802 2760 884 sonueis für Insertoeszwecke das zwar ungeschriebene, aber oberste Gesetz der Ver¬
2746 864 3303 932 ringen, obzwar man aus be
1604 856 2764 924 fassung. Dort besteht das Verhältnis des wechselseitigen
2749 912 3299 959 alle solchen Anstrengungen
1605 906 2762 969 Respekts zwischen Mehrheit und Minderheit, schon weil,
1591 951 3304 1008 was heute Mehrheit ist, morgen zur Minderheit werden weil, selbst wenn sie in we
1584 999 3311 1059 kann, und die Minderheit jeden Augenblick darauf gefaßt aufzuweisen haben, es höc
1580 1035 3300 1105 sein muß, über Nacht zur Macht zu gelangen und dann die gar bald verflüchtigen.
2743 1150 3310 1214 „Buch der Sprüche und B
1593 1153 2750 1222 auf eine boshafte Anrempelung mit einem derben Fuß¬
2746 1207 3303 1264 Wien) der Kritik vieles üb
801 1148 1241 1278 Feuilleton.
1598 1203 2755 1264 tritt. Denn manche Schulden gibt der Poet, er mag sonst
2750 1249 3311 1309 Kritik nicht wenig übel zu
1597 1246 2754 1335 ein säumiger Zahler sein, gern sofort und mit reichen
2761 1290 3311 1354 selbst: „Autoren stellen beka
1602 1282 1912 1371 Zinsen zurück.
529 1308 621 1390 340
710 1310 1338 1406 Dichter und Kritiker.
2751 1342 3301 1402 Menschensorte vor. Wer n
2747 1380 3304 1459 kenne tatsächlich nur eine
1683 1371 2755 1456 Die deutschen Dichter haben seit jeher aus ihrer Ab¬
486 1377 1553 1474 Arthur Schnitzlers „Buch der Sprüche und Bedenken“.
2745 1426 3309 1497 die Kritiker.“ Obwohl Sch
1604 1447 2754 1508 neigung gegen die Kritiker kein Hehl gemacht. Vielleicht
513 1456 1602 1529 Lob ist eine Süßspeise, an der sich noch kein Mensch
2750 1480 3311 1546 Empfindlichkeit des Künst
1603 1496 2749 1560 sind die Deutschen im großen und ganzen kräftiger, drauf¬
419 1519 1604 1594 den Magen verdorben hat. Das Gericht, selbst in den
2744 1522 3304 1581 des Kritikers, möchten wir
1595 1539 2751 1603 gängerischer und derber als andere Völker, aber ihre vor¬
422 1580 1599 1636 größten Portionen aufgetischt, wird verzehrt und ver¬
2748 1572 3304 1639 billigen, dies nicht nur al
1598 1570 2751 1651 nehmsten Repräsentanten scheinen fast immer überaus
428 1617 1598 1681 schlungen, wodurch der fragwürdige Satz: Beim Essen kommt
2761 1629 3311 1690 fordern, daß das Geistesw
1593 1637 2753 1694 weich, empfindsam und wehleidig zu sein. Lessing, selbst
425 1661 1603 1727 der Appetit, endlich eine verläßliche Bestätigung. erfährt.
2753 1669 3300 1747 betrachtet und beachtet we
1596 1683 2756 1743 ein scharfer Kritiker, hat als Dichter seine Rezensenten
424 1711 1599 1773 Mag sein, daß der übermäßige Genuß solcher Schleckereien
2750 1725 3303 1790 scheinen die sogenannten „
1594 1723 2747 1781 mit Sperlingen verglichen, denen nur die Gebäude ge¬
426 1761 1604 1814 manchem zu Kopf steigt, doch wenn man ihm eine kräftige
2762 1772 3304 1823 der Kunst nur zu oft von
1599 1777 2762 1841 fallen, in denen sie nisten und misten können. Schiller
422 1811 1604 1872 Medizin, einige Tropfen Tadel einlöffeln will, spuckt
2753 1811 3310 1870 zu werden. Der Kritiker
1594 1820 2761 1893 lehnt die „Kunstschwätzer“ ab, indem er ihnen zuruft:
415 1854 1600 1921 ler soforr aus. Das ist die ganze Wirkung. Wenn aber
2754 1868 3300 1932 mehr zu sein als der Dichte
1600 1877 2757 1931 „Gutes in Künsten verlangt ihr. Seid ihr denn würdig
429 1900 1603 1975 schon der gewöhnliche Sierbliche, der Dutzendmensch, das
2749 1917 3303 1971 in dem Wahn, wichtiger zu
1604 1919 2754 1972 des Guten?“ Goethe geht sogar so weit, daß er den ge¬
424 1952 1598 2009 Lob liebt und den Tadel verabscheut, darf man dann dar¬
2750 1954 3311 2019 Sänger, Geiger und Klavie
1609 1945 2759 2041 mütlichen Wunsch verifiziert: „Schlagt ihn tot, den Hund!
427 1993 1597 2048 über staunen, daß der Dichter, dieser zartempfindende,
2746 1997 3299 2078 daß sic den Komponisten tr
1595 2017 2758 2087 Er ist ein Rezensent.“ Da sind die Oesterreicher und
427 2044 1601 2104 feinnerpige Mensch, dieser Mensch auf einer höheren, auf
2840 2058 3258 2123 Arthur Schnitzler ha
1595 2045 2766 2135 Ungarn, doch noch harmlosere Menschen. Grillparzer
2631 2095 2750 2154 600
431 2100 1601 2164 der höchsten Stufe, für Lob empfänglicher, gegen Tadel
2743 2102 3239 2170 gehabt. Dennoch ist er
1602 2087 2730 2169 schließt seinen Stachelvers mit der Ueberschrift: „Kritik“
417 2139 1595 2200 lempfindlicher ist? Petöfi singt: „Der Dichter ist der
2751 2152 3276 2213 in seinem Buch die Verse:
1603 2153 2759 2235 in folgender Woise: „Und wenn ein Affe in das Dichtwerk
426 2180 964 2252 Gottheit heil'ger Brief!“
973 2191 1591 2254 (Witzwütige Kritiker könnten
1594 2202 2761 2266 schaut, sieht er nach einem Sokrates vergebens.“ Lenau
2756 2181 3313 2274 es viel zu sehr, Wär's mit
413 2226 1598 2303 ldarauf entgegnen: deshalb ist er oft zum Erbrechen, aber
1599 2249 2763 2314 urteilt milder. Freilich noch immer scharf genug, denn er
2761 2254 3297 2308 mehr.“ Darin finden wir
426 2286 1600 2340 les ist leicht, witzig zu sein, wenn man vor anderen und
1593 2296 2757 2367 singt: „Willst du richten — unser Dichten... Birg doch
2761 2299 3307 2360 Anklage, sondern auch einen
430 2335 1601 2402 ivor sich selbst keinen Respelt hat.) Gewiß ist der Dichter
1598 2345 2755 2408 klüglich — unverzüglich — deinen Ungeschmack — Und ver¬
2748 2346 3312 2415 diejenigen zumal, die ihn
419 2375 1597 2431 lein höheres. Wesen, dem Verehrung und Ehrerbietung ge¬
1595 2393 2748 2450 scharre — das Geschnarre — deinen Dudelsack...“ Unser
2761 2392 3310 2460 besser gewesen, wenn sie
426 2430 1600 2488 jbührt. Er erhellt, er verschönt, er verklärt das Dasein.
1604 2441 2757 2501 Johann Vajda führte einen erbitterten Kampf mit seinen
2764 2435 3306 2510 tiefste Wesen dieses eigenart
423 2481 1594 2530 Unter allen Künsten ist die Poesie die herrlichste und
1599 2487 2751 2546 Rezensenten und nur mit einer einzigen Kritik über seine
2760 2491 3309 2544 durch die Deutung und Er
421 2508 1616 2586 reichste, und Rückerts Verse: „Hauch Gottes, Poesic, oh
1597 2532 2764 2586 Gedichte gab er sich zufrieden; — diese hatte er nämlich
2751 2531 3308 2595 Könnens ihn und sein Wes
422 2571 1610 2638 komm mich anzuhauchen, in deinen Rosenduft die kalte
1594 2580 2755 2642 selbst geschrieben. Jökais Humor setzte sich scheinbar über
2754 2581 3304 2649 bringen. Denn die großen
426 2611 1611 2698 Welt zu tauchen“, darf jeder Denkende und Fühlende
1599 2623 2755 2695 alle harten Urteile des berühmten Paul Gyulai hinweg,
2757 2625 3299 2698 dankt Schnitzler einigen fr
429 2663 1603 2731 nachsprechen, wenngleich sie ein wenig süßlich und ein
1604 2676 2753 2733 und zwar mit den Worten: „Er hat keine Ahnung davon,
2755 2659 3298 2740 reichen Weiken, die er in
431 2715 1608 2787 wenig überschwenglich klingen. Zweifellos überragt die
1594 2715 2765 2803 wie viele Fehler in meinen Romanen er nicht entdeckt
2757 2720 3300 2792 jedoch nicht den Wert und
418 2754 1607 2819 Dichtkunst alle anderen Künste, ist doch ihr Darstellungs¬
1593 2766 1725 2848 hat.“
2760 2765 3313 2845 mißt, die er uns später se
430 2805 1611 2869 mittel ein Hehrstes und Heiligstes: die Sprache. Der
1667 2792 2756 2889 Dieser Rückblick auf das Verhältnis der Dichter zu
2747 2812 3301 2887 Glut, Weisheit und Wert
432 2855 1603 2919 wahre Dichter, als Heger und Pfleger dieses köstlichen
1605 2844 2769 2938 den Kritikern soll nur dartun, daß der berühmte
2751 2867 3304 2942 wenig gewürdigt wurden.
425 2908 1610 2975 Schatzes, erinnert an den Priester, nur ist er, weil an kein
1606 2907 2762 2965 Wiener Poet Arthur Schnitzler bloß ein altes Leid
2749 2907 3309 2976 weite Bogen, der von „Le¬
426 2936 1607 3025 Gelübde gebunden, freier, heftiger, leidenschaftlicher. Er
1595 2956 2762 3023 seiner „Brüder in Apoll“ — um mit diesen blümeranten
2750 2968 3310 3032 zum „Spiel im Morgengre
427 3001 1608 3063 freicht selten noch die linke Wange dar, wenn er einen
1597 3006 3307 3073 Worten der Vergangenheit die oft fragwürdige Kollegiali= dardus“ sich hinzieht, no
420 3042 3311 3118 Schlag auf die rechte erhält, sondern antwortet zumeist tät der Gegenwart zu bekränzen — betont, wenn er in von Jahr zu Jahr, von Al
422 3099 3310 3156 selbst auf einen schwachen Stich mit einem starken Stoß, seinem neuen und wie sofort bemerkt sein soll, herrlichen und dabei Anmut des Die
3164 3169 3303 3255 4
2211 3287 3139 3402 GS
2484 3376 3169 3569 #G#4
