3344 4224
1936 254 2425 342 box 35/3
1558 263 1657 328 n
85 299 1804 368 3. Buch der sprueche und Bedenken
3023 1335 3192 1418 Me
2565 1371 2664 1428 1
1481 1372 1602 1440 n
288 1389 815 1457 Lemd, Sp
2085 1403 3271 1464 andre Nat'“ Selbstverrgt irzelt. Daj Wort stehr i
119 1425 2014 1522 hein= Sie beruhen auf Konvention und## vergessen leicht zum Spiel der ##te wird.“
260 1498 3300 1554 ganz, daß jede Konvention eine stillschweigende Ver= ist so sehr ihrer Sx ##e hörig wie S, deutsche. Di.“ wartung eines Sinnes, el ist ein gehorener
2465 1563 3235 1628 Es gibt allerlei Flucht aus Verantwor
1396 1588 2390 1642 Was wir für gewöhnlich Lüge zu nennen pflegen,
2399 1619 3211 1676 glbt eine Flucht in den Tod, eine Flucht in
1332 1628 2399 1691 ist meist nur ihre mildeste und harmlsseste Form. Die
550 1597 1060 1707 Bemerkungen
2402 1655 3236 1718 heit und enblich eine Flucht in die Dumm
1336 1675 2394 1733 echte, die wahrhaftige Lüge, wenn man so sagen darf,
2393 1687 3204 1755 letzte ist die gefahrloseste und bequemste
505 1686 1091 1775 Von Arthur Schnitzler
1338 1696 2401 1770 hört auf ganz andre, viel vornehmere Namen, und
2399 1730 3199 1800 für kluge Leute pflegt der Weg nicht so
1326 1745 2400 1803 sie fühlte sich kaum getroffen, wenn man sie einfach
264 1745 1331 1835 (Aus dem noch unverösfentlichten „Buch
2406 1770 3146 1851 als sie sich gerne einbilden möchten.
1336 1771 2395 1852 als Lüge bezeichnete. So wie manche Gauner und
402 1802 1191 1873 der Sprüche und Bedenken“)
1336 1815 2403 1886 Mordgesellen der Politik kaum den Kopf wendeten,
329 1852 1336 1914 Auch die erhabensten Gefühle, wenn sie sich's an
1343 1862 2409 1920 wenn sich jemand einfallen ließe, sie so anzurufen, wie
275 1905 1326 1962 sich selbst genügen lassen, zersetzen sich allmählich und
1341 1911 2399 1958 sie es verdienten, da sie ja vielmehr Anspruch zu er¬
115 1902 277 1985 snger
2672 1880 3179 1996 Kunterbunt
1330 1942 2401 2002 heben pflegen, in die Weltgeschichte als Staatsmänner
273 1943 1328 1999 beginnen dann in immer weiterem Umkreis Ver¬
287 1978 1335 2036 wesungsgeruch zu verbreiten. Merkt ihr nicht, wie
1335 1990 1984 2063 oder Helden Einzug zu halten.
2492 1968 3274 2058 Von unserm Korresvondente
302 2008 1233 2097 übel heute die Welt von Menschenliebe duftet?
2967 2028 3268 2108 Berlin, Mitte
1409 2054 2404 2130 Wenn ihr den Gott lobpreist, ohne dessen Willen
2474 2080 3187 2146 In der Viktoriastraße steht der p#
343 2095 1339 2166 Von wie verräterischer Feigheit ist doch manch¬
1344 2123 2406 2185 kein Sperling vom Dache fällt warum prügelt ihr
2401 2133 3231 2188 Palast, den Emil Rathenau für
277 2154 1336 2220 mal die Sprache! Sie hat das Wort Verzweiflung
1346 2141 2134 2224 den Knaben, der ihn herunterschießt?
2406 2181 3247 2231 Kriege sich von Seidl bauen ließ, ein##u
275 2190 1338 2260 gebildet, das aus dem Zweisel kommt — eine Stelge¬
2414 2221 3258 2266 nehme Architektur, große Säle und kleinere
279 2226 1346 2290 rung des Ausdrucks, die fast wie ein Urteil. eine Ver¬
1414 2229 2402 2299 Der Geschmack einer Speise, eines Dinges, eines
2470 2262 3168 2304 nwunderhübscher Gartenausblick,
2399 2255 2469 2313 ei
278 2260 1345 2332 dammung, eine Strafe wirkt, aber sie hat sich gehület,
2412 2288 3080 2347 fürstlicher Grundriß. Aus dem
1351 2284 2407 2344 Menschen kann täuschen, denn er trägt zu viele Mög¬
291 2312 1305 2367 aus dem Wort Glaube das Wort Verglaubung zu
2403 2317 3064 2390 der größten Merkwürdigkeiten B
1346 2327 2401 2387 lichkeiten des Irrtums in sich. Er kann verfälscht
280 2343 1339 2412 bilden, das in allzu fataler Weise an das Wort Ver¬
2418 2358 3041 2437 ein Unternehmen, das kaum
1351 2364 2395 2424 werden durch unsern Appetit, unsre Neugler, unsre
282 2399 696 2465 fklavung erinnert.
2412 2405 3039 2455 Welt hat. Die bekannte Fran
1352 2412 2403 2469 Sehnsucht durch das Moment der Ueberraschung so
2739 2442 3017 2509 Goldschmidt
2407 2450 2685 2504 firma J. u.
1342 2442 2401 2511 gut wie durch das der Gewöhnung. Im Nachgeschmack
357 2449 1341 2530 Wenn du dich in Gefahr glaubst, an einem Men¬
2413 2490 3036 2540 andern Kunsthändlern und An
1348 2486 2403 2541 erst ist der wirkliche Geschmack zwar verdünnt, aber
295 2509 1343 2580 schen zugrunde zu gehen, so rechne es ihm nicht gleich
2409 2526 3044 2574 nach Berlin für richtig gehalten
1350 2519 2401 2580 auch gereinigt enthalten; am Nachgeschmack erst er¬
291 2541 1353 2614 als Schuld an, sondern frage dich vorerst, wie lange
2413 2566 3055 2621 bäude und richtete es alsein W
1361 2558 2409 2634 weist sich die Idee des Menschen, des Dinges, der
302 2584 1256 2672 du schon nach solch einem Menschen gesucht hast.
2410 2605 3168 2655 quitäten ein, so daß die Sachen nich
1363 2612 2038 2676 Speise, die wir genossen haben.
2420 2623 3209 2708 sondern in Beziehung zum Raume eine
2404 2664 3241 2740 Wirkung erreichen. Mit auserlesenem Ge
357 2669 1344 2740 Es kommt nicht selten vor, daß Theaterstücke vor
1424 2666 2412 2744 Wenige Menschen versäumen es, für das Schuld¬
2416 2703 3231 2768 Kostbarkeiten in weiter Disposition und
291 2708 1345 2794 dem Publikum mangelhaft gespielt werden, nicht weil
1352 2731 2422 2790 gefühl, das ihnen nach einer Büberei zurückblieb, an
2417 2744 3224 2808 Abwechslung halb museal, halb wohnlich
296 2758 1359 2830 zuwenig, sondern weil zuviel Proben stattgesunden
1365 2766 2405 2823 ihrem Opfer durch eine neue sich zu rächen; für die
2410 2789 3202 2845 und den Besucher überkommt ein behagl
1360 2807 2414 2869 zweite durch eine dritte und so fort. Denke nur, wie¬
300 2792 1359 2862 haben. So gibt es auch eine Art von überspielten
2411 2837 3143 2891 eine Kulturgemeinschaft, ein intimes
303 2838 1362 2903 Menschenkennern, die darum, weil sie gar zuviel Er¬
1366 2844 2405 2898 viel Groll in einem Menschen sich ansammeln müßte,
3113 2862 3170 2925 ehl
2425 2877 3116 2922 seine Früchte tragen wird. Was si
1368 2866 2412 2946 der dich haßt und noch nicht einmal zu der ersten
304 2864 1366 2946 fahrungen sammelten, endlich immer die Genarrten
2430 2912 3106 2968 für Seltenheiten. Eine große astro
1368 2924 1901 2995 Büberei Gelegenheit fand.
312 2936 506 3001 bleiben.
2430 2953 3102 3001 Robin aus der Zelt Ludwigs XV
2425 2986 3089 3035 Gobelins mit den Jagden Ludwig
1431 2972 2411 3049 Die Anteilnahme der Nebenmenschen an unserm
370 2998 1347 3065 Täsar hatte es leichter auf der Welt als Napo¬
120 2999 310 3087 besken
2426 3030 3082 3084 Ameublement aus der Aubusso
1357 3034 2416 3109 Schicksal ist Schadenfreude. Zudringlichkeit und Besser¬
300 3026 1360 3105 leon. Denn Cäsar war Cäsar und Napoleon spielte
2423 3071 3091 3125 Riesenteppich aus dem Besitz des
1366 3071 2038 3154 wisserei in wechselndem Gemisch.
302 3077 1365 3150 den Napoleon — freilich hätte ihn niemand spielen
2433 3091 3131 3159 französisches Chorgestühl mit zehn E
311 3123 803 3208 können als gerade er.
188 3130 274 3201 ne
2417 3133 3235 3193 vollsten italienischen Möbel, Bronzen und
1438 3136 2425 3223 Dilettant sein, das heißt: seiner eigenen Einfälle
2429 3177 3255 3241 viele seltene alte Skulpturen, Bilder von #
1357 3184 2067 3267 nicht wert, aber auf sie stolz sein.
379 3189 1352 3277 Es gibt Leute, die alle möglichen Tugenden in
2421 3224 3198 3279 Cranach, Boucher und vielen andern
316 3242 1364 3319 sich vereinigen, nur mit der Einschränkung, daß sie
2429 3257 3228 3312 geordnet, daß man fast die Menschen füh
1433 3248 2413 3326 Das muß schon eine sehr hohe Art von Mensch
315 3281 1371 3349 alle diese Tugenden auf fremde Kosten üben. Sie
2426 3301 3229 3347 Stücke benutzt haben. Berlin ist um ei
1375 3300 2418 3365 sein, dem die Sehnsucht nach Freiheit etwas andres
322 3309 1359 3389 sind verschwenderisch aus den Taschen andrer, und
2431 3327 3205 3396 würdigkeit ganz besonderer Art reicher g
1371 3338 2418 3410 bedeutete, als die Begier nach Verantwortungs¬
313 3353 1371 3435 klug mit dem Geiste andrer, und mutig auf andrer
2420 3376 3216 3448 Zeichen der Hoffnung auf seinen wald
1370 3398 1585 3466 losigkeit.
2428 3411 2593 3483 stand.
312 3421 520 3490 Gefahr.
1200 3423 2188 3660 A
