3392 4224
1990 151 2442 274 box 35/3
159 200 1853 295 3. Buch der Sprueche und Bedenken
170 1057 917 1146 rung und sonstigen höheren Verwaldungs¬
986 1052 1880 1156 Der spanische Miniseerprassdent und der deutsche
157 1118 919 1186 erden gerade die tüchtigston Juristen sich
941 1102 2115 1193 Potschafter haben das deutsch=spanische Weitt¬
160 1156 915 1219 Rechtspflege zuwenden, sondern den Zwei¬
160 1163 1719 1266 ferwaltung. Das wirkt zum Schaden! Luftfahrtabkommen unterzeichnet.
1907 1205 2882 1287 Liebenden die Wahrheit nicht immer gefühlt und
986 1253 1882 1344 Das Beste, was Liebende im Laufe der Zeit ein¬
1913 1253 2780 1338 nicht immer wieder jede Lüge geglaubt würde.
173 1297 923 1363 kommene menschliche Beziehungen, Liebes¬
938 1290 1896 1368 ander werden können, das ist: Surrogate ihrer
259 1329 921 1398 nz besenders, haben zuweilen wie
1969 1318 2885 1419 So vertraut darfst du dich mit keiner Geliebten
943 1350 1675 1427 Träume oder Symbole ihrer Sehnsucht.
160 1375 927 1439 delige ihren lächerlichen oder auch rühren¬
1911 1377 2871 1454 glauben, daß du ihr deine geheimsten Regungen ge¬
164 1411 917 1479 stolz, den wir in jedem Falle achten, am
1919 1410 2881 1497 stehen dürstest. Und wenn du es dennoch tust, so sei
988 1411 1886 1492 Was einer Frau an Courage zum Selbstmord
173 1458 929 1526 ber durch eine zur Schau getragene Teil¬
1921 1448 2877 1535 gewiß, daß sie sich rächen wird, entweder, indem sie
950 1472 1886 1541 fehlen mag, ist sie entsprechendenfalls ohne weiteres
168 1504 404 1575 setzen sollen.
1922 1482 2885 1574 dir die ihren gleichfalls gesteht — oder indem sie
954 1519 1718 1599 in der Loge, durch Bosheit zu ersetzen.
1926 1555 2280 1619 sie dir verschweigt.
174 1553 924 1629 ebe einer Frau kannst du dir durch
178 1606 924 1664 verscherzen: durch Vertrauen und Miß¬
1004 1583 1898 1677 Manches gestehen, das bedeutet meist einen
1973 1593 2897 1685 Fällt von einem immer noch geliebten Wesen der
178 1646 924 1712 ich Nachgiebigkeit und Tyrannei, durch zu
952 1645 1874 1741 hinterhältigeren Betrug, als alles verschweigen.
1920 1641 2882 1729 Zauber des Geschlechts allmählich für dich ab so er¬
189 1685 928 1764 rch zu wenig Zärtlichkeit, duech alles und
1921 1684 2883 1756 lebst du zuweilen das neue Wunder, daß das Kind
1933 1729 2880 1794 wieder vor dir steht, das jenes Wesen war, bevor
1003 1712 1893 1800 Eine kluge Frau sagte mir einst: Die Männer sind
1922 1753 2888 1837 du es als Frau umarmtest, und du liebst es besser
945 1768 1896 1844 sich ohne weiteres klar darüber, was sie bei uns
168 1775 939 1875 em bestimmten Anlaß betrügen, heißt bei¬
964 1805 1899 1884 erreicht hoben; aber was sie alles bei uns nicht er¬
1929 1819 2135 1883 als zuvor.
191 1851 392 1916 treu sein.
965 1836 1914 1918 reicht haben, davon haben sie meistens keine
2037 1872 2517 1956 Bisher ungedrucke Aphorism
972 1906 1205 1976 Ahnung.
166 1890 929 1982 kebesbeziehung hat drei Stadien, die un¬
1988 1885 2882 2001 nächsten Tagen erscheinenden „Buch der Sprüche und
173 1951 937 2020 heinander überfließen; das erste, in dem
1990 1974 2185 2020 Bedenken“
1013 1949 1910 2030 Auf hundert Frauen, die sich nicht in den Mann
186 1980 944 2057 schweigend miteinander glücklich ist; das
962 2010 1906 2079 verlieben, sondern in dessen Ruhm, in dessen Reich¬
1983 2005 2878 2097 Therese von Konnersreuth klagt. Der erste Kon¬
178 2026 946 2101 sdem man sich schweigend miteinander lang¬
973 2038 1918 2119 tum oder auch in dessen verbrecherische Anlagen,
1941 2059 2886 2133 nersreuther Beleidigungsprozeß wird demnächst in
195 2068 942 2124 das dritte, in dem das Schweigen,
968 2086 1918 2154 kommt noch nicht ein Mann, der eine Frau darum
176 2104 948 2177 Gestalt geworden, zwischen den Liebenden
1936 2099 2886 2166 Oberschlesien vor sich gehen. Im Auftrage der
964 2127 1913 2210 begehrte, weil sie berühmt, weil sie reich oder weil
1933 2138 2889 2211 Therese Neumann ist von zwei Gleiwitzer Rechts¬
184 2153 563 2228 ein boehafter Feind.
967 2156 1922 2241 sie eine Verbrecherin wäre. Jede dieser Eigenschaften
1934 2175 2902 2250 anwälten gegen den verantwortlichen Rodakteur der.
959 2206 1919 2262 wird ihm vielleicht einen Reiz mehr bedeuten, aber
1935 2201 2896 2285 Gleiwitzer Wochenzeltung „Der Blitz im Osten“ Klage¬
172 2207 953 2281 bespenst überfällt uns in vielfältigeren Ver¬
974 2240 1922 2313 niemals den eigentlichen Anlaß, eine Frau zu lieben.
1941 2250 2899 2332 wegen Beleidigung an das Glelwitzer Amtsgericht
197 2257 942 2328 als die Einsamkeit, und eine ihrer un¬
1078 2284 1916 2351 st eine Eigentümlichkeit der Frauen, daß auch
1946 2282 2891 2370 eingereicht worden. Die Beleidigung wird in un¬
180 2303 703 2388 barsten Masken heißt Liebe.
982 2335 1917 2400 ein Begriff genügt, um ihre Sinne zu entflammen.
1955 2320 2901 2394 wahren Veröfsentlichungen über das angebliche Vor¬
1949 2376 2922 2438 handensein eines unehelichen Kindes der
195 2357 955 2441 n Frauen ist persönlicher Gerechtig¬
1957 2413 2445 2488 Therese Neumann orblickt.
258 2412 958 2477 eingeboren; den meisten fehlt sogar
1030 2415 1930 2477 Ein Liebeszank endet selten mit einem wirklichen
208 2433 265 2479 n
2011 2445 2908 2524 Das Reichsbühnengesetz endgültig aufgeschoben?
186 2452 959 2511 ständnis für das Porhandensein eines sol¬
982 2452 1930 2531 Frieden; meist ist es nur ein Waffenstillstand, wäh¬
187 2493 961 2555 es bei anderen Menschen — wenn er ihnen
1957 2485 2901 2558 Der Entwurf eines Reichsbühnengesetzes, der nach
978 2497 1939 2560 rend dessen die Gegner einander Zeit lassen. Ihre
178 2526 954 2595 dezu lächerlich erscheint; was öster der Fall
1953 2518 2909 2593 langwieriger Vorarheit vom Reichsinnenministe¬
978 2525 1930 2605 Toten zu begraben. Aber beginnt der Kamof aufs
1952 2555 2914 2626 rium formuliert worden ist, sollte mehrfach in den
990 2564 1931 2639 Neue, so zerren sie auch die Toten wieder ane Licht
204 2580 564 2648 zugestehen werden.
1958 2588 2919 2674 letzten Monaten das Reichskabinett beschäftigen, um
995 2602 1938 2690 empor und von Verwesungsdüften umweht kämpfen
191 2624 964 2709 früher darfst du dich von einer Frau ge¬
1954 2634 2914 2714 dann dem Reichsrat und Reichstag zugeleitet zu
987 2663 1205 2731 sie weiter.
187 2685 972 2742 üben, ehe du nicht sicher bist, ihre ganze
1964 2675 2917 2752 werden. In Bühnenkreisen hat man aber jetzt den
187 2718 969 2794 Sehnsucht auf dich allein vereinigt und alle
1965 2717 2914 2787 Eindruck, daß das Interesse an dem Entwurf im
1049 2723 1928 2806 Ein tragikomisches Schicksal; sein Leben verstört
175 2738 980 2821 Möglichkeiten ihres Wesens, auch die un¬
1958 2758 2918 2825 Reichsinnenministerium überhaupt geschwunden ist.
999 2763 1939 2845 zu wissen und niemand zu haben, an dessen Brust
188 2804 840 2885 n. zur Wirklichkeit erlöst zu haben.
1963 2791 2923 2870 Während der Amtszeit des jetzigen Reichsinnen¬
1001 2799 1941 2876 man sich darüber ausweinen möchte als allein das
1960 2826 2925 2906 ministers ist zur Verwirklichung des Entwurfes
990 2868 1634 2920 Wesen, von dem es zerstört wurde.
1962 2876 2926 2941 überhaupt nichts unternommen worden, und man
178 2855 977 2944 Männer mögen wegen einer Frau in einen
1046 2864 1938 2948 In Hinsicht auf Liebesschulden gilt die Regel:
190 2914 981 2988 rbitterten Streii geraten sein — es kommt
1963 2912 2929 2987 neigt zu der Annahme, daß vor den Neuwahlen
1003 2924 1834 3005 lieber verfallen lassen als zu spät einkassieren.
1961 2952 2934 3031 kaum mehr Zeit bleiben wird, diese gesetzgeberische
203 2955 965 3031 n Augenblick, in dem sie nahe daran sind,
208 2993 984 3079 — wie über einen Abgrund — die Hände
1966 3007 2537 3082 Arbeit in Angriff zu nehmen.
1056 2998 1957 3087 Wenn Treue nicht ein Gegengeschenk ist, dann ist
1017 3067 1746 3139 sie die törichteste aller Verschwendungen.
1977 3066 2935 3172 Kunst und Wissenschaft und Literarische Umschau
203 3095 982 3190 st verstanden? Du hast verziehen? Du hast
2345 3128 2606 3197 ite 8 und 9.
225 3149 985 3215 Welch ein Mißverständnis! Du hast nur
1034 3134 1967 3228 Es gibt keine erorische Beziehung, in der von den
208 3200 424 3283 zu lieben.
805 3236 1411 3381 . Nerg. I
571 3374 671 3458 7
224 3343 430 3476 2
1168 3365 2011 3513 -ee N.
