3344 4128
3 2918 67 2975 ta
2005 44 2479 149 box 35/3
155 66 1869 190 3. Buch der Sprueche und Bedenken
592 532 1730 612 Die Mlirische Wechselwirtschaft der Parteien wattel,.
1740 580 2053 663 heiten nur 9.
279 603 1753 678 „II4 be- das Prinzip des fair play in den politischen Kämpfen
1747 619 2396 700 erneuernde Obstruttionsvers..
591 647 1743 704 das zwar ungeschriebene, aber oberste Gosetz der Ver¬
175 649 599 749 neleszwecke
1744 662 2610 744 ringen, obzwar man aus der Erfahrung.
585 689 1757 756 fassung. Dort besteht das Verhältnis des wechselseitigen
1756 706 2844 797 alle solchen Anstrengungen im Endergebnis fruchts
590 744 1755 807 Respekts zwischen Mehrheit und Minderheit, schon weil,
1749 774 2925 850 weil, selbst wenn sie in wenigen Ausnahmefällen Erfolge
583 788 1745 844 was heute Mehrheit ist, morgen zur Minderheit werden
578 828 2922 905 kann, und die Minderheit jeden Augenblick darauf gefaßt aufzuweisen haben, es höchstens Augenblickserfolge sind,
582 863 2929 945 sein muß, über Nacht zur Macht zu gelangen und dann die gar bald verflüchtigen. Die Ministerkrisen in Ungarn
1046 943 1274 1014 S
1753 961 2918 1043 „Buch der Sprüche und Bedenken“ (Phaidon=Verlag in
583 991 1751 1066 auf eine boshafte Anrempelung mit einem derben Fuß¬
1759 1023 2921 1090 Wien) der Kritik vieles übelnimmt, was ihm wieder die
590 1037 1758 1113 tritt. Denn manche Schulden gibt der Poet, er mag sonst
1756 1062 2918 1137 Kritik nicht wenig übel zu nehmen scheint. Schnitzler sagt
588 1086 1750 1159 ein säumiger Zahler sein, gern sofort und mit reichen
1767 1116 2922 1181 selbst: „Autoren stellen bekanntlich eine höchst empfindliche
597 1126 907 1215 Zinsen zurück.
1759 1167 2928 1230 Menschensorte vor. Wer möchte dem widersprechen. Ich
179 1163 330 1250 ker.
1750 1217 2919 1271 kenne tatsächlich nur eine, die empfindlicher wäre —:
670 1213 1758 1294 Die deutschen Dichter haben seit jeher aus ihrer Ab¬
182 1227 543 1323 he und Bedenken“.
1764 1264 2922 1330 die Kritiker.“ Obwohl Schnitzler nicht hinzufügt, daß die
602 1286 1757 1343 neigung gegen die Kritiker kein Hehl gemacht. Vielleicht
1766 1301 2928 1370 Empfindlichkeit des Künstlers berechtigter ist als die
177 1298 598 1396 ch noch kein Mensch
594 1334 1766 1393 sind die Deutschen im großen und ganzen kräftiger, drauf¬
1757 1344 2930 1416 des Kritikers, möchten wir ihm unbedingt das Recht zu¬
175 1369 599 1438 icht, selbst in den
601 1384 1769 1445 gängerischer und derber als andere Völker, aber ihre vor¬
1757 1409 2926 1470 billigen, dies nicht nur auszusprechen, sondern auch zu
179 1419 596 1485 verzehrt und ver¬
601 1428 1766 1508 nehmsten Repräsentanten scheinen fast immer überaus
1766 1445 2932 1515 fordern, daß das Geisteswerk eines Poeten mit Respekt
182 1473 599 1535 Beim Essenkommt
594 1483 1762 1538 weich, empfindsam und wehleidig zu sein. Lessing, selbst
1757 1499 2930 1566 betrachtet und beachtet werde. In den letzten Jahren
183 1506 587 1585 Bestätigung. erfährt.
593 1521 1765 1575 ein scharfer Kritiker, hat als Dichter seine Rezensenten
1760 1540 2922 1616 scheinen die sogenannten „Schaffenden“ auf dem Gebiete
188 1574 591 1632 solcher Schleckereien
593 1562 1768 1640 mit Sperlingen verglichen, denen nur die Gebäude ge¬
1766 1592 2932 1661 der Kunst nur zu oft von den Nachschaffenden unterschätzt
193 1614 594 1678 hn ihm eine kräftige
594 1614 1759 1682 fallen, in denen sie nisten und misten können. Schiller
1755 1642 2937 1713 zu werden. Der Kritiker bildet sich hin und wieder ein.
191 1660 598 1727 löffeln will, spuckt
599 1664 1757 1726 lehnt die „Kunstschwätzer“ ab, indem er ihnen zuruft:
1757 1694 2929 1761 mehr zu sein als der Dichter, der Schauspieler lebt häufig
185 1703 602 1773 rkung. Wenn aber
600 1713 1769 1777 „Gutes in Künsten verlangt ihr. Seid ihr denn würdig
1767 1748 2929 1799 in dem Wahn, wichtiger zu sein als der Dramatiker, die
197 1755 596 1822 Dutzendmensch, das
597 1763 1755 1826 des Guten?“ Goethe geht sogar so weit, daß er den ge¬
1755 1775 2934 1854 Sänger, Geiger und Klavierspieler deuten nicht selten an.
183 1800 600 1874 darf man dann dar¬
610 1805 1765 1876 mütlichen Wunsch verifiziert: „Schlagt ihn rot, den Hund!
1757 1837 2805 1903 daß sic den Komponisten tragen und nicht er sie...
187 1853 608 1918 kr zartempfindende,
1074 1852 1766 1918 Da sind die Oesterreicher und
600 1864 1091 1927 Er ist ein Rezensent.“
1857 1875 2929 1949 Arthur Schnitzler hat allerdings stets eine gute Presse
197 1895 604 1955 einer höheren, auf
600 1900 1766 1952 Ungarn, doch noch harmlosere Menschen. Grillparzer
1696 1933 1764 1998 72
1769 1932 2937 2003 gehabt. Dennoch ist er nicht recht zufrieden. Wir lesen
185 1941 599 2013 licher, gegen Tadel
609 1943 1744 2017 schließt seinen Stachelvers mit der Ueberschrift: „Kritik“
1772 1967 2948 2050 in seinem Buch die Verse: „Berühmt? — Ach Gott, ich bin
186 1990 605 2064 Der Dichter ist der
598 1993 1760 2058 in folgender Weise: „Und wenn ein Affe in das Dichtwerk
1773 2034 2938 2097 es viel zu sehr, Wär's minder ich, und kenntet ihr mich
197 2036 607 2109 he Kritiker könnten
608 2036 1770 2106 schaut, sieht er nach einem Sokrates vergebens.“ Lenau
1774 2080 2936 2137 mehr.“ Darin finden wir nicht nur eine Klage und eine
194 2094 604 2154 um Erbrechen, aber
607 2094 1766 2163 urteilt milder. Freilich noch immer scharf genug, denn er
1770 2132 2932 2189 Anklage, sondern auch einen Vorwurf gegen seine Kritiker.
196 2140 602 2198 n.vor anderen und
602 2135 1768 2206 singt: „Willst du richten — unser Dichten... Birg doch
1769 2169 2935 2234 diejenigen zumal, die ihn stets priesen. Es wäre wohl
199 2181 616 2252 bwiß ist der Dichter
603 2185 1761 2238 klüglich — unverzüglich — deinen Ungeschmack — Und ver¬
1767 2223 2933 2282 besser gewesen, wenn sie danach getrachtet hätten, das
193 2232 612 2289 id Ehrerbietung ge¬
602 2232 1771 2302 scharre — das Geschnarre — deinen Dudelsack...“ Unser
1770 2263 2942 2331 tiefste Wesen dieses eigenartigen Poeten zu ergründen und
193 2285 616 2349 erklärt das Dasein.
601 2273 1767 2344 Johann Vajda führte einen erbitterten Kampf mit seinen
1776 2302 2941 2384 durch die Deutung und Erläuterung seines Wollens und
605 2329 1777 2381 Rezensenten und nur mit einer einzigen Kritik über seine
194 2336 614 2394 die herrlichste und
1770 2352 2942 2433 Könnens ihn und sein Werk der großen Masse näher zu
610 2376 1772 2429 Gedichte gab er sich zufrieden; — diese hatte er nämlich
208 2374 624 2442 Gottes, Poesie, oh
1776 2410 2938 2482 bringen. Denn die großen Erfolge bei der Menge ver¬
611 2421 1773 2482 selbst geschrieben. Jökais Humor setzte sich scheinbar über
206 2425 619 2492 Rosenduft die kalte
1775 2471 2937 2526 dankr Schnitzler einigen frischen, lebensvollen und geist¬
606 2472 1769 2546 alle harten Urteile des berühmten Paul Gyulai hinweg,
193 2469 613 2539 nde und Fühlende
1781 2508 2949 2565 reichen Werken, die er in seiner Jugend schuf, denen er
616 2493 1771 2577 und zwar mit den Worten: „Er hat keine Ahnung davon,
198 2514 615 2584 g süßlich und ein
1777 2552 2939 2620 jedoch nicht den Wert und die Bedeutung jener Werke bei¬
614 2557 1787 2634 wie viele Fehler in meinen Romanen er nicht entdeckt
202 2572 616 2637 kfellos überragt die
1770 2586 2952 2668 mißt, die er uns später schenkte, und deren Glanz und
204 2621 617 2681 ch ihr-Darstellungs¬
605 2618 735 2694 hat.“
1767 2632 2946 2706 Glut, Weisheit und Wert nur selten erkannt und nur
690 2641 1778 2728 Dieser Rückblick auf das Verhältnis der Dichter zu
217 2656 623 2732 die Sprache. Der
410 2703 490 2746 #
1771 2689 2947 2768 wenig gewürdigt wurden. Bewunderungswürdig schon der
609 2703 1778 2763 den Kritikern soll nur dartun, daß der beruhmte
201 2703 618 2777 er dieses kostlichen
1772 2740 2944 2815 weite Bogen, der von „Leutnant Gustel“ und „Liebelei“
621 2752 1783 2809 Wiener Poet Arthur Schnitzler bloß ein altes Leid
217 2755 621 2822 ist er, weil an kein
1781 2781 2939 2856 zum „Spiel im Morgengrauen“ und zum „Jungen Me¬
622 2804 1777 2864 seiner „Brüder in Apoll“ — um mit diesen blümeranten
212 2801 616 2881 idenschaftlicher. Er
1770 2840 2939 2900 dardus“ sich hinzieht, noch bewunderungswürdiger die
620 2859 1778 2920 Worten der Vergangenheit die oft fragwürdige Kollegiali¬
215 2850 621 2930 ar, wenn er einen
1770 2873 2945 2948 von Jahr zu Jahr, von Arbeit zu Arbeit steigende Kraft
215 2894 1777 2952 t antwortet zumeists tät der Gegenwart zu bekränzen — betont, wenn er in
225 2956 2945 3017 inem starken Stoß, seinem neuen und wie sofort bemerkt sein soll, herrlichen und dabei Anmut des Dichters, und am bewunderungs¬
1284 3118 2181 3254 Sd
1610 3270 2723 3390 u
2359 3380 2516 3478 T
