3392 4224
1847 307 2315 425 box 35/3
783 345 840 419 1
68 355 1706 445 Buch der Sprneche und Bedenken
2151 1183 2337 1268 0.
1634 1184 2127 1269 u.icZ
34 1208 606 1322 elegen sein laßt, Schiafat.
499 1215 2866 1340 Beinahe rührend klingen aus den in Conrads viertem Band wie wir aus Conrads Memoiren wissen, durchaus gegen den
52 1290 417 1372 hoffentlich recht
366 1282 2867 1392 veröffentlichten Briefen des Generals Bolfras die Klagen des Strich. Jeden Tag fand sich ein oder der andere enthobene
25 1341 123 1406 gen.
369 1376 2870 1484 Berufes, der Umwelt und persönlicher Interessen aller Art gerade kurz: wo Aktivität sich als Produktivität aufzuspielen vermag, der
1630 1427 2873 1514 geeignetste Tummelplatz für solche Unruhstifter von Anlage, Beruf
395 1449 1632 1541 in die eine oder andere Gefolgschaft gebracht haben, und denen es,
39 1459 160 1546 u.
1637 1473 2870 1552 und Geschäft. Ihrem unwiderstehlichen, angebornen Drange folgend,
392 1503 1631 1580 als der armseligen Komparserie kleiner politischer Bewegengen und
1636 1526 2881 1610 sind sie nur darauf bedacht, ohne einen inneren
387 1548 1640 1621 großer historischer Ereignisse gar nicht darauf ankommt, möge
1627 1568 2885 1653 oder auch nur äußeren Anlaß abzuwarten, das Räderwerk ihres
407 1601 1637 1678 ihnen das nun bewußt werden oder nicht), ob sie von rechts oder
1636 1621 2884 1698 Wesens in Gang zu versetzen, das dann wie eine kunstvoll=nutzlose
404 1649 1625 1726 links aus der Kulisse strömen, um ihr ewiges sinnloses „Rhabarber“
1624 1668 2875 1748 Maschine hungrig im Leeren lauft, zu nichts anderem gut als
28 1659 399 1760 d Bedenken.
402 1700 1552 1794 zu murmeln oder zu brüllen, von dem die Welt widerhallt.
1629 1721 2875 1807 Lärm zu verbreiten und oft genug im näheren und auch ferneren
1631 1783 2190 1863 Umkreis Unheil anzurichten.
515 1791 1633 1873 Ich zweifle nicht an deiner ehrlichen Ueberzeugung, mein
401 1846 1650 1916 Bester! Aber wem soll sie nützen, da es am Ende doch nur
1725 1833 2875 1937 Wie lächerlich wäre ein Mensch, Der sich über den Falsch¬
44 1870 409 1967 gegebene Freistatt
407 1905 1646 2008 die ehrliche Ueberzeugung von einer höchst unehrlichen Sache ist?
1635 1902 2875 1993 spieler in einer Partie entrüstete, zu deren erlaubten Spiel¬
38 1938 434 2018 vollen Einsatz ihrer
1637 1944 2879 2034 methoden, ja Spielregeln auch der Betrug gehört und wo auch
24 1993 418 2059 #te einzustehen, es
498 1976 1639 2072 Eine neue Staatsform wird stets durch gewaltsame Mittel
1641 2001 2879 2084 der ehrliche Spieler es manchmal darauf anlegt, für einen Be¬
29 2034 431 2109 der als Anhänger
416 2053 1646 2134 geschaffen. Auch dann, und dann vielleicht ganz besonders, wenn
1643 2046 2895 2130 trüger gehalten zu werden, um so die Partner um so sicherer
28 2086 421 2165 ringem moralischen
409 2098 1642 2191 sie unter dem Schlagwort von der Abschaffung der Gewalt ein¬
1637 2097 2888 2176 hineinzulegen. Und doch — gleichen wir nicht alle diesem naiven
39 2135 419 2210 mit Aussicht auf
1639 2143 2882 2224 Kibitz, die wir neugierig und erregt um die grünen Tische der
414 2147 1644 2234 geführt wurde. Nur daß die Gewaltsamkeit in solchen Fällen
48 2188 417 2253 inn, die kleineren
1638 2185 2887 2274 Politik herumstehen und den Spielern zuschauen, die einander zum
419 2201 1643 2271 eine schleichende Form annehmen und sich in hinterhältigeren
41 2233 413 2319 denen ihre Natur
1638 2225 2893 2328 besten halten, oder tun, als wenn sie einander zum besten hielten
422 2252 1615 2351 Methoden auszuwirken pflegt, als in aufrichtigen Revolutionen.
1700 2289 2890 2370 ohne daß es ihnen weiter zu Schaden gereichte — da doch
1641 2330 2905 2426 die Kiebitze es sind, die die Spieldiffenzen und überdies noch die
518 2333 1641 2426 Das unnützeste und zugleich gefährlichste Element der mensch¬
47 2349 439 2455 Religion: sie heißen
1643 2408 2225 2493 ganze Zeche zu zahlen haben.
44 2396 1651 2492 o wie die wahrhaft lichen Gesellschaft bilden Individuen, deren zielgerichtete Begabung
423 2446 1650 2529 zu ihrer geistigen Beweglichkeit in einem auffälligen Mißverhältnis
47 2479 422 2546 ubigen, so werden
1747 2487 2893 2565 Es kann immer der Diskussion unterliegen, wer in einem
423 2482 1656 2575 steht. Nicht überall vermögen diese Menschen ihr verderbliches
52 2522 427 2606 ern zu finden sein.
416 2545 1650 2628 Wesen zu entfalten: der Arbeiter, der Handwerker, der Richter,
1641 2541 2889 2621 geistigen Kampfe der Sieger gewesen ist; darüber, wer von zwei
432 2596 1647 2669 der Rechtsanwalt, der Arzt, der Priester, der Bauer, der Künstler,
1649 2592 2892 2672 Kämpen den anderen auf die Knie gezwungen, oder gar darüber,
47 2587 433 2702 hl gegenüber einer
1642 2638 2890 2721 wer von ihnen dem anderen den Schädel eingeschlagen hat, darüber
58 2644 1641 2727 numerisch stärkere der Polizist, der Beamte, der Soldat ist ohne positive Leistung,
1654 2690 2896 2765 wird es niemals eine Meinungsverschiedenheit geben. Zu einer
430 2692 1651 2767 so gering sie sei, nicht denkbar. Denn der Angehörige solcher
58 2717 433 2782 Ueberlegenheit der
1651 2728 2899 2812 höheren Weisheit hat sich die Politik bis zum heutigen Tage kaum
426 2742 1650 2811 Beruse ist darauf gestellt, etwas Bestimmtes hervorzubringen, um
44 2757 433 2829 diejenigen Vorrechte
430 2785 1645 2861 seine Daseinsberechtigung zu erweisen und steht so dauernd unter
1646 2780 2916 2874 durchgerungen; und ungefähr in gleichem Sinne wird Weltgeschichte
60 2812 436 2899 hlenmäßigen Ueber¬
425 2827 1649 2905 der Kontrolle derjenigen, die auf seine spezifische Leistung an¬
1651 2847 2051 2940 gelehrt und gelernt.
428 2875 1615 2968 gewiesen sind, und damit zugleich unter der der Allgemeinheit.
535 2907 1670 3012 Auf drei Lebensgebieten aber ist eine solche Kontrolle
2366 2914 2914 3027 Ich habe mich in meinem
1742 2927 2373 3018 Was soll uns das Geschwätz?
59 2928 437 3021 der auf Grund per¬
437 2974 1665 3058 praktisch nicht durchführbar, auf den Gebieten der Politik, des
1658 3002 2326 3091 Leben nicht um Politik gekümmert!
54 3003 428 3073 en und aus tiefster
97 3017 1651 3103 entschieden hat, Journalismus und der Spekulation. Und so ist hier, wo leere
2372 3020 2910 3134 Sie kümmert sich um dich
1749 3046 2377 3132 Was hilft's dir, mein Freund?
77 3058 1669 3165 gedankenlose und Geschäftigkeit sich am ehesten als ernstgemeinte Tätigkeit, nichtiges
71 3104 2342 3224 er Erziehung, des oder zwecktrübes Geschwätz, als inhaltsvolle und sachliche Rede — in jedem Augenblick deines Lebens!
