3392 4224
243 258 1830 347 Buch der Sprnecheund Bedenken
815 1080 901 1154 —
642 1066 1545 1190 NCDSERVERG
747 1162 1431 1224 I. österr. behördl. konzessioniertes
697 1194 1484 1276 Unternehmen für Zeitungs-Ausschnitte
755 1257 1437 1338 WIEN, I., WOLLZEILE 11
857 1312 1345 1385 TELEPHON R-23-0-43
661 1446 1032 1534 Ausschnitt aus:
1037 1463 1469 1566 Kolkszeitung, Wien
895 1629 1418 1723 2 4. 0KT. 1937
671 1689 855 1764 vom:
768 1786 1633 1885 Sprüche und Bedenken.
964 1857 1437 1920 Von Artur Schnißler.
837 1909 1641 1983 Was als Persönlichkeit wirkt, ist das
750 1958 1654 2014 Leuchten aller Möglichkeiten eines Charakters
754 1993 1653 2068 hinter seinen wirklichen und zufälligen Lebens¬
763 2057 1030 2116 äußerungen.
843 2071 1648 2153 Auch der ehrlichsten Ueberzeugung muß
757 2118 1662 2202 ich meinen Respekt versagen, wenn mir die
758 2171 1498 2242 Sache nicht ehrlich scheint, der sie gilt.
849 2200 1657 2277 Man hat es so leicht, seine Erinnerungen
760 2250 1659 2333 zu schreiben, wenn man ein schlechtes Ge¬
745 2313 1036 2381 dächtnis hat.
845 2322 1669 2396 Es ist die schlimmste Verschwerdung an
755 2377 1666 2452 Geist und Herz, Gegner zu überzeugen suchen,
755 2437 1666 2491 die gar nicht daran denken, ihrer eigenen An¬
763 2484 1044 2548 sicht zu sein.
852 2496 1664 2578 Kern Aermerer auf der Welt als der
762 2550 1671 2640 Reiche, der es nicht versteht, zu verschwenden.
846 2598 1666 2661 Das Schlimmste, was einem Dichter
761 2643 1671 2710 passieren kann, das ist: für seinen eigenen Ein¬
765 2695 1205 2768 fall nicht reif zu sein.
859 2710 1668 2796 Wer deine bittersten Feinde sind? Un¬
762 2767 1683 2836 bekannte, die ahnen, wie sehr du sie verachten
764 2822 1371 2896 würdest, wenn du sie kenntest.
860 2852 1597 2922 Wenn der Haß feige wird, geht
766 2892 1671 2984 maskiert in Gesellschaft und nennt sich Ge¬
771 2953 994 3018 rechtigkeit.
854 2975 1657 3048 Lebensklugheit bedeutet: alle Dinge mög¬
770 3027 1660 3106 lichst wichtig aber keines völlig ernst nehmen.
857 3070 1661 3134 Der Trotz ist die einzige Stärke der
771 3112 1568 3190 Schwachen — und eine Schwäche mehr.
854 3148 1668 3228 Mit dem Ohr der Menschheit ist es so be¬
775 3201 1663 3269 schaffen, daß es den Schall zu verschlafen und
773 3252 1555 3327 erst durch das Echo zu erwachen pfleat.
1973 231 2430 339 box 35/3
1747 3032 2553 3110 Hüte dich vor den Bescheidenen — du
1663 3068 2562 3156 ahnst nicht, mit welch gerührtem Stolz sie ihre
1666 3133 2031 3195 Schwächen hegen.
1749 3175 2565 3252 Keinen Anlaß zur Lüge haben, heißt noch
1669 3232 2081 3298 nicht aufrichtig sein.
1768 3315 2605 3363 Wahrhaftig ungütig sind wir nur gegen
1656 3335 2584 3428 Menschen, von denen wir wissen, daß sie uns
1677 3409 2148 3464 niemals verlorengehen.
1771 3413 2578 3504 Du kannst einen Menschen daran hindern,
1685 3484 2581 3549 zu stehlen, aber nicht daran ein Dieb zu sein.
1764 3521 2588 3591 Nur unter deinesgleichen hast du das
1664 3579 2266 3655 Recht, dich einsam zu fühlen.
2272 3610 2329 3693 810
