3392 4256
1985 217 2459 316 box 35/3
160 236 1854 339 3. Buch der Sprueche und Bedenken
2559 1143 2892 1244 zusehen wäre.
616 1241 1568 1358 Es gehort währhaftig eine große Kuhnheit d.
168 1289 562 1387 pien, die sich im
177 1276 1738 1434 keiner Weise so klaren Reden von einer im verflossenen September!
172 1344 1747 1482 n. Die Parteien einstimmig zugunsten Rumäniens getroffenen Ratsent¬
1723 1403 2904 1514 gesolten werden. Wenn man auch die Verstimmungen
1728 1448 2905 1553 eines wahren Poeten ungerechten und einseitigen Kriti¬
611 1454 1724 1558 Diese Aphorismen zeigen am besten und klarsten, welch:
163 1512 553 1582 ; das Machwerk,
1717 1507 2917 1600 kern gegenüber begreifen kann, es dürfte nicht unange¬
560 1507 1723 1613 Fülle von philosophischen und poetischen Ideen das neue
167 1559 564 1641 ge, trägt die Idee
1732 1540 2918 1648 bracht sein, vom Dichter auch ein wenig Nachsicht dem
549 1554 1722 1657 Buch Schnitzlers birgt. Aphorismen sind wie Römerdramen
196 1611 559 1689 , und es ist meist
1731 1596 2919 1695 Kritiker gegenüber zu verlangen. Schließlich sind auch die
547 1605 1730 1722 und Liebesgedichte heutzutage nicht mehr modern, aber
1737 1651 2932 1742 Kritiker Menschen. Sie haben ihre Zu= und Abneigungen,
555 1640 1735 1762 die Edelsteine, die uns Schnitzler sein und scharf geschlif¬
1743 1693 2923 1796 Vorzüge und Schwächen, Stimmungen und Verstim¬
560 1699 1736 1806 fen in einer Fassung vorlegt, wie sie nur einem Meister
1731 1739 2921 1856 mungen. Man verlangt von ihnen Objektivität — schon.
569 1756 1737 1854 der Goldschmiedkunst der Sprache gelingen, sind nicht an
1742 1792 2921 1881 an und für sich ein vages, vieldeutiges Wort —.und
178 1781 579 1887 der Politik, des
568 1790 1737 1900 Stunde und Tag, nicht an Launen und Moden der Lite¬
1740 1827 2921 1939 sollte doch bedenken, daß in diesem Fall die Objektivität
211 1854 591 1920 Antipathien in
566 1841 1745 1977 ratur gebunden, ebensowenig wie die Aphorismen der
1736 1885 2934 1989 aus der Subjektivität hervorgeht und die literarischen
188 1887 573 1982 Wirkungen an, so
643 1881 1747 1999 um nur ein paar Namen zu nennen — Epiktet.
177 1942 582 2023 higung, imstande,
580 1938 1756 2044 Larochefoucauld, Lichtenberg, Nietzsche. Alles was die
187 1983 2929 2115 nur selten ein. Er Menschheit und die Quintessenz der Menschheit, den Urteile (und nicht nur diese) zumeist auf Vorurteilen
1756 1975 2946 2078 beruhen. Die Phantasie des Poeten in allen Ehren,
171 1999 585 2089 poch tritt ein solcher
1760 2040 2935 2136 aber unter Brennesseln soll er keine Erdbeeren suchen und
574 2031 1761 2147 Dichter, bewegt und erregt, was er sinnt und fühlt, ist hier
1754 2071 2951 2170 auf Kakteen keine Rosen. Ueberbies sollte der Dichter.
179 2089 583 2165 kund Dingen, ist in
580 2079 1756 2185 in knappen Sätzen niedergelegt, von denen mancher eine
1757 2119 2937 2218 bedenken, daß ihm der Kritiker keinen ernstlichen Scha¬
186 2134 599 2212 strickt, daß er kaum
593 2140 1757 2242 Studie, ja ein Buch auswiegt. Daß in den „Sprüchen
1766 2167 2946 2269 den zufügen kann, wenn der Dichter eben ein Dichter ist.
186 2178 600 2263 n Satz ins Blaue,
584 2183 1761 2285 und Bedenken“, wie die Zitate zeigen, auch die Feuilleto¬
1767 2215 2950 2324 Und Schnitzler ist es. Als Dramatiker, als Novellist und
187 2236 598 2315 schreiben... Der
586 2225 1768 2337 nisten und unter ihnen die Literaturkritiker ganz beson¬
1758 2259 2944 2365 auch als Denker und Former tiefer Gedanken steht er
197 2286 591 2354 Denn nur Sach¬
599 2277 1765 2382 ders aufs Korn genommen werden, darf man dem Dichter
1768 2298 2952 2412 hoch über den zeitgenössischen österreichischen und den
185 2336 589 2404 wartet Einwände,
606 2326 1775 2432 nicht übelnehmen, wenngleich er dann und wann über das
184 2380 601 2460 enen Seele hervor.
1772 2360 2945 2457 deutschen Dichtern überhaupt, wenngleich ihn in den
603 2372 1766 2485 Ziel schießt. Was die Feuilletonisten betrifft, gibt es
1769 2407 2949 2516 letzten Jahren lärmende Hutdgungen selten umbrausten.
186 2426 606 2505 ts beschleunigenden
610 2417 1779 2527 unter ihnen — wie unter den Schriftstellern und
1783 2446 2962 2556 Nichts berechtigt ihn jedoch, dem Pessimismus Schopen¬
196 2478 596 2563 hreibt um so ge¬
611 2466 1777 2574 Dichtern — gute und schlechte. Sie sind — der Name
1773 2492 2970 2610 hauers nachzuhängen, der einst schrieb: „Was einer für
202 2513 606 2598 unbewußt sich auf
610 2517 1783 2621 deutet es schon an — die Blätter am Baum des Schrift¬
1772 2547 2969 2650 sich selbst ist, was ihn in die Einsamkeit begleitet, und
198 2570 466 2653 en befindet.
615 2557 1782 2672 tums. Sie können sich nicht anmaßen, Aeste, Zweige oder
1781 2594 2968 2702 was keiner ihm geben oder nehmen kann, ist offenbar für
621 2612 1784 2720 gar Früchte zu sein, doch auch die kleinen und die klein¬
1778 2640 2960 2741 ihn wesentlicher als alles, was er besitzen oder auch was
608 2660 1784 2768 sten Blättchen haben ihren Reiz, die verkrüppelten und
1785 2678 2969 2798 er in den Augen anderer sein mag.“ Arthur Schnitzler hat
188 2692 622 2790 hnacht, eine Abnei¬
614 2721 1795 2826 kranken jedoch verdorren und fallen von selbst ab. Viel¬
1786 2738 2963 2835 wahrlich keine Ursache, gekränkt oder erbittert zu sein.
197 2764 618 2841 , dessen Persönlich¬
613 2753 1789 2871 leicht könnte man sogar sagen, der gute Feuilletonist sei
1796 2771 2979 2891 Er gehört, um mit Novalis zu reden, zu den Dichtern,
215 2809 615 2884 völlig gefahrlosen
617 2797 1800 2915 ein auf seinem Wege steckengebliebener Poet, dessen
1797 2834 2967 2939 die uns Welt und Leben klarer und anschaulicher machen,
212 2857 626 2925 daß es schon einer
616 2861 1801 2962 Talent nicht zur Entwicklung gelangen konnte, — und
1800 2882 2973 2986 die mit den scharfen Geistern des Lichtes befreundet, alle
214 2897 635 2985 Selbstüberwindung
614 2902 1787 3021 deshalb sollte man einen Unterschied machen zwischen
1793 2923 2973 3043 Natur durchdringen und sondern und doch über eine jede
209 2956 528 3035 zu unterliegen.
635 2943 1802 3060 Feuilletonisten und Feuilletonisten. II ya fagots et
1798 2966 2971 3088 einen zartgefärbten Schleier breiten. Mit einem schönen
630 2986 1806 3115 fagots. Das gleiche kann man wohl auch den Kritikern
1798 3007 2974 3130 Spruch des Poeten sei dieses vielleicht allzu lang gera¬
634 3047 1756 3167 nachsagen. Es gibt wertvolle Schriftsteller unter ihnen —
1798 3068 2980 3187 teue Feuilleton geschlossen, dessen Verfasser keine kritische
205 3083 639 3178 egen ein Kunstwerk,
645 3090 1815 3205 eben jetzt erwarten wir in Budapest einen berühmten deut¬
1812 3102 2990 3230 Studie, sondern bloß eine ehrerbietige Ankündigung des
208 3148 639 3220 aus sich nicht recht¬
645 3144 1805 3256 schen Kritiker, über dessen Wirken wir vor kurzem an dieser
1805 3161 2980 3278 neuen Aphorismenbuches darbieten wollte. Und jetzt der
197 3185 645 3278 Leute betrachtet, die
643 3193 1805 3301 Stelle ausführlich schrieben—, freilich auch manche, vielleicht
1805 3213 2981 3327 Spruch: „Mag doch mein Name in nichts verklingen, —
198 3239 646 3315 andpunkt zu stellen
641 3239 1811 3352 sogar viele, denen eine glitzernde Phrase wichtiger ist als
1812 3258 2976 3370 wenn sie nur meine Lieder singen.“ Nun denn: Schnitz¬
205 3283 649 3366 kelnd fragen: Woher
644 3278 1810 3399 ein ernstes Werturteil, und die mit Freude einen Dichter
202 3337 647 3407 och hinaufzuklettern?
646 3324 1822 3439 umbringen, wenn sie eine witzige Grabschrift für ihn
2704 3359 2937 3433 X. Y. 2.
217 3299 2980 3525 nunterwehen könnte? bereit haben. Indes dürfen gerechterweise alle Feuilleto, lers Lieder wird man singen, aber auch sein Name wird
202 3385 643 3462 uchen? Fürchtet ihr
623 3391 2177 3560 nisten und Kritiker nicht in einen-Topf geworfen und nicht verklingen.
