3344 4224
1958 228 2404 339 box 35/3
200 284 1810 363 Luch ger epruecheung Bedenken
1286 518 1911 636 Bemerkungen
1070 627 2117 695 (Aus dem noch unveröffentlichten Buch der „Sprüche
1419 695 1750 755 und Bedenken“)
1302 743 1873 828 Von Arthur Schnitzler
1711 804 2086 870 (Nachdruck verboten)
1142 868 2111 916 Wenn zwei Menschen einander bis ins Tiefste ver¬
1077 900 2112 957 stehen wollen, so ist das gerade so, wie wenn zwei
1085 940 2121 998 gegenübergestellte Spiegel sich ihre eigenen Bilder
1086 974 2118 1043 immer wieder und von immer weiter her wie in ver¬
1086 1021 2115 1075 zweifelter Neugier entgegenwerfen, bis sie sich endlich
1077 1054 2070 1134 im Grauen einer hoffnungslosen Ferne verlieren.
1157 1159 2120 1219 Zu bereuen glaubst du? Ach, du hast dir nur an
2205 1173 2329 1249 —
1081 1209 1511 1274 die Brust geschlagen.
1146 1261 2123 1323 Um eine Unrichtigkeit als Lüge schmähen zu
1087 1315 2126 1370 dürfen, müssen wir sie erst des bösen Willens über¬
1095 1351 2131 1414 weisen. Und ehe wir uns vor einer Richtigkeit beugen
1088 1395 2132 1453 wie vor einer Wahrheit, muß uns der Glorienschein
1094 1447 2009 1502 des Mutes von ihrer Stirne entgegenstrahlen.
1166 1495 2135 1572 Kommt eine Wahrheit, die du einmal aus er¬
1083 1555 2128 1612 füllter Seele sprachst, von andern Lippen, gleichsam
1095 1597 2130 1656 als geflügeltes Wort zu dir zurück, so wirst du manch¬
2215 1593 2340 1671 —
1087 1638 2127 1705 mal versucht sein, sie zu empfangen wie der Vater den
1098 1668 2124 1728 verlorenen Sohn, der einst mit Reichtümern in die
1099 1709 2124 1771 Welt entfloh und, endlich heimgekehrt, als Bettler an
1100 1757 1470 1823 deine Türe klopft.
1152 1807 2128 1883 Auch das ist Lüge, und ist die kläglichste von
1094 1876 2134 1929 allen: sich anstellen, als wenn man einem Lügner seine
1106 1917 1399 1986 Lüge glaubte.
1158 1986 2131 2056 Manche Menschen glauben, daß sie sich weit ent¬
858 2013 1071 2084 t zu Ort.
1090 2046 2140 2096 wickelt haben, und von allen ihren Eigenschaften ist
858 2073 1072 2128 en durch¬
1106 2087 2135 2144 es nur ihre Eitelkeit, auf die ihre Einbildung zutrifft.
881 2109 1074 2172 Zeitver¬
915 2145 1079 2205 derben
1160 2156 2139 2220 Du klagst, daß du ihm nichts Uebles getan hast
902 2182 1075 2234 ß über¬
1100 2209 2143 2259 und daß er dennoch auf Rache sinnt? Kein Anlaß zur
898 2215 1071 2282 Gegen¬
1103 2248 2146 2306 Verwunderung. Was er dir nachträgt, ist nicht deine
872 2272 1077 2346 stimmte
1106 2294 1886 2351 Schuld, sondern sein schlechtes Gewissen.
860 2333 1082 2385 tes Ver¬
1162 2375 2133 2431 In einer kranken Beziehung haben wir, wie in
888 2400 1076 2457 Kinder¬
1104 2426 2137 2469 einem kranken Organismus, auch das scheinbar Nich¬
881 2442 1086 2499 termund
1101 2456 1994 2527 tig#te als Symptom der Krankheit zu deuten.
866 2481 1090 2535 ihm von
871 2524 1092 2578 erderben.
1166 2516 2139 2591 Wenn du dich zur Versöhnlichkeit geneigt fühlst.
864 2563 1082 2611 r bereit¬
1108 2580 2128 2630 so frage dich vor allem, was dich eigentlich so milde
875 2598 1076 2650 er in die
1106 2614 2147 2691 stimmt: schlechtes Gedächtnis, Bequemlichkeit oder
852 2634 1090 2704 Zufrieden
1117 2662 1310 2724 Feigheit.
862 2688 1079 2767 in Mann.
886 2746 1089 2808 in ihrer
1168 2734 2141 2796 Warum bildet sich der letzte Tropfen so viel darauf
1113 2792 2140 2842 ein, daß er den Becher überfließen machte? Der erste
902 2803 1090 2873 so leicht
1117 2829 2139 2883 schon war nicht minder schuldig; — aber der törichte
883 2862 1076 2927 Ebenfalls
1101 2869 1903 2939 Becher hat es damals noch nicht geahnt.
883 2917 1085 2992 lleinsein
1168 2942 2139 3004 Daß man zuweilen mehr, zuweilen weniger
879 2977 1078 3028 eufel auf
1107 3003 2150 3055 tun muß als seine Pflicht und eben durch dieses Mehr
852 3017 1088 3074 folgte ihm
1113 3035 2144 3083 oder Weniger sie erst zu erfüllen vermag: das ist das
1113 3074 2148 3136 Problem, dem wir in jeder schweren Lebenslage immer
880 3077 1092 3141 eheliches
1106 3113 1596 3183 wieder gegenüberstehen.
890 3127 1088 3183 sich über
893 3166 1093 3220 zfels zu¬
1177 3193 2146 3239 Ein großes Herz vermag reicher zu beschenken
878 3193 1091 3254 ugenblick
1107 3226 2144 3270 als die leichteste Hand. Aber wo sind die Bedürftigen,
867 3238 1090 3296 sicher und
1103 3265 2153 3316 die solche Gaben dankbar empfangen? Sie wollen es
877 3275 1088 3337 die Höhe
1109 3305 2153 3356 dann kaum jemals wahr haben, daß sie einmal arm
1117 3350 1393 3410 gewesen sind.
868 3335 1084 3409 ihnt Seite
875 3390 1097 3450 em Rohr¬
884 3429 1096 3488 iebenden.
1183 3426 2144 3481 Bereit sein ist viel, warten können ist mehr,
889 3469 1083 3524 Teufelin
1115 3468 2155 3538 doch erst: den rechten Augenblick nützen — ist alles.
889 3510 1097 3566 er Teufel
898 3552 1091 3599 hemann
1175 3552 2146 3614 Dein unversöhnlicher Todfeind, das ist wahrschein¬
900 3581 1095 3641 chmalen
1116 3603 2146 3658 lich der einzige Mensch, mit dem du dein Lebenlang
892 3624 1092 3677 jen aus
1115 3651 2158 3695 in einem ganz reinen Verhältnis zu stehen vermöchtest,
881 3660 1088 3720 uckte ehe¬
1116 3692 2152 3742 vorausgesetzt, daß ihr einander niemals persönlich
877 3697 1090 3765 pf. Die
1113 3727 1385 3781 kennenlernt.
917 3735 1089 3787 Wesens
905 3770 1091 3837 heit des
1181 3774 2158 3859 Auch das Chaos gruppiert sich um einen festen
1116 3834 2074 3891 Punkt, sonst wäre es nicht einmal als Chaos da.
899 3823 1091 3903 Teufelin
895 3877 1094 3948 irer hei¬
948 3921 1093 3980 Denn
1187 3931 2150 3996 Lebensklugheit bedeutet: alle Dinge möglichst
899 3962 1090 4016 zu spät,
1111 3965 1911 4037 wichtig, aber keines völlig ernst nehmen.
897 4001 1094 4056 hl durch
901 4040 1094 4094 lbst wie¬
1186 4052 2151 4115 Jünger —?! Gott schütze mich vor ihnen; — da
916 4067 1096 4131 In der
1112 4099 1780 4174 sind mir die Freunde noch lieber.
885 4101 1093 4171 #ten doch
