3344 4224
1875 239 2347 344 box 35/3
21 273 1736 371 3. Buch der Sprueche und Bedenken
228 1056 3240 1279 gewinnbringenden Gütererzeugung für zulässiger hält. Er Ungarns durch Oesterreich längst geschwunden sei, daßszerrung bei dem gestrigen En
228 1174 3230 1327 empfahl zunächst, Auslandgelder für die Rationalisie= Ungarn dagegen ein eminentes Interesse daran habe, dem er 3300 Personen die Hand
2585 1222 3237 1312 Zustande der Illusion befindet
2580 1262 3247 1359 sein; sie ist unter allen Umständ
237 1260 2599 1435 Bernhardi“ unerbittliche Gegenwartskritik übte, zu einer stünde. Und da, um Schnitzler abermals zu zitieren, „das
2588 1319 3250 1413 Schnitzler selbst sagt es in an
1403 1308 2589 1415 Negative unserem Begriffsvermögen gemäßer als das Posi¬
1427 1353 2590 1453 tive“ ist, liegen die abgrabenden Wirkungen eines solchen
2592 1358 3251 1450 „eine höhere Wirklichheit, die a
241 1358 1418 1486 Zeit, wo zu dergleichen außer der Ueberzeugung zehnmal
1418 1384 2591 1501 Negativismus zutage. Hier wie dort unzulänglich, ja unzu¬
2581 1410 3248 1506 zu bescheiden, zu skeptisch oder zu
246 1399 1420 1515 mehr Mut als heute gehört hat! Schnitzler gegenwarts¬
1426 1438 2597 1547 gänglich, gewinnen Erkenntnis und Wahrheit im besten
243 1447 1418 1552 fremd? Und „Fräulein Else“ die Prophetie des Girltypus?
2675 1467 3249 1551 Nicht nur von höchstem geist
1420 1468 2608 1590 Falle ein Atom. Die Illusion verliert alles. Der Illusion
242 1482 1425 1619 Und der „Gang zum Weiher“, worin die „große Zeit“ sich
2588 1517 3240 1611 echt Schnitzlerschen tiefdringenden
1423 1538 2600 1656 aber rückt Schnitzler nicht nur im Metaphysischen, sondern
250 1533 1427 1652 menschlich spiegelt — doch da vergesse ich eines! Die fünf¬
2599 1572 3243 1649 sind jene Teile des Betenntnisb
1434 1574 2598 1693 auch in der Kunst zuleibe. „Die Wirkungen der Kunst",
253 1580 1431 1686 aktige dramatische Dichtung „Der Gang zum Weiher“ ist
2602 1613 3257 1694 lebnis glüht und seelisch=gedank
1430 1616 2611 1742 nctiert er, „beruhen nicht auf Illusion, sondern auf Ideen¬
258 1633 1433 1733 sonchl dem Publikum als auch der Kritik beinahe unbekannt.
2603 1661 3238 1747 stehen da, die, ohne sich irgend:
1432 1669 2604 1787 assoziationen. Das, was wir Illusion nennen, ist ein durch¬
259 1679 1436 1797 Man hat dieses Werk, das 1926 erschien bisher an keiner
2612 1704 3245 1789 groß sind, solcher Reinheit, solck
1441 1707 2612 1820 aus sekundäres Moment, das unter Umständen auch völlig
256 1717 1435 1845 einzigen deutschen Bühne aufgeführt. Weiter kann der
2610 1755 3235 1833 heit sind sie voll. Da heißt es e
1450 1758 2616 1872 fehlen kann.“ Wirke etwa eine Theater=Sterbeszene auf uns
268 1761 1441 1877 Kommerztheaterdirektor von heute die Schnödigkeit kaum
2611 1794 3255 1890 standen? Du hast verziehen? D#
1443 1799 2611 1915 mit besonderer Kraft, dann geschehe dies deshalb, weil wir
265 1812 1446 1926 treiben. Arthur Schnitzler, dem das deutsche Theater mehr
2608 1843 3256 1929 Mißverständnis! Du kast nur
1447 1834 2625 1962 uns „bei dieser Szene einer ungeheuren Fülle von Todes¬
265 1853 1447 1967 verdankt und dauernder zu danken hat als den meisten, die
2622 1892 3235 1971 „Fällt von einem immer noch
1445 1891 2623 1997 tatsachen erinnert haben.“ Je nachdem werde zum Beispiel
273 1889 1448 2004 es heute kundig beherrschen, findet keine Bühne, die sich
2622 1929 3248 2018 des Geschlechtes allmählich für d
1446 1927 2632 2057 die erste Assoziation, die der Tod des Hamlet auslöse, ent¬
279 1943 1442 2067 seines neuen Dramas entschlossen annimmt! Die Dokumente
2625 1978 3254 2063 das neue Wunder, daß das Kig
1445 1970 2620 2084 weder der Ted einer anderen Bühnenfigur oder eines anderen
284 1983 1455 2108 solcher beschämenden Vernachlässigung ließen sich, vermebren.
2622 2033 3221 2129 jenes Wesen war, bevor du es
1455 2015 2637 2139 Menschen sein. Was wir demnach als Eindruck eines Kunst¬
286 2034 1461 2145 Kein Wunder, daß einige Bitterkeit das einleitende Wort
2628 2074 3250 2152 liebst es besse als zuror.“ Odel
1469 2066 2626 2181 werkes empfänden, sei das Ergebnis aus einer Summe von
2629 2115 3258 2211 das Unfaßbare zu fassen und d#
283 2135 529 2209 diktierte:
1466 2112 2633 2231 Ideenassoziatienen und hänge in keiner Weise von dem
415 2127 1322 2234 „Berühmt? —Ach Gort, ich bin es viel zu sehr.
2643 2168 3252 2250 — das ist es, was unser Leben!
1461 2152 2629 2275 Grad der Täuschung“ ab, in die wir durch das Kunstwerk
419 2168 1322 2279 Wär's minder ich und kenntet Ihr mich mehr!“
2625 2203 3209 2302 unerschöpflich reich macht.
1465 2200 2643 2317 versetzt würden.... Auch hiemit kann man nur schrer über¬
384 2208 1467 2328 Dieses skeptische Geleitwort öffnet den „Sprüchen und
2625 2238 3247 2346 zichengen, die auf großem Zuf
1463 2253 2645 2368 einstimmen. Denn abgesehen davon, daß Schnitzler die gemüt¬
290 2266 1469 2378 Bedenken“ die Tür zu manchen Zweifeln, doch auch zu vielen
2633 2300 3256 2384 sich nur unter schmerzlichen un
1467 2302 2648 2424 hafte und die spirituelle Wirkung des Kunstwerks einander
294 2321 1485 2437 erlebnishaften prachtvoll klaren Beweisen. Zur zweifelnden
2640 2344 3227 2429 kleinem Stile weiterführen; 1
1467 2342 2653 2466 unterschiedslos gleichsetzt obschon nur die erstere, als die
305 2364 1464 2477 und Zweisel fördernden Gruppe gehören die rational ver¬
2647 2401 3249 2472 einen gemeinsamen jeelischen H
1465 2395 2644 2519 augenblickliche, gemeint sein kann, schreibt diese Wirkung
306 2404 1485 2526 neinenden Bemerkungen über Gllubigkeit und die Existenz
2644 2451 3206 2525 der Versuch, ihn mühselig zu
1484 2420 2640 2549 sich zwar nicht vom Grade der Täuschung, wohl aber vom
312 2452 1479 2566 eines höchsten Wesens, die sich, merkwürdige Zeit¬
2634 2495 3260 2582 Erkenntnishafte über den Ursprt
1470 2471 2653 2596 Grade des Fiebers her, in den das Kunstwerk den Betrachter
308 2486 1476 2607 fügung, mit der jüngsten Schrift Sigmund Freuds
2656 2540 3235 2629 Mensch will lieben, will h
1474 2524 2651 2652 gemüthaft versetzt er assoziiert, wenn überhaupt, gefühls¬,
311 2542 1479 2656 nahe berühren. Wer freilich der Ueberzeugung bleibt,
2646 2578 3268 2672 freude, Entrüstung, Reid, Ber
1475 2572 2647 2684 nicht verstandesmäßig. Der Tod des Hamlet „wirkt“ doch
308 2591 1480 2704 daß die Epoche an nichts so sehr als an der fürchterlich
2650 2625 3272 2710 und so wird er das Objekt im
1476 2610 2662 2736 nicht deshalb, weil der Zuschauer an den Tod des Schau¬
314 2637 1485 2762 um sich greifenden Desillusionierung und Idealzertrümme¬
2651 2673 3250 2756 des geringsten Widerstandes,
1492 2645 2659 2768 spielers X glaubte oder ihn nur für möglich hielte; sondern
326 2670 1497 2795 rung leidet, der wird, ohre sich ihrer persönlichen
2657 2718 3254 2794 das ideale Objekt zu findenn
1485 2699 2670 2821 deshalb, weil er kraft dieses Schauspielers, den Tof des
317 2725 1492 2834 Erkenntniskraft zu entziehen, solchen Dorlegungen trotz¬
1470 2732 2678 2888 Hamlet glaubt und, zur Spekulation augenblicklich r
329 2766 1488 2889 dem ferner stehen: sie eperieren, um einen Schnitzlerschen
327 2797 3264 2993 auch dort, wo unsere Existeng besser im positcen Vorzrichen nicht fährg, sich in einem höheren, entrückteren: eben im Seele an schwellsten und am
328 2816 1487 2930 Ausdruck zu gebrau ben, mit dem „negativen Vorzeichen“
