3344 4320
1967 221 2373 284 —.—
1472 280 1937 368 box 36/3
254 257 1323 381 Pamphlets offprints
1113 1052 1897 1131 ARTHUR SCHNITZLER
2129 1055 2275 1134 593
734 1143 2291 1252 the Marquise Severine, during an unusually brilling
733 1218 1782 1297 moment in the performance, remarks—
829 1268 2293 1355 * No! Iswear that’s genuine feeling! There's no acting
719 1337 1376 1422 about that, at any rate!
831 1408 2283 1482 Rorzin (te poet).“ Quite so! That’s the charm of
726 1467 2277 1540 it! At any moment one suddenly gets a lightning glimpse
735 1524 1031 1608 of reality.
830 1583 2266 1662 It is impossible to imagine a more subtle use of the
726 1660 2272 1719 device of a play within a play. With Schnitzler it is,
730 1742 2266 1789 indeed, no mere device, but an implication of his whole
734 1783 2257 1856 philosophy of life and art. Dramatic irony is the sub¬
734 1851 2264 1899 stance of the piece and no mere ornament or contrivance.
727 1907 2275 1963 Each of the twenty-two characters are touched in with
734 1968 2274 2022 light, bold strokes upon the momentous background of the
728 2034 2261 2092 French Revolution, which gives dignity and weight tothe
734 2093 2269 2170 episode. It is full of rapid movement. A succession of
723 2153 2264 2242 comic, even“ funny,' episodes does not hide a meaning
724 2213 1817 2290 as grave as that of the Festin de Pierre.
825 2273 2268 2337 Setting aside Der grüne Kakadu, Schnitzler is at his
734 2343 2263 2406 best in his latest novel, Der Meg ir Freie, which gives a
722 2410 2263 2472 picture of social elements in Vienna almost comparable to
731 2466 2262 2530 Thackeray’s view of London, or in such a one-act play
729 2524 2262 2586 as Die letzten Marken, which, under the title In a
735 2598 2255 2670 Horpital, was brilliantly performed some years ago by the
734 2647 2258 2728 Stage Society, and later by the Vedrenne-Barker company
735 2728 2267 2794 at the Court Theatre. In this piece the dying man,
726 2773 2265 2837 Rademacher, clings to his delusions and the prizes men
723 2836 2258 2917 pursue, until he suddenly becomes aware of the vast gulf
726 2897 2267 2954 separating himself, about to “go down into the pit,' from
728 2960 2259 3033 his literary rival and former friend, Weihgast. The striking
733 3022 2262 3084 scene will be remembered in which the healthy man, who
728 3086 2265 3145 enjoys the worldly success of a popular novelist, tries to
736 3146 2264 3210 draw from his old, sick, disappointed friend the confidence
725 3207 2266 3271 he seemed about to make. Rademacher has rehearsed the
723 3266 2264 3337 interview beforchand with the actor Florian, a fellow¬
720 3327 2277 3409 patient, doomed himself, though he does not know it. He
806 3398 1149 3471 No. 8.—VoL. II.
2361 4162 2418 4220 —
