3392 4224
1976 239 2437 338 box 35/3
1387 254 1506 324 Be
245 281 1838 359 Buch der Sprueche und Ludenken
349 1073 1332 1160 wllroe vom Stante eins bsendele Theiae, das Arin
1349 1093 3144 1159 0 0. Pen, vabtalonb h eer Ausdaue zaheen durfen. Die nalionaten Fore!
362 1121 1363 1194 für Denkmalschutz, aufgestellt, das um die Erhaltung!
1822 1141 3334 1211 derungen dürfen nicht bloß als deutsches Inter= auf Grund
1289 1137 1742 1210 T
1844 1182 2169 1237 grs A
357 1189 1718 1249 der auf dem Gebiete der Republik befindlichen Deul=Ac#nge#egenel
361 1237 3342 1299 mäler zu sorgen hat und bereits eine große Arbeit Knmitalrchtrrretes esse, sondern als Voraussetzung der Gesundung den eingel
2985 1234 3123 1295 E
1283 1267 1402 1322 EMSTTT
2236 1276 3150 1349 Man hat es so leicht, seine Erinnerungen zu schrei¬
3216 1279 3343 1368 Eri
1318 1294 2245 1371 Hinter unserer Tat, höllenweit, nie völlig zu be¬
624 1320 1041 1401 Bemerlungen.
2220 1345 3048 1422 ben, wenn man ein schlechtes Gedächtnis hat.
1290 1341 2238 1413 greifen, liegt das, was wir Schuld, — in Himmels¬
412 1368 1248 1473 Aus dem „Buch der Sprüche und Bedenken.“
1283 1385 2233 1465 ferne, von unserem sterblichen Auge nicht zu er¬
3158 1395 3338 1476 Ein pac
1301 1424 2240 1501 schauen, das, was wir Vergeltung nennen dürfen. Doch
608 1437 1065 1515 Von Arthur Schnitzler.
2248 1417 3150 1501 Ein gern geübter Sport mancher Politiker, Jour¬
3145 1454 3345 1526 „Erinner
1300 1471 2235 1550 daß beide sind, Schuld wie Vergeltung, dafür zeugl,
2230 1491 3146 1550 nalisten und Snobs ist es, irgend einem harmlosen.
385 1473 1306 1553 Massenerlebnisse geben keinerlei Aufschluß über
3147 1499 3342 1563 mer vom
1307 1526 2236 1596 was, mit uns geboren, ohne Unterlaß im Takt un¬
2219 1529 3139 1589 ehrenhaften oder selbst edel geborenen Worte einen
356 1532 1306 1609 das Wesen der Einzelseelen. Ob jemand als fromm
3139 1548 3338 1605 den Wun
1290 1574 1965 1658 serer Herzen schlägt, das Gewissen.
2210 1570 3149 1640 gelben Fleck anzuheften, wie man es in verschollenen
362 1576 1308 1645 oder als Zweifler, als Held oder als Feigling, als gut
3144 1587 3340 1652 fahren, d
2221 1619 3149 1681 Zeiten mit den Juden getan hat, damit sich der
366 1624 1324 1707 oder als böse geschaffen, erkennen wir erst dann, wenn
3141 1617 3349 1697 zum erstel
1331 1640 2237 1724 Die Lebenslüge manchen Staats wie manchen
2229 1661 3146 1738 Pöbel bequem und ungestraft über sie lustig machen,
360 1667 1320 1730 er in ein durchaus persönliches Schicksal gerät. Und
3148 1676 3336 1735 wundert
1304 1708 2232 1779 Judividuums: Daß sie den Bankerott noch erwarten,
2234 1722 3151 1777 sie beleidigen oder sie mißhandeln dürfe. In der
370 1715 1313 1791 so gewiß ein Gotteshaus voll Betern zur Hälfte aus
3139 1720 3328 1786 gewesen.
2218 1752 3154 1819 letzten Epoche sind es vor allem diese drei Worte,
1305 1753 2230 1829 ja sogar sein Ausbleiben noch für möglich halten zu
367 1750 1310 1830 Ungläubigen, eine Heldenschar zu Neunzehntel aus
3151 1763 3348 1830 ist. „Was
1309 1803 2175 1871 einer Zeit, da sie schon mitten darinnen stehen.
2216 1811 3144 1885 hinter denen die Gassenluben der Zeit her sind:
3140 1800 3348 1868 Allem vo
367 1796 1306 1879 Feiglingen bestehen kann, ebenso sicher ist es, daß
2219 1840 2842 1935 Fortchritt, Freiheit und Zweifel.
371 1848 1317 1911 eine Generation, die mit den feurigsten Worten Men¬
3136 1851 3351 1929 genomme
3137 1897 3334 1970 Fontane
376 1881 1329 1967 schenliebe predigt, mindestens ebensoviel kalte Egoi¬
1326 1881 2240 1954 Keine Tat, die mißlungene so wenig als die ge¬
3145 1930 3349 2015 zeitgemäß
377 1935 1312 2010 sten und sentimentale Bösewichter in ihren Reihen
1311 1920 2248 2011 glückte, ist aus der Welt zu schaffen. Auch das Beil,
2256 1930 3159 2021 Wie köstlich ist Einsamkeit, wenn wir wissen, daß
3175 1981 3352 2051 Wer au
1303 1974 2238 2067 das geschwungen wurde und nicht traf, wirkt un¬
372 1991 958 2076 zählt, als irgendeine vor ihr.
2238 1999 3166 2070 von irgendwoher in der Welt, würe es auch aus wei¬
3153 2021 3343 2086 den Spiel
1309 2023 2245 2098 aufbalisam weiter, wenn auch in anderer Weise und
2228 2041 3155 2110 ter Ferne, Sehnsucht nach uns ruft. Aber ist dies
3151 2070 3351 2139 Die Schö
1317 2055 2241 2142 manchmal selbst in anderer Richtung, als des Beil¬
410 2050 1312 2131 Wie der Astronom aus der geringsten Abweichung
2238 2082 3159 2156 denn auch noch Einsamkeit? Ist es nicht vielmehr
3150 2113 3358 2173 Eine vol
1317 2104 2249 2188 schwingers Absicht war, und es kann ein schlimmeres
386 2101 1318 2188 eines Gestirns aus seiner Bahn mit malhematischer
2241 2128 3158 2206 jene bequemste und verantwortungsleseste Art von
3144 2156 3343 2230 jede Sch
1318 2162 2236 2253 Mordwerlzeug gewesen sein, als wenn es getroffen
383 2163 1311 2229 Sicherheit die Einwirkung eines fremden Himmels¬
2234 2167 3162 2248 Geselligkeit, die nur zu fordern und zu nehmen ver¬
3151 2194 3351 2265 dringende
378 2206 1317 2273 körpers von irgendwoher im Weltenraum berechnen,
1322 2218 1462 2291 hätte.
2234 2221 3165 2308 steht, ohne jemals etwas herzugeben, ja ohne sich auch
3151 2247 3348 2306 Stirn arö
372 2225 1328 2320 ja vielleicht nun erst die Existenz dieses Himmels¬
2248 2263 3080 2353 nur jemals zu ihrer Schuldigkejt zu bekennen?
3159 2295 3348 2350 übergenei
1341 2266 2247 2351 Was den Bürger charakterisiert oder vielmehr das
381 2287 1331 2363 körpers festzustellen vermag: — ebenso wird der See¬
3149 2338 3350 2399 Raubtier
1323 2327 2255 2411 lächerliche, auch unter Proletariern und Abeligen
379 2341 1318 2416 lenkenner aus dem Blick, der Miene, der Gebärde,
3163 2378 3352 2438 mit eine
2268 2360 3163 2441 Nicht die Dummen sind es, die den schlimmsten
1319 2365 2255 2456 vorkommende Geschöpf, das heutige Literaten unter
383 2385 1318 2449 dem Tonfall eines ihm verlrauten menschlichen We¬
3154 2424 3332 2483 völligen
2248 2426 3162 2496 Schaden für die Entwicklung der Aenschheit bedeu¬
390 2434 1314 2499 sens, — aus den geringfügigsten Veränderungen also,
1323 2429 2244 2506 jenem Namen zu begreifen lieben, — das sind keines¬
3156 2460 3322 2527 Schmerz
2242 2468 3163 2537 ten, sondern die vielen gescheidten, oder allzu ge¬
1324 2471 2247 2545 wegs positive oder negative Eigenschaften besonderer
376 2454 1323 2541 die dem Laien entgehen — auf das Vorhandensein
3164 2489 3349 2573 verzerren
2239 2507 3167 2588 scheidten Leute, die, ohne eigentlich zu heucheln oder
384 2524 1331 2596 eines neuen, fremden Einflusses schließen dürsen, lang
1325 2502 2238 2597 Art, sondern vielmehr der Umstand, daß der „Bür¬
3159 2545 3349 2612 prachtvoll
2243 2560 3163 2634 zu lügen, die wunderbare Fähigkeit besitzen je nach¬
383 2564 1322 2625 ehe jenes Wesen selbst, ja auch wenn es sich überhaupt
1317 2541 2248 2648 ger“ es fertig lringt, auf seine Fehler, ja auf seine
3167 2601 3307 2656 discher
2243 2601 3168 2679 dem es eben ihr augenblicklicher Vorteil oder auch
385 2610 1324 2691 niemals der Abweichung von seiner Bahn bewußt
1314 2607 2257 2674 Laster gerodese stolz zu sein, wie auf seine Vorzüge
3165 2640 3350 2702 schen Lai
2238 2646 3174 2722 nur ihre Bequemlichkeit erfordert, ihren Verstand
1325 2652 2252 2729 und auf seine Tugenden und daß er in jedem Fall
378 2660 678 2748 werden sollte.
3165 2680 3350 2749 Verein u
2242 2692 3174 2764 willkürlich abzustellen, wie man in irgend einem
1320 2689 2266 2784 mit sich höchst einverstanden ist, eb er duckmäusert
2251 2721 3323 2811 Wohnraum, den man zu verdunkeln wünscht, ein Gott gel
415 2723 1329 2820 Kommt es Euch denn darauf an, die Wahrheit zu
1320 2761 1840 2839 oder über die Schnur haut.
3157 2772 3324 2847 lender
384 2774 1080 2858 erfolschen? Nein: Recht zu behalten.
2256 2788 2582 2877 Licht ausschaltet.
424 2810 1231 2903 Zu raten? Nein: Die Gescheidteren zu sein.
1358 2828 2275 2914 Kein Aermerer auf der Welt als der Reiche, der
430 2878 1108 2966 Zu helsen? Nein: Euch loszulaufen.
1294 2901 1965 2978 es nicht versteht zu verschwenden
1714 2994 1828 3154 9
2401 2963 3174 3223 A# Uem
2667 3169 3070 3354 12-3
2278 3194 2677 3363 5/13
2663 3289 2727 3361 9000
