3392 4320
35 260 1730 334 3. Buch der Sprueche und Bedenken
435 1271 1574 1377 Etastum seu dert „o. —t:
426 1354 874 1411 Besserung sein.
433 1431 1599 1513 verzeihen ohne zu vergessen. . ..“ Um solche kurzen, bis an
436 1494 1600 1546 den Nerv des Menschlichen dringenden Worte sagen zu
434 1522 1600 1597 können, muß man ein großer Denker sein. Nein. Ein großer
432 1590 615 1662 Mensch.
524 1604 1602 1693 Als philosophischer Denker, der beweist, daß der
435 1659 1603 1740 zünftige Dichter und der zünftige Philosowh nur Ver¬
1172 1711 1594 1785 sind, dokumentiert
439 1736 1180 1800 wandlungen derselben Urform
441 1767 1603 1833 Schnitzler sich in dem „Schicksal und Wille" über¬
442 1802 1591 1890 schriebenen Abschnitt. Hier gelingt es ihm, jenen windigen
441 1855 1590 1921 Begriff „Zufall“, mit dem unsere Bequemlichkeit sich aller
442 1898 1605 1980 Orten behilft, wenn uns die Zusammenhänge fehlen, als das
438 1946 1594 2034 zu entlarven, was er ist: als den banalen Namen für
441 1993 1602 2069 „Schicksal“. Schicksal und Zufall, dahin gelangt seine von
443 2040 1593 2112 Kant ausgehende, mit Beispielen schlagend unterstützte
446 2080 1593 2177 Schlußfolgerung, sind im logischen Sinne niemals Gegen¬
453 2137 1598 2208 sätze, sondern identisch... davon könnte, wenn man die
445 2170 1592 2257 handgreiflichen Nutzanwendungen zöge, nicht nur die Lehre,
448 2221 1604 2299 sondern auch das Leben prositieren! Nicht minder wäre dies
453 2266 1593 2334 bei den Erkenntnissen über Politik der Fall, die, scharf und
445 2312 1600 2384 gegnerisch, der Unehre die Wahrheit geben: „Politik,“ sagt
457 2363 1597 2430 Schnitzler (und erklärt damit, warum er sich ihr grundsätzlich
449 2412 1599 2484 fernhält), „das ist die Freistatt, wo Verbrechen, die sonst Ge¬
448 2450 1605 2522 fängnis oder Tod zur Folge hätten, wo Verrätereien, die
462 2493 1603 2582 sonst zu flammender Empörung aufriefen, no Lügen, die sonst
454 2549 1597 2615 im allgemeinen Hohngelächter untergingen, nicht nur vor
444 2583 1604 2669 diesen sonst natürlichen Konsequenzen bewahrt zu bleiben
446 2640 1604 2710 pflegen, sondern wo all diese Verbrechen, Verrätereien und
454 2680 1609 2748 Lügen als durchaus natürliche, wenn nicht gar rühmenswerte
448 2725 1608 2803 Betätigungen der menschlichen Natur angesehen werden.“ Mit
452 2775 1603 2838 dieser Lapidaranklage steht wohl nicht so sehr die Politik als
449 2817 1602 2877 Idee denn der Terrorismus der Politik am Pranger, der,
453 2867 1603 2934 man wende es wie man wolle, das Reaktionärste unseres
451 2913 1095 3002 demokratischen Zeitalters bleibt
549 2957 1619 3038 Angriffe nicht minder vehementer Art richtet Schnitzler
464 3007 1623 3112 gegen einen Lieblingsprügelknaben seiner Ungnade: Gegen
1868 222 2348 320 box 35/3
1600 1418 2770 1497 den Feuilletonismus. Bereits in seiner Schrift! „Der
1604 1466 2766 1531 Geist im Wort und der Geist in der Tat“, mit der
1609 1514 2762 1584 manche Bemerkungen des vorliegenden Buches überein¬
1610 1555 2760 1622 stimmen, hat er sich über all das, was er „Feuilletonismus“
1601 1612 2765 1667 nennt (und verabscheut) bündig ausgesprochen. Ich fühle
1612 1642 2766 1709 mich nicht getroffen und bin daher in der Lage, an Ort und
1617 1700 2772 1756 Feulletonstelle in die Diskussion einzutreten. Worin man
1601 1738 2772 1807 Arthur Schnitzler unstreitig beizupflichten hat, das ist; in der
1610 1793 2770 1861 Verachtung gegen alle Schreiberei, die nicht ausschließlich um
1611 1826 2771 1893 der Sache, sondern um irgendeines Nebenbei willen geschieht.
1604 1860 2774 1930 Das Nebenbei heiße: Opportunismus, Witz, Sympathie,
1611 1909 2775 1985 Antipathie oder wie immer. Nicht minder wahr ist es, daß
2782 1950 2869 2013 ers
1611 1963 2771 2022 das, was man „Feuilletonismus“ nennt, sich insofern über¬
1610 2021 2774 2077 lebt hat, als das Zu=Schreiben=, aber nichts Zu=Sagen=Haben,
2777 2031 2886 2097 vis-
1607 2053 2760 2116 nennen wir es meinethalben mit einem sanften Wort:
2775 2067 2872 2159 nig
1604 2092 2762 2156 das Plaudern, zu Recht oder Unrecht, in Mißkredit
2788 2124 2884 2182 tef
1612 2143 2772 2208 kam. Das Feuilleton als breitgetretene, schale Plauderei,
2787 2171 2879 2242 sein
1608 2189 2766 2254 und das Feuilleton als Mittel zum privaten Selbstzweck
2772 2223 2885 2278 Des
1618 2239 2767 2297 sind beide kompromittierend. Doch wodurch rechtfertigt sich
2777 2266 2890 2327 daß
1611 2277 2763 2338 die Vermutung, daß eine Rubrik die Rubrizierten geistig
2774 2310 2902 2371 ders
1613 2322 2767 2376 infiziere? Wodurch die Annahme, daß die schlimmsten
2772 2358 2892 2427 eine
1623 2368 2771 2437 Feuilletons in den Zeitungen, und nicht (wie es wahr ist) im
2779 2402 2900 2468 schre
1613 2411 2772 2475 Leben erscheinen? Der Unterschied ist nur der: Die Oppor¬
2822 2453 2906 2517 es
1628 2468 2768 2521 tunisten und Schwätzer unter den Feuilletonisten brandmarken
1625 2504 2772 2568 sich, da sie ja öffentlich Feuilletons schreiben, selbst; die
1617 2545 2766 2616 Opportunisten und Schwätzer in den übrigen Berufs¬
1613 2588 2768 2653 kategorien aber bleiben verborgen, da sie bloß tadelnd lesen,
2843 2576 2995 2679 1
1615 2638 2769 2698 was sie selbst nicht besser geschrieben hätten. Uebrigens fehlt
1616 2669 2776 2749 unter den abschätzigen Bemerkungen Schnitzlers ein sachliches
1630 2708 2779 2798 Zugeständnis: jenes, welches das Feuilleton als Kunst= ja
2774 2755 2975 2834 kom
1623 2756 2768 2833 vermöge seiner leichten Zulänglichkeit als Lehrform gelten
2781 2809 2974 2885 für
1620 2826 2769 2883 ließe, doch eben das Feuilleton als Kunstform ist Arthur
2769 2860 2913 2931 gliet
1609 2864 2766 2931 Schnitzler so viel schuldig geworden, daß er zum Ausgleich
2772 2899 2924 2961 Sok¬
1626 2912 2765 2983 auch einmal Arthur Schnitzler als seinen Schuldner
2767 2950 2924 3021 Stack¬
1621 2970 1889 3041 buchen darf.
2329 2985 2944 3078 Ernst Lothar. wähn#
2796 1400 2846 1468 n
2770 1461 2848 1519 2
