3296 4224
1897 244 2392 342 box 35/3
1556 249 1625 324 n
167 260 1798 375 Buch der Sprueche und Bedenken
2702 690 3187 770 25. Dezember 1924
1676 703 2365 786 Neue Freie Presse.
920 711 1333 790 Wien, Donnerstag
360 721 654 804 Nr. 21654
501 1052 631 1137 5233
329 1091 500 1170 S
1825 1045 3268 1173 del „Neueh Neien Piess
523 1112 636 1176 28
720 1016 1833 1211 Weihnachtsbeilage
395 1142 724 1230 N 3363
2377 1177 2528 1247 S
2453 1169 2608 1248 Sesehen
2765 1177 3278 1286 S
2713 1188 2776 1266 815
2262 1190 2651 1277 OTEA
1075 1194 1248 1276 S
758 1207 974 1267 S
534 1214 1206 1335 ee
1909 1288 1976 1331 #7
1875 1298 2319 1387 S
2753 1369 3271 1461 Es ist immer noch besser,
1481 1383 2664 1480 eine Stirn so mächtig ballt, als könnte in jedem Augenblick
1130 1401 1474 1484 (Nachbruck verboten.)
2678 1422 3285 1504 den tiefen Abgrund ewiger Frei
1496 1451 2675 1522 ein flammender Blitz von Wirklichkeit daraus nieder¬
2681 1484 3277 1542 reichen, als wenn sie einander
1510 1499 2398 1580 fahren, um zu leuchten oder um zu vernichten.
647 1493 1198 1605 Bemerkungen.
2682 1531 3287 1617 des Verstehens gerührt in die A
360 1576 1456 1690 Aus dem Buch der Sprüche und Bedenken.
2762 1640 3295 1732 Was das Leben so mühe
1591 1635 2675 1743 In jeder wirklich guten Anekdote steckt der Keim zu
562 1661 1267 1755 (Im Buchhandel noch nicht erschienen.)
2674 1697 3290 1780 macht, das ist nicht einmal die
1514 1709 2672 1785 einem Mythos, jede dichterische Allegorie nimmt die Richtung
2676 1754 3286 1827 Lüge in all ihren Forme
625 1742 1222 1840 Von Arthur Schnitzler.
1515 1771 1978 1857 nach einem Symbol zu.
2691 1792 3254 1867 Schlimmere ist, daß wir
411 1821 1506 1905 Dem vollkommen wahrhaften Menschen haftet meist
2688 1843 3266 1920 manchmal sogar geneigt si
2675 1893 3283 1959 auseinanderzusetzen, als wenn i
316 1884 1515 1974 etwas Pedantisches, zuweilen etwas Schrullenhaftes,
1591 1907 2678 1969 Wir sind in jedem Falle verdammt, unsere Neben¬
2685 1948 3284 2000 mit der Lüge zu paktieren, als
328 1935 1510 2012 gelegentlich sogar etwas Bösartiges an, so daß man sich
1515 1951 2679 2024 menschen auszunützen; nicht nur aus sogenannten egoisti¬
2674 1991 3282 2074 gar die Wahrheit selber wäre.
327 1987 1509 2048 seiner hohen Tugend so recht von Herzen doch nicht erfreuen
1521 2000 2679 2073 schen Gründen, sondern in einem tieferen Sinne: zur Er¬
333 2034 1511 2104 kann. Denn wie destilliertes Wasser nicht nur fade schmeckt,
1506 2041 2690 2133 füllung unseres durch unsere Anlagen bedingten Schicksals.
326 2076 1508 2145 sondern auf die Dauer nicht einmal den Durst zu stillen
1516 2096 2689 2169 Die Menschen, die wir zu diesem Zweck nicht
339 2120 1503 2194 vermag, und etlicher, im chemischen Sinne verunreinigender
2770 2113 3293 2203 So mancher glaubt, im
1523 2137 2689 2214 brauchen können, entfernen wir unwillkürlich aus unserer
332 2168 1511 2246 Bestandteile dringend bedarf, um überhaupt genießbar zu
2693 2180 3288 2247 Glücke nachzuweinen, und es i
1515 2188 2692 2263 Nähe, und mit unbewußtem Scharfblick wählen wir aus der
339 2212 1511 2290 sein, so muß in der menschlichen Seele dem Reinen etwas
2683 2227 3308 2318 schiedene Schmerz darum, dem
1514 2237 2683 2311 Menge der uns Begegnenden eben diejenigen aus, die
340 2263 1503 2329 Trübes, dem himmlischen Element ein irdisches, wenn nicht
1508 2284 2681 2374 jihrem Wesen nach dazu geschaffen sind, uns das
331 2304 1504 2384 gar teuflisches, und somit auch der Tugend aller Tugenden:
1518 2319 2688 2402 unsere entdecken und entfalten und so unser Schicksal
2782 2334 3301 2419 Im Herzen jedes Aphoris
331 2359 1514 2426 der Wahrhaftigkeit, ein leiser Hauch von Lüge beigemischt
1511 2393 1903 2472 erfüllen zu lassen.
339 2401 1514 2473 sein, damit die edle Eigenschaft nicht nur zu ideeller Ent¬
2702 2390 3306 2484 es sich gebärden möge, schlägt e
331 2450 1527 2521 faltung, sondern auch zu fruchtbarer Wirkung in die Welt
1594 2475 2699 2563 Daß wir enttänschen, das mag uns oft genug
332 2511 694 2583 gelangen könne.
2210 2537 2702 2603 es genügt dazu, daß
1523 2544 2151 2615 ohne eigene Schuld begegnen;
2856 2531 3309 2646 Parabel vo
1526 2584 2695 2662 Menschen, die uns überschätzt oder auch nur nach Verdienst
426 2589 1521 2681 Ideen — mögen zwischen ihnen auch Gegensätze
1522 2647 2701 2712 gewürdigt haben, sich von uns fort oder über uns hinaus
2892 2628 3302 2719 (Aus einem Zykl
343 2673 1491 2731 walten, die unserem irdischen Auge unausgleichbar scheinen —
2563 2677 2696 2746 Be¬
1526 2685 2568 2751 entwickeln, oder daß sie sich das auch nur einbilden.
345 2698 1515 2781 sie werden am Ende doch versöhnt durch die Unendlichkeit
2975 2695 3308 2808 Von Anton
1529 2698 2707 2806 stätigen aber müssen wir uns immer wieder aufs neue,
1105 2748 1524 2817 sie dürfen noch so
346 2757 1081 2832 schweben. Ueberzeugungen —
1522 2780 2458 2870 mit jedem Tag — aus eig'ner Mühe und Kraft.
349 2803 1524 2866 scharf aneinander geraten — es sind doch immer Ehren¬
2714 2786 3309 2885 Heute gab mir der Schmied am
347 2837 1531 2910 händel, die ritterlich zwischen ihnen ausgetragen werden
2751 2861 3287 2926 Eben kam ich des Wegs,
335 2885 1534 2955 können. Parteien aber — und hätte sich selbst eine oder
2697 2885 3301 2988 Fichtenstämme, gewaltige, hat
1611 2907 2701 2981 Die Eigenschaften unserer Nebenmenschen wie unsere
340 2929 1530 3022 die andere ein vernünftiges Ziel gesetzt — stehen einander,
2757 2949 3307 3031 Der vor der Schmiede hie
1534 2948 2709 3040 eigenen sind uns immer nur ihrer qualitativen Bedeutung
350 2984 1528 3058 auch wenn sie sich gegenseitig nur Worte ins Gesicht
1532 3008 2704 3086 nach offenbar; und es ist kaum vorherzusehen, bis zu welchem
345 3027 1526 3121 schleudern, immer, mit geballter Faust in der Tasche, als
2698 3018 3300 3119 Im gelockerten Riemzeug stat
1534 3055 2698 3130 Grad irgendeine Eigenschaft unter bestimmten Umständen
2763 3093 3307 3146 Aber Mähne und Schweif h
362 3097 804 3178 Raufbolde gegenüber.
1544 3093 2705 3169 sich zu entwickeln vermag. Wenn sich uns also das
2707 3132 3308 3197 Warfen die Häupter klirrend i
1540 3140 2701 3223 Bild eines Wesens durch solche unvorhergesehene Weiter¬
2763 3174 3299 3264 Peitschten die Fliegen von sie
1528 3179 2710 3274 entwicklung einer Eigenschaft zu verändern, sich manchmal
450 3178 1527 3270 Die wahre Objektivilät, daher auch die absolute
1541 3238 2707 3322 geradezu in sein Widerspiel zu verwandeln scheint, dürften
345 3242 1527 3319 Gerechtigkeit, wird immer nur eine Idee bleiben; zwischen
2709 3257 3307 3353 Doch da nahte der Meister u
1529 3282 2707 3364 wir nicht von Enttäuschungen, sondern müßten eher
354 3296 1524 3372 Strenge und Milde, zwischen Haß und Liebe, ja zwischen
1547 3309 2717 3401 von Bestätigungen reden; und es tut nichts zur
358 3338 1528 3416 Treue und Verrat, eine mathematische Linie, unserem Auge
2764 3343 3309 3450 Hob nun dem Hengste das
1539 3380 2716 3448 Sache, daß solche Bestätigungen, die unserer Menschen¬
356 3387 1535 3449 unfaßbar, zieht sie sich hin. Nun aber vermag auch der
1539 3416 2706 3496 kenntnis doch nur schmeicheln sollten, uns viel schmerzlicher
357 3430 1536 3515 sicherste Schritt nicht so mittenwegs zu wandeln, daß er nicht
2708 3431 3300 3530 Mit dem Messer zuerst gerein
1539 3468 2706 3547 berühren, als es die eigentlichen Enttäuschungen zu tun
361 3477 1539 3548 nach der einen oder der anderen und, wie die menschliche
2758 3502 3300 3573 Ward das mächtige Horn, k
359 3514 1536 3598 Natur nun einmal beschaffen ist, meist nach der übleren
1536 3539 1741 3613 pflegen.
2741 3550 3308 3624 Jetzt mit der Zange ergriff de
357 3565 1536 3654 Seite abweichen müßte; und so kommt es, daß menschliche
2761 3588 3300 3667 Preßte dem Hufe es an, rat
358 3614 1545 3684 Gerechtigkeit ohne jede böse Absicht sich öfter für strenges
1625 3608 2719 3691 Politische Ueberzeugung —? Das ist oft nichts anderes
2720 3641 3309 3707 Doch da entriß sich der Hengst
355 3657 1543 3767 Vorgehen entscheidet als für mildes, daß sie geneigter ist, zu
1549 3679 2710 3752 als die bequeme Larve, hinter der ein Lump seine widerliche
2762 3681 3304 3763 Wären Fuhrmann und Sch
360 3707 1545 3781 verwerfen als gutzuheißen, und daß das Renegatentum
1539 3723 2717 3809 Fratze verstecken möchte, um — unter dem Schutz der Masken¬
2719 3725 3308 3802 Aber sie duldeten nicht die L#
358 3756 1540 3852 eine viel weiter verbreitete Seelenverfassung vorstellt als
1547 3762 2723 3850 freiheit — auf dem politischen Faschingsrummel, den wir
2772 3783 3308 3839 Und mit mutiger Kraft n
1546 3819 2713 3894 am Aschermittwoch Weltgeschichte zu nennen lieben, an¬
353 3824 731 3907 der Fanatismus.
2723 3827 3307 3912 Klingend traf nun der Ham
1544 3860 2670 3951 gestraft oder gar bejubelt sein feiges Unwesen zu treiben.
2772 3903 3278 3986 Und das Eisen saß fest
454 3900 1548 4001 Was als Persönlichkeit auf uns wirkt, das ist gleichsam
368 3967 1588 4063 ein dunkles Gewölk von Möglichkeiten, das sich um
2716 4024 3309 4104 dingungen geknüpft, aber es
1549 4041 2723 4116 ablegt, tritt die Leidenschaft hervor, wie sie im Leben dieses
2735 4073 3303 4138 nicht an den Tag gelegt,
1552 4101 2731 4174 Mannes, aus dem von ihm geliebten Mädchen hervorbrechend,
1547 4118 3300 4195 als reine, aber übergewaltige, fast rasende unbedingte Liebes= sondern nur durch ihre Erfüllt
515 4115 1403 4233 Stifters „Nachsommer“.
