3392 4224
152 276 218 352 3
1900 231 2436 339 box 35/3
244 246 1834 363 Buch der Sprneche und Bedenken
2705 1283 3331 1368 en Dapn durch die ganze Peter
530 1313 2015 1379 29 Mordens iebendig war, treulos vergessen würde, wenn unterzeichnentun
537 1356 3331 1401 alles was selbst in vielen Männern dieses blutigen Hand= wir mit einer gewissen Genuglbung untel dem Protest. Er istgedrängte Volk begeistert an
2771 1388 3162 1443 und Hüten winkte.
527 1398 2650 1446 werks nicht aus dem Nachlassen der Spannkraft, sondern aus jetzt glücklich da gelandet, wo er offenbar hingehört.
2800 1472 3336 1547 überlegen zu fühlen — wenn¬
1673 1485 2809 1548 freude, soweit sie nicht durch persönliche Sympathie, besser noch
2800 1533 3322 1584 Schick,al für eine Weile in
1673 1536 2812 1599 durch das Vorhandensein eines mit dem (vermeintlich oder wirk¬
659 1500 1578 1620 Bemerkungen zum Thema
2817 1567 3325 1622 wenigstens durch ein bißch
1681 1576 2810 1635 lich) Geschädigten gemeinsamen und somit gleichfalls gefähr¬
2812 1618 3324 1682 Stunde die Laune verderber
1680 1624 2346 1686 deten Interesses gebändigt scheint.
800 1505 1440 1705 nertnst ans weitk.
2802 1648 3327 1728 daß er eine solche Gelege
1731 1659 2812 1721 Und ihr verlangt im Ernst, daß der Rezensent um der
866 1675 1384 1762 Von Arthur Schnitzler.
1675 1699 3053 1766 Wahrheit willen einen boshaften Witz, eine amüsante Ent= lassen will?
2862 1721 3335 1807 Es wäre töricht, den Se
1684 1735 2827 1810 stellung, ein heuchlerisches Wort des Bedauerns unterdrücke, da
742 1726 1685 1811 Aus dem noch nicht erschienenen „Buch der Sprüche
2819 1777 3337 1852 dem Worte Neid abzutun
1675 1788 2811 1855 er doch in jedem Falle der Schadenfreude als einer so mächtigen,
685 1785 1382 1868 und Bedenken“. Nachdruck verboten.
2814 1812 3325 1891 Absicht, automatisch gewis
1671 1820 2814 1878 niemals versagenden Verbündeten sicher sein darf, durch deren
2806 1867 3311 1939 kommt so selten! — sich f
589 1884 2820 1950 Winigen Menschen ist es gegeben, einem Kunstwerk Beifall und Vergnügen er sich immer wieder exkulpiert, bestätigt
2808 1915 3327 1978 oft genug ungerechtes Sch
1679 1925 2507 1991 und für die Zukunft ermutigt finden wird?
551 1931 1691 1996 als ruhig Betrachtende gegenüberzustehen; aber kaum einer
2814 1947 3336 2012 hindurch schadlos zu halten
543 1967 1697 2030 ist fähig oder gewillt, während er das Werk auf sich wirken
2821 2001 3325 2058 reagieren versuchen. Und
1732 1997 2823 2080 Dem Krtiker ist es so leicht gemacht, eine Abneigung, die
537 2015 1697 2079 läßt, im Nachgefühl oder in Gespräch darüber einfach ein
2821 2032 3322 2101 menschlichen Dingen nichts
532 2055 1693 2118 Betrachtender zu bleiben. Unversehens wird er zum Kri¬
1689 2070 2828 2122 er etwa gegen einen Autor, dessen Per önlichkeit, dessen Werk
2817 2081 3339 2145 auch das gelungene, das bei
539 2103 1692 2176 tiker, indem er an dem Werk seine Urteilskraft zu erweisen,
1696 2112 2821 2164 empfindet in einer völlig gefahrlosen Weise zum Ausdruck zu
2815 2119 3333 2184 von irgend einem freigewäh
551 2148 1625 2224 seinen Witz zu üben, sein eigenes Wesen zu messen sucht.
1679 2148 2822 2210 bringen daß er schon einer ganz besonderen Charakterstärke
2815 2158 3330 2238 gri'fspunkte bietet, da ferne
607 2187 1688 2246 Der Naive tut das vorerst ohne jede, gewiß ohne jede
1683 2196 2823 2254 und Selbstüberwindung bedarf, um dieser Verführung nicht
2810 2216 3342 2278 als durchaus erlaubt, aber
549 2221 1692 2307 übelwollende Absicht; aber auch in ihm kommen bald die an¬
1678 2231 2010 2305 zu unterliegen.
2819 2258 3334 2321 keiten, Bosheiten auf dies
1606 2277 1703 2336 —:
542 2275 1630 2352 geborenen menschlichen Eigenschaften zu ihrem Recht —
1754 2280 2814 2339 Es ist kaum der Mühe wert, in diesem Zusammenhang von
2821 2303 3325 2362 ständig angesehen werden;
544 2322 1687 2390 Eitelkeit und Besserwisserei, der Drang vor sich selbst und vor
1695 2306 2821 2379 der Schar talentloser oder bösartiger Individuen zu reden.
2819 2343 3340 2405 verdüsterten Gemüt sich au
1389 2357 1695 2427 so daß er im
549 2375 1364 2425 anderen als der Ueberlegene dazustehen,
1687 2363 2826 2418 die, wie in jedem anderen Beruf auch in dem der Kritiker die
2812 2373 3337 2447 gehaßten Autors blind zu
545 2407 1695 2465 höheren Maß bereit sein wird, die schwachen Seiten eines
1689 2409 2815 2471 Mehrzahl bilden; aber es gibt zu jeder Zeit auch recht begable
2818 2429 3330 2489 sich und vor anderen auch n
1691 2454 2824 2506 Schriftsteller, denen, um durchzudringen, weiter nichts man¬
547 2459 1552 2512 Werks aufzuspüren, als dessen gute gelten zu lassen.
2861 2469 3351 2541 auch wenn sie diesen A##
618 2470 1706 2553 Und wir wollen diese allgemein menschlichen Eigenschaften
1692 2494 2821 2550 gelt, als jenes geheimnisvolle Element das ein Künstler be¬
2814 2518 3312 2587 durchaus verwirkt hätten.
1699 2534 2822 2587 sitzen muß, damit seiner Erfolgen Intensität und Dauer be¬
538 2526 1702 2597 gerade demjenigen übelnehmen, der aus dem Kritifieren seinen
2418 2578 2826 2640 ein Mangel, den der
1693 2576 2439 2640 schieden sei —: Persönlichkeit, —
538 2584 953 2658 Beruf gemacht hat.
2867 2596 3347 2674 Sobald ein Kunstwerk,
1686 2612 2836 2692 Betroffene selbst zu fühlen oder gar sich selber einzugestehen
2811 2643 3336 2715 seinen Weg beginnt, bietet
607 2658 2285 2718 Allerlei Schwächen, die wir manchmal geneigt sind, dem nur selsen imstande sein wird.
2814 2692 3349 2766 spiel dar: wie ein boshafter
1737 2692 2829 2757 Muß es solche Leute, die als „Schaffende“ immerhin ihr
545 2705 1705 2765 Kritiker als Individuum anzukreiden, haben offenbar mit seiner
2827 2748 3332 2809 Renners springt irgend ei
556 2762 1709 2807 Person, mit Mängeln seines Charakters, seines Talents oder
1697 2746 2823 2801 Bestes und damit oft genug Gutes, ja Wertvolles geben, und
2819 2783 3348 2849 setzt sich dort fest und schnei
558 2798 2813 2860 seiner Urteilskrat kaum etwas zu schaffen. Es drückt sich in die noch niemals über die Anerkennung eines kleinen Kreises
2812 2819 3348 2895 bei dem rasenden Ritte allm
1700 2834 2819 2892 hinausgelangen; die überdies in jenen Seelentiefen wo auch
556 2832 1706 2893 diesen Schwächen oft nur der immanente Geist der Kritik aus,
2825 2878 3340 2933 Atem und Leben verliert —
555 2882 1705 2938 ihre Erbsünde könnte man sagen, der jeder, der nun einmal
1697 2885 2812 2937 die Möglichkeit eines Selbstbetrugs nicht mehr besteht, ahnen
2815 2918 3329 2978 das edle Tier eingekrallt,
1694 2927 2823 2980 mögen, daß auch die Nachwelt sie für die Trübnis ihres Erden¬
555 2924 1698 2984 diesen Beruf ausübt, unweigerlich verfallen ist. Für die Richtig¬
2819 2943 3347 3023 noch der verdorbene Leichne
1687 2969 2830 3027 wallens kaum entschädigen dürfte — muß es diese Leute
557 2961 1707 3024 keit dieser Annahme scheint mir ein Beweis zu sein, daß auch
2818 2998 3350 3065 blick, auf dem Rücken de
559 3005 1710 3068 Au oren (ja besondets solche), die sich über erlittene Angrisse
1699 3011 2821 3067 nicht mit Groll ersüllen, wenn sie sehen, daß irgend ein Be¬
2813 3049 3342 3119 bleibt, ehe er herunterstürzt,
557 3046 1710 3110 nicht heitig genug entrüsten konnten, sobald sie selbst in die Ge¬
1706 3053 2821 3111 rufsgenosse, der ihnen an eigentlicher Begabung vielleicht nicht
553 3091 1700 3155 legenheit kommen, an dem Werk eines andern Autors Kritik
1702 3098 2828 3157 einmal sonderlich überlegen ist und der eben nur durch jenes
550 3134 1694 3207 zu üben, die gleichen und oft noch viel üblere Rezensenten¬
2860 3119 3327 3201 Manchmal möchte man
1701 3131 2833 3200 geheimnisvolle Element der Persönlichkeit stärkere Wirkungen
563 3179 1703 3237 manieren anzunehmen pflegen als die, die ihnen höchst ver¬
2817 3179 3342 3245 Ereignisse erfolgten nur zu
1698 3170 2827 3240 ausstrahlt, ideelle und materielle Vorteile genießt, die ihnen
564 3225 1701 3305 werflich dünkten, da sie sie am eigenen Leib zu verspüren hatten.
1706 3219 2832 3288 im allgemeinen versagt bleiben? Und wenn nun einem von
2814 3214 3353 3284 immer wieder einen neuen
1700 3270 2823 3325 diesen Leuten Gelegenheit gegeben ist, seinem gepreßten Her¬
2816 3257 3351 3332 trachtung von Kunstwerken
1105 3273 1181 3325 3.
1699 3314 3360 3366 zen Luft zu machen, eine kurze Frist — so lange er eben die man die Bedeutung der W#
620 3299 1711 3375 Eines der stärksten, jedenfalls aber das kontinuierliche Ele¬
555 3363 3352 3426 ment in der Beziehung von Mensch zu Mensch ist die Schaden¬! Feder in der Hand hält, sich dem glücklicheren Berufsgenossen mit Vorliebe an der „großen
