3296 4224
1963 220 2416 320 box 35/3
128 232 1814 346 3. Buch der Spruecheund Bedenken
1406 1134 2358 1198 der Vorwalrung und sonstigen höheren Verwaltungs¬
2425 1160 3307 1232 Der spanische Miniterptasident und der deutsche
459 1168 1395 1245 ###iinen Aagustehen, und ercha vom Partikula¬
1413 1196 2363 1248 beamten, werden gerade die tüchtigston Juristen sich
2378 1218 3304 1275 Potschafter haben das deutsch=spanische
422 1230 1393 1301 rismus, von „der Aufwertung oder dem Kon¬
1415 1236 2364 1287 nicht der Rechtspflege zuwenden, sondern den Zwei¬
2478 1258 3150 1313 tfahrtabkommen unterzeichnet.
2366 1269 2423 1317 9
433 1267 2361 1341 fessionalismus aus „große Politik“ zu treiben! gen der Verwaltung. Das wirkt zum Schaden
437 1332 525 1400 80
2424 1359 3295 1408 Das Beste, was Liebende im Laufe der Zeit ein¬
1449 1366 2356 1432 Herabgekommene menschliche Beziehungen, Liebes¬
2377 1398 3301 1464 ander werden können, das ist: Surrogate ihrer
1401 1412 2354 1467 beziehungen ganz besenders, haben zuweilen wie
411 1391 1387 1482 Beziehungen und Einsamkeiten
2371 1429 3111 1512 Träume oder Symbole ihrer Sehnsucht.
1403 1442 2362 1494 verarmte Adelige ihren lächerlichen oder auch rühren¬
1406 1488 2363 1540 den Bettlerstolz, den wir in jedem Falle achten, am
687 1478 1121 1556 Von Artur Schnitzler
1401 1524 2358 1572 wenigsten aber durch eine zur Schau getragene Teil¬
2437 1521 3306 1585 Was einer Frau an Courage zum Selbstmord
479 1535 1382 1608 Es gibt mehr Arten von Einsamkeit, reinere,
1410 1567 1844 1633 nahme verletzen sollen.
2421 1571 3307 1633 hlen mag, ist sie entsprechendenfalls ohne weiteres
423 1582 1382 1646 schmerzlichere, tiefere, als die wir so zu nennen
2389 1605 3151 1671 in der Lage, durch Bosheit zu ersetzen.
418 1624 1387 1683 pflegen, Ist es dir noch nie begegnet, daß plötzlich
1466 1624 2358 1704 Die Liebe einer Frau kannst du dir durch
425 1667 1397 1729 in einer großen Gesellschaft, nachdem du dich
1414 1682 2366 1725 mancherlei verscherzen: durch Vertrauen und Miß¬
428 1703 1380 1753 eben noch ganz wohl und vergnügt befunden, alle
2563 1687 3304 1764 chee gestehen, das bedeutet meist einen
1412 1718 2364 1775 trauen, durch Nachgiebigkeit und Tyrannei, durch zu
426 1736 1398 1793 Anwesenden dir wie Gespenster und du selbst dir
2376 1740 3304 1818 hinterhältigeren Betrug, als alles verschweigen.
1409 1761 2354 1825 viel und durch zu wenig Zärtlichkeit, durch alles und
612 1787 1395 1840 einzige Wirkliche unter ihnen allen er¬
424 1787 572 1836 als d
1412 1795 1675 1860 durch nichts.
420 1820 1394 1882 schienest? Oder wurdest du noch nie mitten in
2422 1808 3287 1882 Eine kluge Frau sagte mir einst: Die Männer sin
434 1858 1395 1906 einem höchst anregenden Gespräch mit deinem
2370 1870 3273 1932 sich ohne weiteres klar darüber, was sie bei mn
1470 1853 2362 1941 Aus einem bestimmten Anlaß betrügen, heißt bei¬
418 1885 1397 1954 Freund der völligen Unsinnigkeit all eurer Worte
2391 1912 3167 1960 erreicht hoben; aber was sie alles bei uns n
1415 1914 1828 1978 nahe schon treu sein.
427 1933 1396 1988 und der Hoffnungslosigkeit bewußt, einander jemals
2386 1945 3307 2014 reicht haben, davon haben sie meistens kein
432 1974 1392 2030 zu verstehen? Oder ruhtest du noch nie selig in den
1458 1963 2358 2032 Jede Liebesbeziehung hat drei Stadien, die un¬
2402 1991 2628 2056 Ahnung.
433 2010 1383 2063 Armen deiner Geliebten und spürtest mit einem
1408 2025 2374 2084 merklich ineinander überfließen: das erste, in dem
429 2050 1384 2103 Male unfrüglich, daß hinter ihrer Stirne Gedanken
1419 2060 2373 2115 man auch schweigend miteinander glücklich ist; das
2432 2054 3175 2129 Auf hundert Frauen, die sich nicht in der
427 2089 1380 2149 spielen, von denen du nichts ahnst? All dies ist
1416 2091 2366 2160 zweite, in dem man sich schweigend miteinander lang¬
2375 2108 3225 2155 verlieben, sondern in dessen Ruhm, in dessen 9
424 2114 1387 2185 schlimmere Einsamkeit als das was wir gewöhnlich
1406 2127 2361 2184 weilt, und das dritte, in dem das Schweigen,
2391 2149 3179 2197 tum oder auch in dessen verbrecherische
427 2160 1394 2212 so zu nennen pflegen: das Alleinsein mit uns selbst.
1410 2180 2372 2237 gleichsam Gestalt geworden, zwischen den Liebenden
2390 2188 3223 2241 kommt noch nicht ein Mann, der eine Frau d
437 2204 1390 2254 Denn dieses, gemessen an all jenen anderen wirk¬
1418 2219 1975 2284 steht wie ein boshafter Feind.
2391 2221 3220 2272 begehrte, weil sie berühmt, weil sie reich oder
428 2239 1395 2305 lichen Einsamkeiten, in denen Unheimlichkeit, Ge¬
2386 2262 3229 2321 sie eine Verbrecherin wäre. Jede dieser Eigensch
439 2280 1403 2333 fahn und Verzweiflung ist. bedeutet einen so harm¬
1463 2273 2372 2335 Kein Gespenst überfällt uns in vielfältigeren Ver¬
2382 2301 3246 2357 wird ihm vielleicht einen Reiz mehr bedeuten.
433 2316 1402 2376 los=h baulichen Zustand, daß wir dies Zusammon¬
1424 2328 2362 2401 kleidungen als die Einsamkeit, und eine ihrer un¬
2380 2345 3265 2402 niemals den eigentlichen Anlaß, eine Frau zu lieb
434 2350 1402 2422 sein mit uns selbst eher als die mildeste und be¬
1410 2374 2120 2445 durchschaubarsten Masken heißt Liebe.
2461 2381 3180 2436 ist eine Eigentümlichkeit der Frauen, d
426 2395 1329 2468 quemste Form der Geselligkeit empfinden sollten.
2392 2413 3304 2483 ein Begriff genügt, um ihre Sinne zu entflamme
1461 2431 2366 2493 Wenigen Frauen ist persönlicher Gerechtig¬
1422 2484 1478 2538 ke
1665 2484 2362 2546 eingeboren; den meisten fehlt sogar
483 2478 1395 2546 Die Seele mancher Menschen scheint aus einzelnen
2434 2490 3255 2560 Ein Liebeszank endet selten mit einem wirkli
1417 2524 2364 2581 jedes Verständnis für das Vorhandensein eines sol¬
430 2533 1406 2574 gewissermaßen flottierenden Elementen zu bestehen,
2393 2533 3243 2605 Frieden; meist ist es nur ein Waffenstillstand.
1410 2561 2364 2613 chen Sinnes bei anderen Monschen — wenn er ihnen
432 2570 1391 2627 die sich niemals um ein Zentrum zu gruppieren, also
2394 2583 3227 2644 rend dessen die Gegner einander Zeit lassen.
1421 2603 2369 2660 nicht geradezu lächerlich erscheint; was öfter der Fall
433 2612 1393 2654 auch keine Einheit zu bilden imstande sind. So leht
2389 2620 3232 2678 Toten zu begraben. Aber beginnt der Kampf
1429 2645 1972 2710 ist als sie zugestehen werden.
432 2650 1396 2694 der kernlose Mensch in einer ungeheuren und
2394 2660 3237 2715 Neue, so erren sie auch die Toten wieder ans
442 2680 1407 2746 ihm doch niemals völlig zu Bewußtsein kommenden
2393 2708 3272 2771 empor un von Verwesungsdüften umweht kämp
1478 2709 2370 2768 Nicht früher darfst du dich von einer Frau ge¬
442 2723 1401 2773 Einsamkeit dahin Die große Mehrzahl der Men¬
2383 2742 2598 2810 sie weiter.
1428 2749 2371 2808 liebt glauben, ehe du nicht sicher bist, ihre ganze
437 2769 1401 2831 schen ist in diesem Sinne kernlos, doch erst an merk¬
1419 2791 2381 2843 erotische Sehnsucht auf dich allein vereinigt und alle
434 2798 1408 2852 würdigen und bedeuten in Menschen fällt uns eine
2436 2812 3181 2886 Ein tragikomisches Schicksal: sein Leben
1415 2827 2380 2889 anderen Möglichkeiten ihres Wesens, auch die un¬
431 2840 1408 2899 solche Kernlosigkeit auf, die übrigens vorzugsweise
2458 2863 3049 2925 wissen und niemand zu haben,
2390 2857 2462 2922 zu
1423 2877 2239 2939 geahntesten, zur Wirklichkeit erlöst zu haben.
428 2867 1403 2940 bei reproduzierenden Talenten, nor allem bei genialen
2396 2903 3270 2975 man sich darüber ausweinen möchte als allein
445 2921 1407 2983 Schauspielern, insbesondere Schauspielerinnen, zu
2398 2947 3043 3007 Wesen, von dem es zerstört wurde.
1464 2940 2373 3010 Zwei Männer mögen wegen einer Frau in einen
428 2960 738 3031 beobachten ist.
2448 2976 3167 3027 In Hinsicht auf Liebesschulden gilt d
1429 2985 2372 3042 noch so erbitterten Streit geraten sein — es kommt
2385 3016 3240 3093 lieber verfallen lassen als zu spät einkassieren.
1420 3035 2365 3090 immer ein Augenblick, in dem sie nahe daran sind,
499 3023 1404 3100 Wie es hysterische Liebe gibt, so gibt es auch
1426 3069 2383 3134 einander — wie über einen Abgrund — die Hände
441 3072 1400 3130 hysterischen Haß, und er hat alle Kennzeichen,
1420 3114 1641 3180 zu reichen.
2883 3091 3306 3180 begengeschenk ist, dann i
2440 3097 2803 3173 Wenn Treue nicht
438 3125 1411 3190 die onderen hysterischen Affekten eigen find: die teils
2395 3137 3136 3227 sie die törichteste aller Verschwendungen.
432 3152 1411 3209 willkürliche teils unwillkürliche Uebersteigerung des
1472 3166 2386 3230 Du hast verstanden? Du hast verziehen? Du hast
451 3195 1403 3242 Gefühls, das Komödiantische im Ausdruck des Ge¬
1415 3211 2382 3287 vergessen? Welch ein Mißverständnis! Du hast nur
441 3232 1401 3296 fühles und den Zwang zu diesen beiden: zur Ueber¬
2430 3229 3304 3302 Es gibt keine erorische Beziehung, in der von de
1425 3272 1821 3334 aufgehört zu lieben.
446 3271 1263 3355 steigerung sowohl als zum Komödiantischen.
2195 3315 2796 3454 h. derg. .
1431 3368 2042 3530 une Tde1
2556 3460 3247 3591 rreun
