3344 4224
1948 234 2396 327 box 35/3
105 263 1799 365 3. Buch der Sprneche und Bedenken
1060 769 1228 856 ACT
709 767 896 864 #0
662 862 1325 951 Dr. Max Goldschmidt
680 932 1312 1020 Büro für Zeitungsausschnitte
501 987 777 1079 BERLIN N4
1026 1007 1484 1085 Teleion: Norden 3051
813 1098 1162 1179 Ausschnitt aus:
732 1177 1266 1254 Prager Tagblatt
477 1195 712 1408 2
745 1293 1223 1401 20. Apri 1097
934 1417 1329 1501 Pemerkungen.
876 1482 1403 1553 Von Arthur Schefeufer:
643 1513 1606 1607 Aus dem unveröffentlichten „Buch der Sprüche und
1020 1579 1259 1632 Bedenken“.
1645 1592 2559 1672 Wenn dir ein Unglück widerfährt, so wird die
688 1602 1606 1685 Wie unklar doch die Menschen oft über sich
1618 1670 2572 1714 erste Regung deines Freundes nicht etwa Mit¬
656 1676 1597 1729 selber sind! Einer liebt den Duft der Blumen
1620 1707 2569 1761 gefühl sein oder gar das Bedürfnis, dir zu
659 1726 1598 1776 und hält sich darum für einen Botaniker, ein
1609 1745 2579 1798 helfen, sondern die Befriedigung darüber, daß
664 1762 1599 1825 anderer zählt Steubfäden und hält sich für
1615 1772 2571 1844 er für seinen Teil das Unglück längst kommen
657 1805 1151 1875 einen Naturschwärmer.
1610 1823 2568 1907 sah, und die Ueberzeugung, daß du selber daran
1618 1879 1845 1946 schuld bist.
698 1862 1600 1948 Wie oft halten wir für Unversöhnlichkeit der
647 1926 1610 2002 Ansichten, was nichts anderes ist als Verschie¬
664 1973 1217 2046 denheit der Temperamente.
1649 1949 2567 2043 Ein Gemisch von Aufrichtigkeit und Lüge
1617 2013 2571 2077 wird immer nur Lüge, von Stärke und
690 2043 1606 2114 Es ist schade, daß die meisten Rationalisten
1621 2062 2565 2116 Schwäche immer nur Schwäche, von Güte und
660 2102 1599 2157 so wenig Verstand und die meisten Mystiker bei¬
1619 2106 2573 2156 Bosheit immer nur Bosheit ergeben. Denn nur
668 2152 1603 2200 nahe gar keine Phantasie haben. Sonst könnten
1607 2151 2564 2208 das negative Vorzeichen ist entscheidend, und
1614 2192 2570 2262 der Unterschied zwischen Algebra und Psycho¬
663 2194 1602 2243 sie sich vortrefflich miteinander verstehen und
657 2237 1607 2288 würden vielleicht manchmal merken, daß sie der¬
1613 2244 2565 2296 logie besteht nur darin, daß im letzteren Falle
656 2279 1605 2333 selben Ansicht sind und nur in verschiedenen
1607 2263 2580 2347 zwei negative Vorzeichen niemals ein positives
670 2319 1017 2397 Sprachen reden.
1622 2325 1979 2393 Resultat ergeben.
696 2381 1617 2463 Wie oft — bei uns noch öfter als bei anderen
1639 2400 2575 2459 Menschliche Beziehungen, die auf großem
719 2451 1606 2501 halten wir für Stärke des Charakters, was
1625 2457 2587 2518 Fuße eingerichtet waren, lassen sich nur unter
656 2485 1612 2556 am Ende doch nichts änderes war als Schwäche
1615 2499 2575 2564 schmerzlichen und beschämenden Opfern in
666 2532 945 2599 des Gesühls.
1616 2540 2570 2597 kleinem Stile weiterführen, und klüger ist der
1614 2586 2572 2660 Entschluß, einen gemeinsamen seelischen Haus¬
697 2591 1609 2676 Eine sogenannte Halbwahrheit, sie mag sich
1617 2630 2588 2686 halt einfach aufzulösen als der Versuch ihn
657 2656 1604 2706 aufspielen wie sie will, wird niemals eine ganze
1617 2678 2117 2751 mühselig zu beschränken.
663 2701 1610 2752 Wahrheit werden. Ja. wenn wir ihr nur scharf
663 2752 1615 2817 genug ins Auge sehen, so ist sie immer eine
1662 2750 2577 2837 Die sogenannten impulsiven Menschen sind
666 2797 1095 2868 ganze Lüge gewesen.
1624 2821 2577 2889 meistens nicht Verschwender, sonder nur Un¬
1626 2868 2124 2943 geduldige ihres Gefühls.
700 2862 1610 2926 Ich glaube dir deine Weisheit nur, wenn sie
644 2906 1614 2975 dir aus dem Herzen, deine Güte nur, wenn sie
664 2960 1293 3029 dir aus dem Verstande kommt.
1650 2945 2567 3030 Mit dem Ohr der Menschheit ist es so be¬
1631 3020 2572 3086 schaffen, daß es den Schall zu verschlafen und
699 3033 1609 3097 Du sprichst von deiner Mission? Das klingt
1618 3073 2300 3137 erst vom Echo zu erwachen pflegt.
658 3088 1620 3146 etwas pathetisch. Oder sollte es nicht am Ende
667 3118 1623 3187 nur der Vorwand sein, unter dem du dich deiner
1665 3159 2566 3235 So oft sich der Glaube emporzuschwingen ver¬
655 3174 1619 3233 Pflicht zu entziehen gedenkst? Denn dies ist der
2374 3211 2577 3270 — und
1622 3218 2382 3274 meint, an der Unendlichkeit gemessen
663 3225 1602 3277 ernstere, schwerere und verantwortungsvollere
2286 3250 2569 3314 ist er gerade
667 3268 1612 3325 Begriff; und was du deine Mission nennst, das
1626 3269 2289 3318 hier gibt es kein anderes Maß —
1627 3296 2466 3382 so weit von Gott entfernt als der Zweifel.
670 3307 1605 3366 muß notwendig in deiner Pflicht enthalten sein;
729 3357 1610 3419 oder du bist deiner Mission niemals wert ge¬
663 3388 838 3454 wesen.
1660 3401 2579 3466 Wenn man mit einem Politiker von guten
1619 3461 2586 3513 Manieren und einiger Klugheit in eine Unter¬
702 3451 1601 3531 Daß du ihn völlig durchschautest, das hat dir
1628 3489 2584 3555 haltung gerät, macht man meistens die über¬
663 3525 1610 3577 noch keiner verziehen, er mag noch so gut dabe:
1617 3558 2582 3604 raschende, aber sympathische Entdeckung, daß er
676 3564 1081 3634 weggekommen sein.
1625 3587 2498 3677 eigentlich gar nicht zu seiner Partei gehört.
701 3610 1617 3690 Wenn einer sagi, daß er die Menschen liebe,
649 3674 1617 3736 so spricht er das kaum jemals ohne Rührung
654 3712 1626 3777 über seine Herzensgüte aus; behauptet ein
670 3765 1617 3825 anderer, er verachte sie, so erklärt er das selten
667 3808 1622 3868 ohne Stolz auf seine Weisheit. Wie immer einer
664 3850 1620 3898 sich zu den Menschen stelle, es werden manchmal
661 3879 1632 3965 die Menschen — aber die eigene Eitelkeit wird
658 3936 1324 3992 niemals dabei zu kurz kommen.
1333 3980 1442 4054 —n
