<?xml version="1.0" encoding="UTF-8" standalone="yes"?>
<PcGts xmlns="http://schema.primaresearch.org/PAGE/gts/pagecontent/2013-07-15" xmlns:xsi="http://www.w3.org/2001/XMLSchema-instance" xsi:schemaLocation="http://schema.primaresearch.org/PAGE/gts/pagecontent/2013-07-15 http://schema.primaresearch.org/PAGE/gts/pagecontent/2013-07-15/pagecontent.xsd">
    <Metadata>
        <Creator>prov=University of Rostock/Institute of Mathematics/CITlab/Gundram Leifert/gundram.leifert@uni-rostock.de:name=ONB_Newseye_GT_M1+(htr_id=10810)::::v=2.4.2
prov=University of Rostock/Institute of Mathematics/CITlab/Tobias Gruening/tobias.gruening@uni-rostock.de:name=de.uros.citlab.module.baseline2polygon.B2PSeamMultiOriented:v=2.4.2
prov=University of Rostock/Institute of Mathematics/CITlab/Tobias Gruening/tobias.gruening@uni-rostock.de:name=/mnt/transkribus/LA/DEA/URO/LA_news_onb_att.pb:de.uros.citlab.segmentation.CITlab_LA_ML:v=2.4.2
Transkribus</Creator>
        <Created>2019-10-07T13:41:13.515+02:00</Created>
        <LastChange>2019-10-08T22:33:42.030+02:00</LastChange>
        <TranskribusMetadata docId="224093" pageId="9510614" pageNr="34" tsid="16612367" status="IN_PROGRESS" userId="40391" imgUrl="https://files.transkribus.eu/Get?id=MJSXYGBYNWNZLDAPCVWDRJYR&amp;fileType=view" xmlUrl="https://files.transkribus.eu/Get?id=BCFIKMQIMEXFBCNNNRLXQKVO" imageId="6199138"/>
    </Metadata>
    <Page imageFilename="224093_0034.jpeg" imageWidth="3392" imageHeight="4352">
        <ReadingOrder>
            <OrderedGroup id="ro_1711444246178" caption="Regions reading order">
                <RegionRefIndexed index="0" regionRef="r1"/>
            </OrderedGroup>
        </ReadingOrder>
        <TextRegion orientation="0.0" id="r1" custom="readingOrder {index:0;}">
            <Coords points="69,314 69,3591 2339,3591 2339,314"/>
            <TextLine id="r1l1" custom="readingOrder {index:0;}">
                <Coords points="1878,357 2064,376 2095,353 2128,353 2202,375 2277,351 2304,368 2350,361 2349,294 2159,290 2097,324 2049,301 1980,310 1934,294 1877,315"/>
                <Baseline points="1889,352 1914,350 1939,350 1964,349 1989,349 2014,349 2039,349 2064,349 2089,349 2114,349 2139,350 2164,350 2189,350 2214,349 2239,349 2264,348 2289,346 2314,345 2339,343"/>
                <TextEquiv>
                    <Unicode>box 35/3</Unicode>
                </TextEquiv>
            </TextLine>
            <TextLine id="r1l2" custom="readingOrder {index:1;}">
                <Coords points="59,406 1749,375 1748,320 1579,290 58,331"/>
                <Baseline points="69,379 152,382 235,383 319,385 402,385 486,384 569,384 653,382 736,380 820,378 903,376 986,374 1070,371 1153,369 1237,367 1320,365 1404,364 1487,363 1571,363 1654,363 1738,365"/>
                <TextEquiv>
                    <Unicode>3. Buch der Sprueche und Bedenken</Unicode>
                </TextEquiv>
            </TextLine>
            <TextLine id="r1l3" custom="readingOrder {index:2;}">
                <Coords points="689,1141 2100,1111 2252,1046 687,1085"/>
                <Baseline points="698,1126 775,1125 852,1123 929,1121 1007,1119 1084,1117 1161,1115 1238,1113 1316,1111 1393,1108 1470,1106 1547,1104 1625,1101 1702,1099 1779,1097 1856,1094 1934,1092 2011,1090 2088,1087 2165,1085 2243,1082"/>
                <TextEquiv>
                    <Unicode>sozialer, ethischer Entwicklung. kurz ein solches Miliverstehen der</Unicode>
                </TextEquiv>
            </TextLine>
            <TextLine id="r1l4" custom="readingOrder {index:3;}">
                <Coords points="681,1183 2209,1159 2251,1108 680,1151"/>
                <Baseline points="691,1179 768,1179 846,1179 923,1178 1001,1177 1078,1175 1156,1174 1233,1172 1311,1169 1388,1167 1466,1165 1543,1163 1621,1160 1698,1157 1776,1155 1853,1153 1931,1150 2008,1148 2086,1146 2163,1145 2241,1143"/>
                <TextEquiv>
                    <Unicode>Geschichte (— als wäre jemais im Laufe weniger Jahre eine Weli</Unicode>
                </TextEquiv>
            </TextLine>
            <TextLine id="r1l5" custom="readingOrder {index:4;}">
                <Coords points="698,1250 2092,1231 2261,1214 2260,1174 696,1204"/>
                <Baseline points="707,1241 784,1240 861,1239 938,1237 1015,1235 1092,1233 1169,1231 1246,1229 1323,1226 1400,1224 1478,1221 1555,1219 1632,1216 1709,1214 1786,1212 1863,1210 1940,1208 2017,1205 2094,1204 2171,1202 2249,1201"/>
                <TextEquiv>
                    <Unicode>versunken und — nebenbei als hätte der Dichter das Recht nicht.</Unicode>
                </TextEquiv>
            </TextLine>
            <TextLine id="r1l6" custom="readingOrder {index:5;}">
                <Coords points="690,1317 2057,1292 2262,1223 688,1260"/>
                <Baseline points="699,1303 776,1301 854,1300 932,1298 1009,1296 1087,1294 1165,1293 1242,1291 1320,1288 1398,1287 1476,1284 1553,1282 1631,1279 1709,1277 1786,1274 1864,1272 1942,1270 2019,1267 2097,1264 2175,1261 2253,1257"/>
                <TextEquiv>
                    <Unicode>die Gestalten einer versunkenen, auch einer eben erst versunke¬</Unicode>
                </TextEquiv>
            </TextLine>
            <TextLine id="r1l7" custom="readingOrder {index:6;}">
                <Coords points="702,1369 2173,1335 2269,1323 2268,1282 700,1319"/>
                <Baseline points="712,1362 789,1359 866,1358 944,1356 1021,1354 1098,1352 1176,1349 1253,1348 1330,1345 1408,1343 1485,1341 1562,1338 1640,1336 1717,1333 1794,1331 1872,1328 1949,1326 2026,1322 2104,1320 2181,1317 2259,1314"/>
                <TextEquiv>
                    <Unicode>nen Welt heraulzubeschwören —). daß es nicht lange dauern wird</Unicode>
                </TextEquiv>
            </TextLine>
            <TextLine id="r1l8" custom="readingOrder {index:7;}">
                <Coords points="697,1432 2039,1402 2267,1374 2266,1334 695,1382"/>
                <Baseline points="706,1421 783,1419 861,1416 938,1413 1016,1411 1093,1408 1171,1405 1248,1403 1326,1400 1403,1398 1481,1395 1559,1393 1636,1390 1714,1388 1791,1386 1869,1384 1946,1381 2024,1379 2101,1377 2179,1375 2257,1373"/>
                <TextEquiv>
                    <Unicode>bis zu dem Augenblick, da wieder dieselben Leute das neue</Unicode>
                </TextEquiv>
            </TextLine>
            <TextLine id="r1l9" custom="readingOrder {index:8;}">
                <Coords points="695,1487 2263,1452 2261,1397 2110,1379 694,1433"/>
                <Baseline points="706,1476 783,1474 860,1473 937,1472 1015,1470 1092,1468 1169,1466 1246,1464 1324,1462 1401,1460 1478,1458 1555,1455 1633,1453 1710,1450 1787,1448 1864,1446 1942,1442 2019,1440 2096,1437 2173,1433 2251,1431"/>
                <TextEquiv>
                    <Unicode>Schlagwort als lächerlich verhöhnen werden, die heute noch ihre</Unicode>
                </TextEquiv>
            </TextLine>
            <TextLine id="r1l10" custom="readingOrder {index:9;}">
                <Coords points="700,1563 2269,1512 2268,1452 698,1494"/>
                <Baseline points="709,1536 786,1534 864,1531 941,1529 1019,1527 1096,1525 1174,1522 1251,1520 1329,1518 1406,1516 1484,1514 1561,1511 1639,1509 1716,1507 1794,1505 1871,1502 1949,1501 2026,1498 2104,1496 2181,1494 2259,1492"/>
                <TextEquiv>
                    <Unicode>geistige Überlegenheit zum großen Teil davon zu bestreiten</Unicode>
                </TextEquiv>
            </TextLine>
            <TextLine id="r1l11" custom="readingOrder {index:10;}">
                <Coords points="704,1603 731,1607 739,1598 766,1598 779,1606 791,1597 827,1596 837,1604 852,1595 890,1611 902,1598 914,1598 913,1564 899,1565 876,1551 828,1562 811,1546 798,1544 790,1553 752,1554 742,1563 727,1555 703,1566"/>
                <Baseline points="714,1590 741,1589 768,1587 795,1586 822,1586 849,1585 876,1585 903,1585"/>
                <TextEquiv>
                    <Unicode>suchen.</Unicode>
                </TextEquiv>
            </TextLine>
            <TextLine id="r1l12" custom="readingOrder {index:11;}">
                <Coords points="783,1659 2202,1632 2270,1612 2269,1547 782,1623"/>
                <Baseline points="793,1649 866,1647 939,1644 1012,1642 1086,1640 1159,1638 1232,1637 1306,1634 1379,1633 1452,1631 1526,1629 1599,1627 1672,1625 1745,1624 1819,1621 1892,1619 1965,1616 2039,1613 2112,1610 2185,1607 2259,1604"/>
                <TextEquiv>
                    <Unicode>Aber wir dürfen ruhig sein: bis dahin wird diesen Wort¬</Unicode>
                </TextEquiv>
            </TextLine>
            <TextLine id="r1l13" custom="readingOrder {index:12;}">
                <Coords points="700,1707 2201,1694 2276,1623 698,1656"/>
                <Baseline points="711,1707 788,1707 866,1706 944,1705 1022,1703 1100,1701 1177,1699 1255,1697 1333,1694 1411,1692 1489,1690 1566,1687 1644,1684 1722,1682 1800,1679 1878,1676 1955,1674 2033,1672 2111,1670 2189,1667 2267,1666"/>
                <TextEquiv>
                    <Unicode>schlägern schon wieder ein anderes, noch dümmeres eingelallen</Unicode>
                </TextEquiv>
            </TextLine>
            <TextLine id="r1l14" custom="readingOrder {index:13;}">
                <Coords points="716,1786 752,1782 768,1795 796,1787 810,1798 829,1788 846,1786 847,1724 826,1727 816,1719 807,1725 797,1716 789,1716 767,1728 759,1726 740,1734 717,1725"/>
                <Baseline points="727,1762 754,1761 781,1761 808,1762 835,1764"/>
                <TextEquiv>
                    <Unicode>seinl.</Unicode>
                </TextEquiv>
            </TextLine>
            <TextLine id="r1l15" custom="readingOrder {index:14;}">
                <Coords points="769,1877 2147,1857 2290,1832 2289,1784 963,1803 768,1846"/>
                <Baseline points="779,1868 854,1867 929,1866 1004,1865 1079,1863 1154,1862 1229,1860 1304,1858 1379,1856 1454,1854 1529,1851 1604,1849 1679,1847 1754,1845 1829,1843 1904,1840 1979,1838 2054,1836 2129,1834 2204,1832 2279,1830"/>
                <TextEquiv>
                    <Unicode>Des Kritikers erste Frage mültte sein: Was hast du mir zn</Unicode>
                </TextEquiv>
            </TextLine>
            <TextLine id="r1l16" custom="readingOrder {index:15;}">
                <Coords points="708,1934 2235,1907 2280,1847 706,1883"/>
                <Baseline points="718,1929 795,1927 873,1925 950,1923 1028,1921 1106,1919 1183,1917 1261,1915 1339,1914 1416,1912 1494,1910 1572,1908 1649,1906 1727,1904 1805,1902 1882,1899 1960,1897 2038,1895 2115,1891 2193,1888 2271,1885"/>
                <TextEquiv>
                    <Unicode>sagen. Werk —? Aber das kümmert ihn im allgemeinen wenig.</Unicode>
                </TextEquiv>
            </TextLine>
            <TextLine id="r1l17" custom="readingOrder {index:16;}">
                <Coords points="716,2015 2295,1940 2095,1890 714,1952"/>
                <Baseline points="726,1990 808,1987 890,1985 972,1982 1054,1980 1136,1978 1218,1975 1300,1973 1382,1971 1464,1968 1546,1966 1628,1963 1710,1961 1792,1958 1874,1956 1956,1953 2038,1951 2120,1948 2202,1945 2285,1943"/>
                <TextEquiv>
                    <Unicode>Seine erste Regung ist vielmehr: Nun. Werk, gib ucht, was ich dir</Unicode>
                </TextEquiv>
            </TextLine>
            <TextLine id="r1l18" custom="readingOrder {index:17;}">
                <Coords points="704,2059 742,2067 756,2056 830,2075 848,2062 867,2076 965,2046 1065,2064 1117,2054 1116,2006 1038,1990 987,2010 955,1996 924,2012 886,2002 864,2015 703,2011"/>
                <Baseline points="715,2045 741,2045 767,2045 793,2045 819,2045 845,2045 871,2045 897,2044 924,2043 950,2042 976,2042 1002,2040 1028,2039 1054,2038 1080,2036 1107,2034"/>
                <TextEquiv>
                    <Unicode>zu sagen habe!</Unicode>
                </TextEquiv>
            </TextLine>
            <TextLine id="r1l19" custom="readingOrder {index:18;}">
                <Coords points="718,2431 895,2469 1927,2406 1925,2352 1849,2319 1631,2364 1168,2339 1100,2406 962,2350 716,2370"/>
                <Baseline points="729,2434 788,2435 847,2436 907,2435 966,2435 1025,2434 1085,2433 1144,2431 1203,2429 1263,2426 1322,2424 1381,2422 1441,2419 1500,2417 1559,2414 1619,2412 1678,2409 1737,2407 1797,2405 1856,2404 1916,2402"/>
                <TextEquiv>
                    <Unicode>Kundry, die Frauengestalt</Unicode>
                </TextEquiv>
            </TextLine>
            <TextLine id="r1l20" custom="readingOrder {index:19;}">
                <Coords points="839,2567 1730,2546 1865,2528 1862,2449 1699,2436 1581,2478 1484,2447 1406,2491 1035,2459 836,2504"/>
                <Baseline points="849,2553 899,2553 949,2552 999,2551 1050,2550 1100,2548 1150,2547 1201,2546 1251,2544 1301,2542 1352,2540 1402,2538 1452,2535 1502,2533 1553,2531 1603,2529 1653,2527 1704,2524 1754,2522 1804,2519 1855,2517"/>
                <TextEquiv>
                    <Unicode>in Wagners „Parsifal“,</Unicode>
                </TextEquiv>
            </TextLine>
            <TextLine id="r1l21" custom="readingOrder {index:20;}">
                <Coords points="844,2647 1746,2655 1897,2609 1896,2559 1356,2595 1265,2552 1197,2602 842,2601"/>
                <Baseline points="855,2644 906,2643 958,2641 1009,2640 1061,2639 1113,2638 1164,2637 1216,2636 1267,2635 1319,2634 1371,2633 1422,2631 1474,2630 1525,2629 1577,2627 1629,2625 1680,2623 1732,2620 1783,2618 1835,2614 1887,2612"/>
                <TextEquiv>
                    <Unicode>Von Dr. Curt Zimmermann, Bremen.</Unicode>
                </TextEquiv>
            </TextLine>
            <TextLine id="r1l22" custom="readingOrder {index:21;}">
                <Coords points="843,2764 2043,2745 2283,2725 2315,2672 1977,2640 1588,2682 1499,2643 1367,2706 841,2714"/>
                <Baseline points="854,2752 926,2751 999,2749 1071,2747 1144,2744 1216,2742 1289,2740 1361,2737 1434,2735 1506,2732 1579,2730 1652,2727 1724,2725 1797,2722 1869,2720 1942,2718 2014,2716 2087,2714 2159,2713 2232,2711 2305,2710"/>
                <TextEquiv>
                    <Unicode>In Wagners Bühnenweihfestspiel „Parsifal“ sind es zwei Welten,</Unicode>
                </TextEquiv>
            </TextLine>
            <TextLine id="r1l23" custom="readingOrder {index:22;}">
                <Coords points="724,2825 2314,2770 2233,2718 723,2779"/>
                <Baseline points="735,2816 813,2813 891,2811 970,2807 1048,2805 1127,2802 1205,2800 1283,2797 1362,2795 1440,2793 1519,2790 1597,2789 1675,2786 1754,2784 1832,2782 1911,2780 1989,2778 2067,2776 2146,2773 2224,2771 2303,2769"/>
                <TextEquiv>
                    <Unicode>die sich einander gegenüberstehen, das Reich der Lust, verkörpert</Unicode>
                </TextEquiv>
            </TextLine>
            <TextLine id="r1l24" custom="readingOrder {index:23;}">
                <Coords points="740,2898 2122,2854 2317,2830 2318,2775 738,2822"/>
                <Baseline points="750,2870 832,2869 914,2868 996,2866 1078,2864 1160,2862 1242,2860 1324,2857 1406,2855 1488,2852 1570,2849 1652,2846 1734,2844 1816,2841 1898,2838 1980,2836 2062,2833 2144,2831 2226,2829 2309,2828"/>
                <TextEquiv>
                    <Unicode>durch Klingsor, den Verführer, der den Gralskönig Amfortas zu Fall</Unicode>
                </TextEquiv>
            </TextLine>
            <TextLine id="r1l25" custom="readingOrder {index:24;}">
                <Coords points="740,2949 2165,2912 2309,2853 738,2899"/>
                <Baseline points="750,2933 827,2930 905,2927 982,2925 1060,2923 1137,2920 1215,2918 1292,2916 1370,2913 1447,2911 1525,2909 1603,2907 1680,2905 1758,2903 1835,2901 1913,2899 1990,2897 2068,2895 2145,2893 2223,2891 2301,2889"/>
                <TextEquiv>
                    <Unicode>gebracht hat, — und das Reich der Frömmigkeit, die heilige Gralsburg.</Unicode>
                </TextEquiv>
            </TextLine>
            <TextLine id="r1l26" custom="readingOrder {index:25;}">
                <Coords points="745,3008 2324,2939 2225,2896 744,2960"/>
                <Baseline points="756,2993 833,2991 911,2988 989,2986 1067,2983 1145,2980 1223,2978 1300,2975 1378,2972 1456,2969 1534,2967 1612,2964 1690,2962 1768,2959 1845,2957 1923,2955 2001,2953 2079,2952 2157,2951 2235,2950 2313,2949"/>
                <TextEquiv>
                    <Unicode>Es ist bekannt, das Wagner die Erlösung der Menschheit und der Welt</Unicode>
                </TextEquiv>
            </TextLine>
            <TextLine id="r1l27" custom="readingOrder {index:26;}">
                <Coords points="741,3051 1887,3043 2254,3021 2315,2971 740,3021"/>
                <Baseline points="752,3051 829,3050 907,3048 985,3046 1062,3043 1140,3040 1218,3037 1295,3035 1373,3031 1451,3029 1529,3026 1606,3023 1684,3020 1762,3018 1839,3015 1917,3013 1995,3011 2072,3009 2150,3008 2228,3008 2306,3008"/>
                <TextEquiv>
                    <Unicode>durch die allgewaltige Macht der Liebe sich ermöglicht denkt. Diese</Unicode>
                </TextEquiv>
            </TextLine>
            <TextLine id="r1l28" custom="readingOrder {index:27;}">
                <Coords points="746,3107 2318,3081 2267,3009 744,3053"/>
                <Baseline points="756,3111 833,3109 911,3105 988,3103 1066,3100 1143,3097 1221,3094 1298,3092 1376,3089 1453,3086 1531,3083 1608,3080 1686,3078 1763,3075 1841,3073 1918,3070 1996,3068 2073,3065 2151,3063 2228,3061 2306,3059"/>
                <TextEquiv>
                    <Unicode>beiden Begriffe Erlösung und Liebe sind sozusagen die Eckpfeiler</Unicode>
                </TextEquiv>
            </TextLine>
            <TextLine id="r1l29" custom="readingOrder {index:28;}">
                <Coords points="744,3176 2326,3132 2324,3084 2249,3074 742,3126"/>
                <Baseline points="755,3168 837,3166 919,3164 1001,3161 1083,3159 1165,3156 1247,3153 1329,3150 1411,3147 1493,3144 1575,3141 1657,3139 1739,3136 1821,3133 1903,3131 1985,3129 2067,3127 2149,3125 2231,3123 2314,3122"/>
                <TextEquiv>
                    <Unicode>seiner Dramen. Es ist die Erlösung notwendig, gerade so, wie auch</Unicode>
                </TextEquiv>
            </TextLine>
            <TextLine id="r1l30" custom="readingOrder {index:29;}">
                <Coords points="752,3228 2132,3204 2323,3177 2322,3135 751,3186"/>
                <Baseline points="762,3231 839,3227 917,3224 994,3220 1072,3216 1149,3213 1227,3210 1304,3208 1382,3205 1459,3203 1537,3200 1615,3198 1692,3196 1770,3193 1847,3191 1925,3189 2002,3187 2080,3185 2157,3183 2235,3181 2313,3179"/>
                <TextEquiv>
                    <Unicode>in christlicher Auffassung unserer Theologie die Welt sündig ist und</Unicode>
                </TextEquiv>
            </TextLine>
            <TextLine id="r1l31" custom="readingOrder {index:30;}">
                <Coords points="752,3292 2326,3242 2324,3190 2205,3187 751,3256"/>
                <Baseline points="763,3287 840,3284 918,3281 995,3278 1073,3276 1151,3273 1228,3270 1306,3267 1383,3265 1461,3262 1539,3259 1616,3257 1694,3254 1771,3251 1849,3249 1927,3247 2004,3245 2082,3242 2159,3240 2237,3238 2315,3236"/>
                <TextEquiv>
                    <Unicode>der Erlösung bedarf. Von jeher sind es die zwei Mächte, Geist und</Unicode>
                </TextEquiv>
            </TextLine>
            <TextLine id="r1l32" custom="readingOrder {index:31;}">
                <Coords points="750,3364 2325,3317 2325,3241 748,3307"/>
                <Baseline points="760,3344 837,3341 915,3338 993,3335 1071,3332 1149,3329 1226,3327 1304,3325 1382,3322 1460,3320 1538,3318 1615,3316 1693,3314 1771,3312 1849,3310 1927,3308 2004,3306 2082,3304 2160,3302 2238,3300 2316,3298"/>
                <TextEquiv>
                    <Unicode>Fleisch, die miteinander um die Herrschaft ringen, oder sagen wir in</Unicode>
                </TextEquiv>
            </TextLine>
            <TextLine id="r1l33" custom="readingOrder {index:32;}">
                <Coords points="759,3420 2124,3392 2331,3325 757,3366"/>
                <Baseline points="769,3404 846,3402 924,3399 1001,3397 1079,3394 1157,3391 1234,3388 1312,3386 1389,3383 1467,3380 1545,3377 1622,3375 1700,3373 1777,3370 1855,3368 1933,3366 2010,3364 2088,3362 2165,3360 2243,3359 2321,3358"/>
                <TextEquiv>
                    <Unicode>philosophischer Form: das Apollinische, Göttlich-Geistige, mit dem</Unicode>
                </TextEquiv>
            </TextLine>
            <TextLine id="r1l34" custom="readingOrder {index:33;}">
                <Coords points="756,3472 1595,3451 1593,3385 1570,3383 755,3418"/>
                <Baseline points="767,3457 807,3457 848,3456 889,3455 930,3454 971,3453 1012,3452 1053,3450 1094,3449 1135,3448 1176,3446 1216,3444 1257,3443 1298,3442 1339,3440 1380,3439 1421,3437 1462,3437 1503,3435 1544,3434 1585,3434"/>
                <TextEquiv>
                    <Unicode>Dionysischen, Sinnlich-Körperlichen.</Unicode>
                </TextEquiv>
            </TextLine>
            <TextLine id="r1l35" custom="readingOrder {index:34;}">
                <Coords points="879,3534 2126,3502 2287,3485 2346,3431 877,3476"/>
                <Baseline points="889,3513 961,3512 1033,3511 1106,3510 1178,3508 1251,3507 1323,3505 1395,3504 1468,3502 1540,3500 1613,3497 1685,3496 1757,3493 1830,3491 1902,3488 1975,3485 2047,3482 2119,3479 2192,3475 2264,3472 2337,3469"/>
                <TextEquiv>
                    <Unicode>Nicht nur die Welt, auch der Mensch birgt diesen Gegensatz in</Unicode>
                </TextEquiv>
            </TextLine>
            <TextLine id="r1l36" custom="readingOrder {index:35;}">
                <Coords points="758,3596 2347,3526 2301,3479 756,3548"/>
                <Baseline points="767,3577 845,3577 923,3577 1002,3577 1080,3575 1159,3574 1237,3571 1316,3568 1394,3565 1473,3561 1551,3558 1629,3554 1708,3550 1786,3547 1865,3543 1943,3540 2022,3536 2100,3533 2179,3531 2257,3529 2336,3527"/>
                <TextEquiv>
                    <Unicode>seinem Innern, und er leidet an diesem ewigen Kampfe gerade so</Unicode>
                </TextEquiv>
            </TextLine>
            <TextEquiv>
                <Unicode>box 35/3
3. Buch der Sprueche und Bedenken
sozialer, ethischer Entwicklung. kurz ein solches Miliverstehen der
Geschichte (— als wäre jemais im Laufe weniger Jahre eine Weli
versunken und — nebenbei als hätte der Dichter das Recht nicht.
die Gestalten einer versunkenen, auch einer eben erst versunke¬
nen Welt heraulzubeschwören —). daß es nicht lange dauern wird
bis zu dem Augenblick, da wieder dieselben Leute das neue
Schlagwort als lächerlich verhöhnen werden, die heute noch ihre
geistige Überlegenheit zum großen Teil davon zu bestreiten
suchen.
Aber wir dürfen ruhig sein: bis dahin wird diesen Wort¬
schlägern schon wieder ein anderes, noch dümmeres eingelallen
seinl.
Des Kritikers erste Frage mültte sein: Was hast du mir zn
sagen. Werk —? Aber das kümmert ihn im allgemeinen wenig.
Seine erste Regung ist vielmehr: Nun. Werk, gib ucht, was ich dir
zu sagen habe!
Kundry, die Frauengestalt
in Wagners „Parsifal“,
Von Dr. Curt Zimmermann, Bremen.
In Wagners Bühnenweihfestspiel „Parsifal“ sind es zwei Welten,
die sich einander gegenüberstehen, das Reich der Lust, verkörpert
durch Klingsor, den Verführer, der den Gralskönig Amfortas zu Fall
gebracht hat, — und das Reich der Frömmigkeit, die heilige Gralsburg.
Es ist bekannt, das Wagner die Erlösung der Menschheit und der Welt
durch die allgewaltige Macht der Liebe sich ermöglicht denkt. Diese
beiden Begriffe Erlösung und Liebe sind sozusagen die Eckpfeiler
seiner Dramen. Es ist die Erlösung notwendig, gerade so, wie auch
in christlicher Auffassung unserer Theologie die Welt sündig ist und
der Erlösung bedarf. Von jeher sind es die zwei Mächte, Geist und
Fleisch, die miteinander um die Herrschaft ringen, oder sagen wir in
philosophischer Form: das Apollinische, Göttlich-Geistige, mit dem
Dionysischen, Sinnlich-Körperlichen.
Nicht nur die Welt, auch der Mensch birgt diesen Gegensatz in
seinem Innern, und er leidet an diesem ewigen Kampfe gerade so</Unicode>
            </TextEquiv>
        </TextRegion>
    </Page>
</PcGts>
