3344 4256
1967 220 2463 314 box 35/3
168 255 1858 355 3. Buch der Sprnecheund Bedenken
1807 418 2749 557 „Buch der Sprüche und
2045 520 2499 627 Bedenken.“
1766 589 2905 703 Es war eine harte Krisis, als ich diesem Buche zum
1689 630 2905 744 erstenmal begegnete: nach einer Krankheit, die mich bis
1685 684 2916 796 in die letzte Tiefe des Lebens hinabgetaucht hatte, bis
1685 738 2906 828 auf jenen Grund, wo die schwarzen Gewässer der
1684 774 2907 898 Unendlichkeit lautlos warten. Nun war ich wie durch
1690 825 2914 922 an Wunder wieder ans Licht zurückgekehrt. Aber es war
1698 868 2907 976 schwer, sehr schwer, sich wieder zurechtzufinden; fremd
1695 917 2913 1030 war ich auf der großen, dunklen Reise geworden,
1693 960 2924 1078 nirgends zugehörig, der Angst und dem Zwiespalt
1691 1012 2911 1136 preisgegeben, und das Gesicht der Welt ringsum er¬
1696 1057 2922 1172 schien mir noch mehr erloschen, noch mehr verworren
1703 1115 2926 1219 und schreckhaft als vorher, verloren jede leuchtende
1717 1205 1855 1273 Spur.
1793 1182 2928 1299 Voll von Widersprüchen, Unruhe und Zweifeln
1713 1266 2922 1353 kam ich zu dem „Buch der Sprüche und Bedenken“.
841 1172 1355 1393 R-Uur
1706 1286 2926 1411 Und seither bin ich immer wieder zu ihm zurück¬
1716 1383 1962 1465 geflüchtet.
255 1367 1118 1509 W
1805 1414 2926 1530 Immer wieder sooft sich die Frage aufdrängte:
1375 1432 1535 1530 7
1718 1487 2939 1575 War das, was wir Geist, Seele, Gewissen, was wir schön
1719 1531 2934 1622 und heilig nannten, war das vielleicht nur ein
1722 1567 2935 1668 Phantom gewesen? Waren wir, die wir es für echt und
211 1588 1519 1657 e, lügen buch ist und die Aufgabe des Theaters, das Zweig mit allen
1717 1620 2945 1712 unverrückbar hielten, waren wir nicht lebensfremde
249 1644 1517 1730 nach Fasern seines Herzens liebt, in lebendig sinnvoller Er¬
1556 1598 1671 1718 A
198 1689 365 1739 ie acht
1724 1660 2934 1761 Narren? Hatten nicht vielleicht jene andern recht, für
362 1695 968 1763 neuefung des Menschen sieht.
203 1720 358 1779 1e Zie!
1722 1705 2945 1806 die sich die ganze fragwürdige Problematik des Lebens
193 1771 360 1833 ffangen
1716 1764 2943 1851 auf eine mehr oder minder einträgliche Mechanik des
206 1810 381 1860 te von
1737 1803 2941 1901 Daseins beschränkt? Jene andern, jene Geschickten und
386 1800 1465 1902 Schnitzler's Lebensweisheit.
204 1840 378 1907 Chri-
1738 1842 2952 1954 Sachlichen und Tüchtigen, die erst mit so viel und schon
213 1884 356 1944 dn do
406 1884 1513 1965 Go. Buch der Sprüche und Bedenken heisst das neue
1740 1921 2947 1996 mit so wenig zufrieden sind: die keinen Wert kennen,
212 1931 350 1985 bittert
202 1964 1514 2014 FreunWerk Arthur Schnitzler's (Phaidon Verlag, Wien). Aphoris¬
1740 1952 2951 2041 nur Geld, kein Schaffen, nur Betrieb, keinen Auf¬
209 1992 1496 2064 n verEman und Fragmente hat der Dichter hier zu einem Band
1737 1998 2955 2087 schwung, nur Streberei, keine Ueberzeugungen, nur
231 2031 1504 2089 Kindgvereinigt, den man nur in Abstünden in sich aufnehmen
1744 2039 2957 2139 Parteien, keinen Geist, nur Schlagworte, keine Ziele,
356 2071 1482 2124 kann. Schnitzler bemerkt selbst im Vörwort: dieses Buch
209 2090 352 2146 rzwei¬
367 2117 1489 2166 wolle keine Systeme, keine Weltanschauungen, keine Erledi¬
205 2132 350 2189 ntwort
1750 2122 2183 2200 nur Konjunkturen.
365 2163 1522 2208 gungen bringen. Einer der Gründe, der ihn zur Herausgabe
209 2173 349 2230 ie nun
1517 2167 1604 2247 W
364 2194 1515 2253 dieses Buches bestimmt habe, sei der Wunsch. Irrtümer zu
211 2216 351 2264 n die
1835 2173 2963 2279 Auf alle diese Fragen gibt das „Buch der Sprüche
365 2239 1604 2299 beseitigen, z. B Sätze, die er irgend einer erdichteten Figurjai
221 2250 346 2304 Tren¬
1740 2251 2975 2325 und Bedenken" Antwort. Es entlarvt unsre verstecktesten
1506 2271 1582 2338 S
365 2280 1516 2320 in den Mund gelegt habe, als Ausdruck seiner persönlichen
235 2290 347 2351 Frau
1758 2303 2968 2379 Häßlichkeiten, unsre heimlichsten Verrätereien und
349 2317 1585 2366 Ueberzeugung zu betrachten, und auf der letzten Seite seineljm
1749 2328 2970 2420 unsre undurchsichtigsten Verlogenheiten; aber es liest
361 2359 1583 2420 Aphorismen, die Apercues über das Aphorisma an sich enthält,jd.
235 2359 357 2449 ver¬
358 2393 1518 2451 heisst es: „Es gibt keine neuen Wahrheiten auf Erden;
1756 2365 2980 2467 uns auch unsre leifesten Fluchtgedanken vor uns selbst
250 2433 358 2482 des
351 2436 1521 2484 und gerade in diesen kleinen Sätzen dachtest du sie zu lin¬
1745 2420 2975 2515 und unsre schattenhaftesten Träume vom Gesicht ab. mit
231 2467 351 2528 sün¬
360 2473 1515 2533 den?“ Dieser Satz scheint mir gerade wesentlich auch für die
1758 2480 2976 2570 einer unendlichen Weisheit, deren still schwebendes
246 2510 343 2567 liese
360 2496 1530 2563 Betrachtungsweise von Scimitzler's letztem Werk. Wir wissen
1766 2533 2895 2623 Lächeln eindringlicher ist als die lauteste Heftigkeit.
240 2556 295 2597 A
365 2558 1526 2619 wohl, dass es keine neuen Wahrheiten auf Erden gibt, aber
1851 2575 2974 2650 Unter der wunderbaren Berührung dieser
234 2593 352 2642 chen
363 2599 1518 2651 wir suchen immer die uns adaequateste Form für die alten
239 2630 344 2691 Was
1770 2609 2980 2691 Erkenntnisse erblüht alles Echte, alles was jenseits von
353 2638 1514 2682 Wahrheiten. In dieser Haltung liegt zugleich ein Bekennmnis
1775 2669 2980 2748 Augenblick und Schein liegt, zu neuer Dauer, zu neuem,
255 2677 1523 2720 der zum Rolativismus. Es geht nur um Klarheit und Ehrlichkeit!
348 2721 1522 2776 und gegen die Prätention einer falschen Haltung. Relativi¬
1771 2699 2983 2797 erlösendem Leben, und alles Unechte, alles Falsche zer¬
264 2754 360 2827 1an
352 2756 1519 2805 stisch, um nicht zu sagen pessimistisch, ist auch die Grund¬
1778 2742 2987 2843 fällt zu Asche. Diese Weisheit ist bei aller Güte
349 2794 1529 2858 haltung von Schnitzler's Sprüchen und Bedenken. Man he.
1775 2788 2993 2880 unbestechlich und unbeirrbar: ihr Wissen kommt aus
358 2838 1540 2889 gegnet darin eigenen Gedanken in Schnitzler’s unvergleicht
1786 2844 2995 2934 Erlittenem, doch aus Liebe, aus Entsagung, doch aus
357 2863 1516 2931 licher Fassung, darüber hinaus wesentlichen neuen Erkennt¬
1774 2873 2980 2970 ungebrochenem Kampf, aus schöpferischem Kraftgesüh',
360 2914 1522 2978 nissen, aus denen man Bereicherung schöpft. Unverkennbar
267 2956 356 3019 k.
1788 2926 2986 3025 doch aus gläubiger Demut vor dem Göttlichen. Diese
348 2971 1514 3029 bleibt aber stets Schnitzler's tiefes Ethos, das sein ganzes
253 2991 339 3045 Sei¬
1770 2966 3001 3069 Weisheit kommt aus dem Herzen eines großen, reinen
1201 3000 1310 3046 der
1339 3000 1517 3063 Schrift:
348 3000 1064 3060 Werk durchzicht, und bereits
241 3033 344 3082 amt
356 3027 1524 3085 Der Geist im Wort und der Geist in der Tat.
1783 3013 3006 3112 Menschen und aus dem Genius eines großen, reinen
239 3075 336 3135 inen
349 3079 1508 3125 Vorläufige Bemerkungen zu zwei Diagrammen in so eigen¬
1822 3063 3010 3162 künstlers, dessen Einsamkeit nichts ist als stolze
244 3119 339 3172 ern¬
348 3122 1513 3170 artiger Weise gesondert vom Dichter herausgestellt worden
232 3158 332 3206 man
356 3160 1524 3210 ist. Nichts wäre billiger, als hier Parallelen etwa zu Scho¬
245 3201 341 3245 des
345 3202 1517 3251 penhauer, Wilde, oder grossen Franzosen zu ziehen. Das
239 3235 345 3290 Der
340 3242 1514 3303 Bedeutendste scheint mir Sehnitzler in dem Abschnitte Be¬
255 3280 342 3326 eis¬
344 3281 1510 3339 ziehungen und Einsamkeiten zu geben. Was hler
258 3319 335 3371 ele
352 3330 1520 3372 über Liebe, Freundschaft, das Wesen der Frank
2017 3248 2755 3407 6a4 U. Jre 4
346 3354 1523 3431 gesagt ist, das ist so iftuitiv und wahrhaft weise, meisterlich,
255 3403 310 3464 i
348 3403 1514 3462 reif und bezaubernd zugleich, dass einem auch dieser!
2952 3397 3079 3491 2
337 3440 1238 3516 Schnitzler unverlierbar köstlicher Besitz wird.
2646 3532 3144 3634 Wien, Dienstag 70
2016 3540 2207 3650 70
1916 3628 3139 3710 Unabhängigkeit von dieser Gegenwart: aber dessen Zeit
1925 3679 3132 3747 ist und immer sein wird, solange Spiel und Leben,
1916 3721 3139 3798 Faim und Schuld unterwegs sein werden in dem
1911 3773 2739 3871 rätsethaften, weiten Land der Seele.
2017 3860 3144 3951 Dieses Buch der Weisheit, in dem jeder, der suchen
1914 3934 3142 4003 will, sein tiefstes Ich finden wird, mag er ihm noch so
1925 3976 3145 4044 entreu geworden sein, dieses „Buch der Sprüche und
1927 4033 3147 4115 Bedenken“ konnte nur einer geschrieben haben: Artur
2607 4070 3112 4139 Moriz Scheyer.
1928 4091 2183 4166 Schnitzler.
