3344 4224
186 2852 268 2944 1
1944 119 2411 231 box 35/3
488 144 570 222 d
98 145 1811 256 3. Buch der Sprusche und Bedenken
2779 1038 3279 1116 Sa u#ant acr annd
309 1050 1771 1159 verkehrspflege seit einiger Zeit besonders angelegen sein kaßt,! Schiafat.
1645 1096 3303 1178 Beinahe rührend klingen aus den in Conrads viertem Band wie wir aus Conrads Men
319 1124 1581 1214 gegönnt, mit dem Bau eines Großhotels die hoffentlich recht
1519 1154 3295 1227 veröffentlichten Briefen des Generals Volsras die Klagen des Strich. Jeden Tag fand
324 1186 1278 1245 lange Reihe österreichischer Hotelbauten einzuleiten.
1539 1205 3312 1299 Penses
1533 1295 3306 1398 in die eine oder andere Gefolgschaft gebracht haben, und denen es, geeignetste Tummelplatz für
611 1284 1319 1415 Feuilleton.
2790 1339 3312 1421 und Geschäft. Ihrem unwit
1549 1353 2793 1414 als der armseligen Komparserie kleiner politischer Bewegungen und
2791 1394 3310 1459 sind sie nur darauf
1550 1388 2787 1463 großer historischer Ereignisse gar nicht darauf ankommt, nöge
2788 1427 3303 1503 oder auch nur äußeren A#
1551 1435 2788 1515 ihnen das nun bewußt werden oder nicht), ob sie von rechts oder
693 1433 1241 1535 Bemerkungen.
2792 1482 3314 1553 Wesens in Gang zu versetz
1558 1492 2779 1570 links aus der Kulisse strömen, um ihr ewiges sinnloses „Rhabarber“
304 1498 1567 1612 Aus dem Buch der Sprüche und Bedenken.
2763 1520 3304 1607 Maschine hungrig im Leerei
1558 1543 2701 1640 zu murmeln oder zu brüllen, von dem die Welt widerhallt.
628 1578 1294 1665 (Zum erstenmal veröffentlicht.)
2791 1586 3305 1645 Lärm zu verbreiten und oft
887 1632 1017 1691 Von
2786 1636 3311 1713 Umkreis Unheil anzurichten
1653 1642 2798 1725 Ich zweifle nicht an deiner ehrlichen Ueberzeugung, mein
694 1660 1198 1755 Arthur Schnitzler.
1559 1697 2799 1762 Bester! Aber wem soll sie nützen, da es am Ende doch nur
2883 1703 3298 1799 Wie lächerlich wäre
432 1712 1565 1794 In unruhigen Zeiten ist die Politik die gegebene Freistatt
1562 1743 2795 1846 die ehrliche Ueberzeugung von einer höchst unehrlichen Sache ist?
2781 1753 3318 1843 spieler in einer Partie e
325 1779 1576 1858 für Verbrechernaturen, die, zu feig, mit dem vollen Einsatz ihrer
2786 1820 3316 1899 methoden, ja Spielregeln
332 1839 1590 1902 Person für das Walten ihrer bösen Instinkte einzustehen, es
1652 1830 2796 1911 Eine neue Staatsform wird Lets durch gewaltsame Mittel
2793 1872 3319 1945 der ehrliche Spieler es ma
323 1868 1589 1947 vorziehen, sich als Bekenner einer Gesinnung oder als Anhänger
1563 1901 2796 1973 geschaffen. Auch dann, und dann vielleicht ganz besonders, wenn
2792 1924 3310 1987 trüger gehalten zu werden
329 1919 1576 1998 einer Idee auszugeben, um mit möglichst geringem moralischen
1568 1952 2790 2026 sie unter dem Schlagwort von der Abschaffung der Gewalt ein¬
2793 1977 3290 2042 hineinzulegen. Und doch —
326 1978 1577 2051 und materiellen Risiko, wenn nicht gar mit Aussicht auf
1563 1986 2796 2076 geführt wurde. Nur daß die Gewaltsamkeit in solchen Fällen
2793 2017 3293 2085 Kibitz, die wir neugierig
324 2022 1568 2092 materiellen und scheinbar moralischen Gewinn, die kleineren
1571 2045 2801 2113 eine schleichende Form annehmen und sich in hinterhältigeren
2794 2048 3319 2137 Politik herumstehen und den
324 2067 1583 2155 oder größeren Schurkenstreiche zu begehen, zu denen ihre Natur
1573 2085 2765 2192 Methoden auszuwirken pflegt, als in aufrichtigen Revolutionen.
2790 2109 3319 2178 besten halten, oder tun, al
335 2132 698 2214 sie bestimmt hat.
2846 2161 3320 2232 ohne daß es ihnen we
1666 2177 2814 2279 Das unnützeste und zugleich gefährlichste Element der mensch¬
2777 2201 3310 2283 die Kiebitze es sind, die di
432 2205 1588 2282 Die äußere Politik hat ihre Dogmen, wie die Religion: sie heißen
2789 2260 3315 2341 ganze Zeche zu zahlen haber
331 2264 2804 2341 Macht, Grenzerweiterung und Prestige. Aber so wie die wahrhaft lichen Gesellschaft bilden Individuen, deren zielgerichtete Begabung
1571 2292 2800 2371 zu ihrer geistigen Beweglichkeit in einem auffälligen Mißverhältnis
337 2316 1569 2380 Frommen nicht eben unter den Buchstabengläubigen, so werden
1579 2335 2812 2413 steht. Nicht überall vermögen diese Menschen ihr verderbliches
2887 2344 3314 2431 Es kann immer der
337 2372 1573 2454 die besten Patrioten kaum je unter den Politikern zu finden sein.
1572 2396 2804 2459 Wesen zu entfalten: der Arbeiter, der Handwerker, der Richter,
2795 2406 3313 2480 geistigen Kampfe der Sieger
440 2445 2801 2521 Feindselige Strömungen einer Mehrzahl gegenüber einer der Rechtsanwalt, der Arzt, der Priester, der Bauer, der Künstler,
2800 2463 3304 2525 Kämpen den anderen auf d
1569 2491 2801 2559 der Polizist, der Beamte, der Soldat ist ohne positive Leistung,
2786 2509 3320 2580 wer von ihnen dem anderen
321 2502 1586 2569 Minderzahl entwickeln sich immer, wenn die numerisch stärkere
1568 2536 2812 2613 so gering sie sei, nicht denkbar. Denn der Angehörige solcher
2794 2557 3321 2620 wird es niemals eine Me
335 2558 1575 2629 Gruppe fühlt, daß sie durch die geistige Ueberlegenheit der
334 2575 2807 2682 numerisch Schwächeren in die Gefahr gerät, diejenigen Vorrechte Beruse ist darauf gestellt, etwas Bestimmtes hervorzubringen, um
2795 2603 3310 2672 höheren Weisheit hat sich d
1571 2628 2796 2699 seine Daseinsberechtigung zu erweisen und steht so dauernd unter
2789 2657 3322 2739 durchgerungen; und ungesäh
328 2655 1583 2743 zu verlieren, die sie ausschließlich ihrer zahlenmäßigen Ueber¬
1551 2689 2802 2778 der Kontrolle derjenigen, die auf seine spezifische Leistung an¬
2795 2699 3192 2785 gelehrt und gelernt.
321 2706 921 2792 llegenheit zu verdanken hatte.
1573 2729 2761 2828 gewiesen sind, und damit zugleich unter der der Allgemeinheit.
1670 2763 2814 2839 Auf drei Lebensgebieten aber ist eine solche Kontrolle
438 2776 1589 2859 In der Politik kommen auf Einen, der auf Grund per¬
2882 2783 3308 2873 Was soll uns das
324 2841 2797 2926 sönlicher Erfahrungen nach reiflichen Erwägungen und aus tiefster praktisch nicht durchführbar, auf den Gebieten der Politik, des
2807 2832 3325 2943 Leben nicht um Politik gekü
330 2918 2806 2970 Ueberzeugung sich für eine bestimmte Seite entschieden hat, Journalismus und der Spekulation. Und so ist hier, wo leere
2892 2908 3329 2984 Was hilft's dir, mei
331 2920 2810 3022 Hunderttausende von Mitläufern: gutgläubige, gedankenlose und Geschäftigkeit sich am ehesten als ernstgemeinte Tätigkeit, nichtiges
329 2963 3326 3059 Streber, die nur der Zufall der Geburt, der Erziehung, des oder zwecktrübes Geschwätz, als inhaltsvolle und sachliche Rede — in jedem Augenblick deines
