3392 4096
1987 222 2461 334 box 35/3
272 250 1861 357 Buch der Sprueche und Bedenken
1610 735 2763 836 Punkte auffallig haperte: es war nämlich schwer zu vele
2770 765 3106 860 Wir haben die
1274 798 2763 871 schwer krank, stehen, wie die Optantenfrage auf die Tagesordnung der
2759 824 3357 904 wir hofften, daß die Partei
1612 864 2759 930 Dezember= und der Märzsession gesetzt werden konnte,
931 860 1613 957 Deputation empfing, sagte er:
2761 887 3356 946 digung treten könnten. Da
1607 898 2758 974 wenn sie bereits im September definitiv ausgetragen wor¬
701 916 1605 1006 ## erfleho ich den größten Segen für die
2771 932 3346 1008 solcher Bestimmtheit behauß
1619 976 1827 1054 den war.
2772 982 3357 1047 spruch zu uns selber geraten
448 968 1599 1059 ##ution: die Eintracht aller Patrioten.“ Wenn Majorität
1693 992 2766 1086 Da kam die Märztagung, die der Einstellung Titu¬
443 1017 1611 1105 und Minorität dieser Worte eingedenk sind, kann der
1600 1027 3358 1136 lescus und seiner Rechtsgelehrten eine scharfe Wider= dig erachtet, die Lage zu be
458 1083 1382 1174 Nation der Segen des Himmels nicht fehlen.
2859 1131 3353 1204 Aus einem bestimmten
1617 1144 2776 1231 er, nicht mehr Verstand zu heißen. Er kennt sich und kennt
2782 1179 3216 1271 nahe schon treu sein.
449 1184 1609 1275 würdigsten sein in die verschlossensten Kammern der Her¬
1614 1199 2773 1270 seine Grenzen. Er weiß, daß er nichts ist als ein beschei¬
450 1234 1621 1324 ßen und in die geheimsten Falten der Seele dringender
1622 1241 2774 1334 denes Licht im Dämmer der Unendlichkeit, aber immer¬
2866 1264 3329 1357 Du hast verstanden?
451 1288 1612 1367 Blick. In seinem neuen Buche hat Schnitzler Einfälle,
1626 1297 2777 1380 hin das einzige, das uns zur Verfügung steht. Es leuch¬
2782 1330 3360 1418 vergessen? Welch ein Mißv
453 1329 1616 1423 Gedanken, Erfahrungen, Erlebnisse, kurz, Aphorismen.
1624 1342 2778 1424 tet wohl nur in die nächste Umgebung; aber sollen wir es
2782 1379 3156 1467 gehört zu lieben.
455 1379 1623 1469 die ihm der Tag zutrug, aufgezeichnet, und aus allen
1628 1402 2775 1482 darum ausblasen und völlig im Dunkel gehen, wenn wir
461 1421 1620 1515 spricht sein Geist und sein Gemüt zu uns. Jeder Spruch
1620 1437 2780 1531 nicht zu den Glücklichen gehören, denen jenes unsichere
2862 1471 3359 1563 Nicht Uebennaß an Ver
461 1475 1621 1566 ist ein kleiner Spiegel, worin man auch das Antlitz des
1621 1507 2244 1593 Flimmern von oben genügt?
463 1517 1625 1608 Dichters sehen kann. Es ist kein finsteres Gesicht, sondern
2780 1541 3337 1604 Phantasic macht es dem
450 1566 1636 1652 das ernste eines Denkers, Philosophen, nein, eines Dich¬
2792 1590 3372 1675 treue eines geliebten Wesen
1724 1572 2792 1684 Die Philosophie vermag im letzten Sinn nichts aus¬
469 1613 1637 1709 ters, dem nichts Menschliches fremd ist, der seine Nächsten
1633 1649 2792 1737 zusprechen als Tautologien; geht sie darüber hinaus, so
466 1663 1637 1764 und Fernsten durchschaut und je auch versteht. Nicht
2873 1678 3369 1770 Ein tragikomisches Sch
1641 1697 2787 1783 fängt im günstigsten Fall die Dichtung, im gleichgültigen
464 1710 1630 1815 bloß mit der Kritik der Kritik beschäftigt er sich, sondern
2786 1744 3360 1817 wissen und niemand haben,
1635 1750 2625 1845 das Geschwätz, im schlimmsten die Dogmatik an.
473 1760 1624 1842 er gibt uns eine Kritik der Zeit und der Gesellschaft, und
2794 1805 3372 1879 über ausweinen möchte, als
455 1811 1643 1897 troß seiner oft zutage tretenden Herbheit läßt er im Leser!
2787 1852 3193 1934 es zerstört wurde.
465 1855 1639 1956 keine Bitternis zurück. Auf dem dunklen Hintergrund
1726 1834 2794 1936 Selbstüberwindung, Erkenntnisdrang und Opfer¬
472 1890 1646 1993 leuchten die Bilder seiner Phantasie nur desto heller und
1650 1908 2792 1993 mut sind die einzigen wirklichen Tugenden unter allen,
2886 1929 3323 2024 In Hinsicht auf L
478 1946 1641 2042 Feundlicher, und aus den düsteren Erkenntnissen der
1647 1956 2807 2068 die man so zu nennen pflegt. Denn nur in ihnen ist der
2807 1991 3358 2082 lieber verfallen lassen, als zu
475 1987 1638 2086 Stunde erwachsen ihm und uns trotz allem die lichten
1651 2028 1914 2115 Wille tätig.
475 2043 1643 2136 Hoffnungen des Morgen. Doch geben wir dem Dichter
479 2072 1653 2178 das Wort, denn besser als jeder andere kann er für sich
2878 2103 3377 2183 So vertraut darfst di
1730 2080 2809 2198 Es gibt allerlei Flucht aus Verantwortung: Es gibt
471 2142 1650 2237 und auch für die anderen sprechen. So wird man denn
2803 2155 3357 2231 glauben, daß du ihr deine
1653 2147 2807 2245 eine Flucht in den Tod, eine Flucht in die Krankheit, und
484 2187 1641 2265 auch an den Aphorismen, die wir aufs Geratewohl aus
2797 2208 3359 2281 #ürftest. Und wenn du es d
1648 2203 2797 2295 endlich eine Flucht in die Dummheit. Die letzte ist die
487 2246 1595 2337 dem köstlichen Buch herausgreifen, volle Freude haben.
2801 2257 3368 2336 sie sich rächen wird, entwed
1655 2258 2803 2343 gefahrloseste und bequemste, denn auch für kluge Leute
2807 2310 3373 2400 gleichfalls gesteht, — oder
1658 2297 2803 2387 pflegt der Weg nicht so weit zu sein, als sie sich gerne ein¬
1653 2377 2013 2459 bilden möchten.
604 2344 1651 2446 ... Daß wir einen Gott ahnen, ist nur ein unzu¬
2892 2405 3386 2491 Die Lebenslüge man
481 2400 1662 2498 länglicher Beweis für sein Dasein. Ein stärkerer ist, daß
1746 2423 2818 2522 Liebe deinen Fernsten, wie du deinen Nächsten nicht
2820 2466 3380 2545 Individuums: daß sie den
493 2474 1226 2557 wir fähig sind, an ihm zu zweifeln.
1657 2493 2821 2578 leiden magst, dann wird vielleicht einmal Friede in der
2819 2518 3380 2586 sogar sein Ausbleiben noch
1667 2574 1974 2644 Welt werden.
2825 2575 3385 2654 Zeit, da sie schon mitten das
580 2540 1674 2648 Von wie verräterischer Vorsicht ist doch manchmal
496 2618 1669 2706 die Sprache! Sie hat das Wort Verzweiflung gebildet,
1747 2617 2770 2719 Kommt es euch denn darauf an, die Wahrheit'
498 2671 1669 2742 das aus dem Zweifel kommt — eine Steigerung des
2897 2657 3386 2752 Ein Krieg wird unte
1907 2695 2816 2756 — Nein: Recht zu behalten. Zu raten? —
1665 2704 1924 2781 erforschen?
506 2718 1668 2802 Ausdrucks, die fast wie ein Urteil, eine Verdammung, eine
2821 2717 3368 2806 begonnen, aus guten Grünk
499 2727 2821 2847 Strafe wirkt; aber sie hat sich gehütet, aus dem Wort! Nein: Die Gescheiteren zu sein. Zu helfen? — Nein:
2819 2777 3385 2868 verlogensten Ausreden besch
1676 2802 2062 2894 Euch loszukaufen.
495 2812 1678 2879 Glaube Verglaubung zu bilden, das in allzu fataler
499 2878 1372 2965 Weise an das Wort Versklavung erinnert.
2905 2871 3355 2963 Wer Humor hat, der
1752 2856 2825 2967 Die Liebe einer Frau kannst du dir durch mancherlei
2821 2935 3380 3023 nur Witz hat, der hat meiste
597 2980 2823 3045 In der letzten Zeit wird der Verstand gar übel be¬ verscherzen: durch Vertrauen und durch Mißtrauen.
1678 2989 2832 3067 durch Nachgiebigkeit und durch Tyrannei, durch zuviel
504 3015 1687 3120 handelt, ja von den Mystikern, Okkultisten und Frommen
1673 3029 2827 3123 und durch zuwenig Zärtlichkeit, durch alles und durch
2907 3038 3376 3128 Im Kunstwerk, das au
512 3069 1685 3163 geradezu verhöhnt, weil er sich unfähig erweist, alle
2808 3102 3394 3199 heraus geschaffen wurde, glü
511 3118 1858 3214 Fragen zu beantworten, die an ihn gestellt werden. Hat nichts.
521 3157 1717 3263 er sich das jemals eingebildet? Hätte er's getan, verdiente:
