3392 4320
55 310 652 412 3. Buch der
1890 282 2350 375 box 35/3
646 300 1751 418 Sprueche und Bedenken
877 1103 2380 1189 Woher nur dein Drang. o Dichter, von den köstlichen Stunden
792 1188 2377 1242 Deiner Einsamkeit der aufhorchenden Welt zu erzählen? Solltest
806 1235 2383 1321 du im Grunde nicht eine höchst gesellige Natursein und ein wenig
800 1305 1115 1380 Geck dazu?
874 1370 2369 1447 Künstler sein, das heiltt: verstehen, die rauhen Flächen der
817 1423 2378 1520 Wirklichkeit so glattzuschleifen, daß sie die ganze Unendlichken
811 1487 2383 1574 von den Höhen des Himmels bis zu den Tiefen der Hölle wider¬
803 1557 1290 1644 zuspiegeln vermag.
878 1651 2377 1733 In jeder Epoche bildet sich eine literarische Manier aus. mit
805 1702 2375 1771 der auch die geringeren Talente mehr oder weniger gewandt zu
817 1757 2381 1828 wirtschaften verstehen und die den Stil dieser Epoche unfreiwillig
804 1819 2381 1896 parodiert. Und es gibt wahre Genies der Manier unter diesen
815 1890 2376 1948 naiven oder hochstaplerischen Parodisten, die nicht nur das Publi¬
813 1939 2384 2015 kum. sondern auch die Kritik zu täuschen verstehen. — Der klas¬
810 1992 2383 2060 sische Stil ist es. der sich zu solch manieristischer Behandlung am
815 2042 2388 2107 wenigsten eignet. weil hierohne einige Bildung. Fleiß und Geduld
805 2099 2387 2168 doch nichts auszurichten oder vorzuspiegeln ist: der naturali¬
818 2154 2396 2231 Stische und derexpressionistische Stil bieten sich manieristischster
823 2238 2394 2291 Behandlung am bequemsten dar. Auch echte Talente aber ver¬
824 2268 2392 2350 fallen in ihren schwächeren Perioden in Manierismus, manchmal
824 2325 2393 2419 sogar solche. die in ihrer besseren Zeit den neuen Stil selbst ge¬
827 2399 1629 2488 schallen und ausgebildet haben.
892 2471 2398 2553 Es mag dem Künstler begegnen, daß er mit seinem Stoff lange
817 2564 2390 2611 Zeit so überlegen gespielt hat, wie ein geschickter Jongleur mit
827 2597 2400 2676 seinem Ball; daß es ihm gelang, ihn aus den höchsten Höhen und
817 2655 2387 2727 fernsten Fernen immer wieder im rechten Augenblick mit ge¬
832 2723 2389 2819 wandien Händen aufzufangen: — bis er ihm doch einmal unver¬
824 2774 2393 2856 schens entgleitet. davonhüpft und in irgend einem Lebensgestrüpp
828 2856 2397 2908 verschwindet, aus dem er sich niemals wieder hervorholen lälit.
903 2901 2391 3002 Wir sind allzuolt geneigt, unter einer trübe schillernden Ober¬
828 3005 2401 3078 fläche Tiefe zu vermuten: — und wenn wir uns entschließen.
820 3047 2400 3116 nachzuprüfen, reicht unser kleiner Finger schon bis auf den
829 3099 2401 3179 Grund hinab. Eine klare Oberfläche aber täuscht uns immer wie¬
825 3160 2405 3230 der Seichtigkeit vor. indem sie unserem ahnenden Blicke gestättet.
835 3235 2408 3296 bis in eine Tiefe hinabzuschauen, die wir mit dem Senklot des
847 3290 1887 3380 Verstandes niemals zu erreichen vermögen.
901 3366 2404 3454 Nur stillgeschwiegen. Autor — und keine Erwiderung! Die
841 3445 2410 3529 einzige. die du allen Angriffen entgegenstellen darfst, hast dn
849 3490 2413 3585 schon vorweg genommen: — dein Werk. Wenn es dauert, hast
833 3566 1334 3656 du Recht behalten.
2764 4114 2852 4207 —
