3344 4224
1969 232 2432 343 box 35/3
130 246 1825 365 3. Buch der Sprueche und Bedenken
958 1204 2436 1307 Jjede gefühlsmäßtige Beziehung zu Gott ist sinnlos, Auflehnung
870 1264 2429 1359 nicht minder als Ergebung. Denn der Altar, vor dem wir im Staube
861 1326 2439 1405 liegen, wie der, den wir zertrümmern wollen — wir sind es immer
862 1385 1667 1471 selbst, die ihn aufgerichtet haben.
961 1449 2431 1560 Deine Ahnung vom Göttlichen: du hältst sie für eine Frage,
873 1517 2446 1616 die du an die Unendlichkeit richtest. Doc du irrst; sie ist schon die
878 1569 2440 1669 Antwort, die dir aus der Unendlichkeit zurücktönt, und die einzige,
873 1641 1487 1730 die du zu erwarten hast.
968 1735 2449 1804 Die Idee ist ein so göttliches Ding, dal sie freiwillige Opfer
888 1778 2450 1858 wohl annehmen, ja vielleicht sogar fordern darf. Wie oft aber im
876 1824 2457 1904 Laufe der Geschichte wurde sie zum Götzen erniedrigt, auf dessen
881 1881 1934 1986 Altar man unschuldige Kinder hinschlachtete.
974 1961 2446 2050 So hoch sich der Glaube emporzuschwingen meint, an der Un¬
1463 2034 2459 2099 und hier gibt es kein anderes Maß — ist
874 2052 1469 2125 endlichkeit gemessen —
876 2082 2136 2187 er gerade so weit von Gott entfernt wie der Zweifel.
