3344 4224
1399 166 1803 260 edenken
130 172 1448 272 3. Buch der Sprueche und
1042 920 1703 1011 Dr. Max Goldschmidt
1050 1004 1681 1084 Büco für Zeitungsausschnitte
876 1069 1163 1139 BERLIN N4
1414 1074 1851 1141 Teleion: Norden 3051
1200 1166 1800 1282 Neue Leipziger Zeitung
1663 1356 1799 1427 harft“
1540 1394 1921 1503 2 S. 36l. 1627
1176 1584 1666 1685 Bemerkungen
1188 1669 1669 1740 Von Arthur Schnitzler
977 1722 1904 1771 Jede Art von künstlerischer Produktion fordert—
938 1748 1894 1814 mit Notwendigkeit Kritik heraus. Denn es liegt
942 1804 1884 1853 im Wesen der Produktion, sich Schöpferwillen und
938 1831 1886 1897 Schopferkraft und damit in gewissem Sinne Göttlich¬
932 1874 1890 1944 keit anzumaßen. Und da das Göttliche ein Absolutes,
930 1911 1885 1972 doch jede Art, auch die höchste, der künstlerischen
934 1950 1886 2012 Produktion immer nur ein Relatives vorstellt, so hat
938 1994 1892 2051 die Kritik im Prinzip immer recht; doch in der
938 2031 1894 2103 Praxis oft auf eine recht wohlfeile Weise und bei¬
931 2071 1454 2137 nahe stets am unrechten Ort.
1367 2114 1447 2157 *
989 2133 1881 2212 Auch der Dilettant hat zuweilen Einfälle, die
923 2186 1886 2229 selbst den Anspruchsvollen zu verblüffen imstande
931 2223 1894 2294 sind. Aber im Gegensatz zum Künstler vergißt er
926 2273 1887 2313 meistens, daß der Einfall nichts ist als notwendige
930 2307 1891 2352 Voraussetzung, und oft nichts anderes bedeutet als
930 2345 1893 2400 eine Versuchung, die auch in den Abgrund führen
923 2379 1889 2436 kann. Worauf es ankommt, bleibt aber, zu wissen,
929 2427 1882 2464 welche Entwicklungsfähigkeiten in einem
939 2463 1886 2507 Einfall vorhanden sind; zu fühlen, wann der Augen¬
1489 2498 1527 2526 N.
922 2500 1885 2560 blick gekommen ist, eine dieser Moglichkeiten in Wirk¬
934 2543 1892 2597 lichkeit überzuleiten, und wenn dieser Augenblick aus
932 2572 1884 2635 irgendwelchen äußeren und inneren Gründen nie¬
928 2619 1881 2679 mals erscheinen will, auch das Herz zu haben, ihn zu
930 2656 1618 2720 verstoßen, wie ein ungeratenes Kind.
991 2734 1878 2793 Dem Humoristen wird es auch im aufgeräum¬
929 2770 1881 2833 testen Moment niemals einfallen, sich mit seinem
1584 2818 1624 2846 a
1428 2817 1465 2847 0
934 2815 1879 2860 Publikum zu encanaillieren. Nur der Wighold ist es,
920 2857 1874 2899 der gerne vertraulich und Beifall werbend ins
929 2893 1880 2940 Parkett oder zum Leser hinüberblinzelt und jederzeit
920 2939 1881 2972 bereit ist, auch eine Gestalt, die er selbst geschaffen,
931 2969 1887 3024 zu verraten und feig im Stich zu lassen, wodurch er
918 3011 1887 3064 die mediokre geistige Atmosphäre schafft, in der allein
926 3051 1339 3111 er zu wirken vermag.
979 3112 1874 3189 Innerhalb des Grotesken ist es niemals mög¬
924 3176 1880 3214 lich, die Vollendung zu erreichen, ja unsinnig, sie an¬
924 3222 1877 3272 zustreben. Denn während sowohl das Tragische als
923 3258 1886 3322 das Komische auch bei höchst gesteigerter Intensität
919 3295 1879 3354 innerhalb des Endlichen beschlossen ist, weist das
920 3328 1880 3387 Groteske ins Grenzenlose und schließt sich so selbst
929 3371 1302 3433 von der Kunst aus.
1082 3422 1882 3473 Aus dem bisher unveröffentlichten Buche
1019 3451 1193 3504 „Sprache
1199 3456 1889 3534 und Bedenken“ (Vorlag Paul Zsolnay#
991 3487 1180 3555 Wien).
1958 148 2408 242 box 35/3
