3392 4320
775 128 1852 185 een of andere roman- of tooneel-figuur in den mond
791 156 1870 217 heb gelegd als de vertolking van misn persoonlike over¬
790 202 1865 259 tuiging laat gelden, of wanneer men toeyallige artistieke
799 251 1867 298 spelletjes die men den dichter toch wel mag toestaan
787 288 1864 333 als uitdrukking van miin diepste wezen op gaat
788 326 1029 379 vatten
830 326 1866 413 De uiterlijke verzorging van dit boek is zeer gelukkig.
787 409 1867 449 Den student wordt het bespaard zelf tot een rangschik¬
790 441 1877 485 king van deze aphorismen te moeten overgaan, een piin¬
785 463 1862 526 lük werk waartoe menig professor den bestudeerder van
788 520 1882 565 een of anderen ouden vagabondeerenden moralist ver¬
793 542 1865 606 plicht. Schnitzler heeft netjes ziin overdenkingen naar
799 587 1868 640 hoofdstukken gesorteerd en deze zelfs onderling genum¬
796 635 1868 689 merd. Zoo hebben we een princeps die tevens een klas¬
798 659 1885 716 sieke uitgave is en de faculteit bliift niets anders over
804 705 1879 776 dan de armen over elkaar te slaan of een cigaretje te
806 754 1086 813 gaan rooken.
843 757 1868 833 Dit zin de namen van de hoofdstukken: Spreuken in
808 826 1879 869 verzen; vermoedens en vragen; noodlot en wil; verant¬
798 843 1876 904 woording en geweten; verhoudingen en eenzaamheid:
811 887 1878 954 wonder en wet: moeilijkheden van den dag en gang
800 932 1646 986 des tiids; werk en echo; kleine spreuken.
839 965 1878 1019 Het is voor alles als eigenlijke moralist, als kenner
803 1009 1885 1061 van de menschen dat we Schnitzler hier bewonderen.
810 1044 1880 1103 Onmiddelljjk dringt zich de vergelijking tusschen dezen
811 1096 1895 1138 Weenschen Jood en den zeventiende eeuwschen Fransch¬
803 1122 1890 1178 man De la Rochefoucauld aan ons op. Door de sierlijke
802 1170 1891 1222 beknoptheid van den vorm en de onverbiddelijke, meest
804 1192 1877 1266 pessimistische waarheid van den inhoud herinneren de
809 1233 1901 1296 beste van Schnitzlers spreuken aan die van den ouden
817 1269 1891 1344 pessimist. Hoewel lang niet alle aphorismen van
819 1314 1887 1373 Schnitzler de waarde hebben en de algemeene geldig¬
806 1337 1882 1406 heid van die van den Franschman zin er enkele onder
807 1382 1890 1457 die aan beknoptheid en sierliikheid, hooge dichter¬
808 1429 1885 1489 lljkheid en pathos paren, zooals dit bij Nietzsche en
816 1463 1920 1519 ook bij de oude Bijbelsche moralisten het geval is maar
813 1499 1896 1553 zelden bij de meer nuchtere Franschen: „Geljjkheid van
822 1541 1889 1601 streven bindt U met touwen aan elkander, gelijkheid van
822 1577 1890 1659 noodlot snoert U met koorden aan elkander, gellikheic
827 1615 1899 1690 van verantwoordelijkheid smeedt U met ketenen aan
831 1672 1127 1727 elkander vast“
866 1687 1896 1762 We hebben er typisch pittige en satyrische uitspra¬
828 1724 1897 1792 ken als deze: „Houdt van Uw verrestaanden zooals U
832 1770 1898 1848 Uw naaste niet mag liiden, dan zal er misschien eenmaal
825 1810 1891 1863 vrede op aarde ziin Maar ook zuiver humane als deze:
842 1852 1900 1903 „Klagen? Neen, handelen! Beklagen? Neen, helpen!
822 1888 1421 1939 Aanklagen? Neen verbeteren!“
863 1921 1905 1979 Sommige dienen de theoretische zedenleer: „Zelfover¬
839 1953 1910 2018 winning, verlangen te begrünen en opofferingsgezindheid
835 1995 1906 2057 zün de eenige werkeliike deugden onder al die welke
836 2037 1912 2098 men 200 pleegt te noemen. Want slechts in hen werkt de
836 2097 952 2146 wil“.
874 2095 1899 2179 Nos andere typeeren afzonderliike menschelijke ka¬
846 2168 1917 2212 rakters of afzonderliike eigenschappen, zooals deze waar¬
846 2203 1913 2256 in de smart van hem die men den dilettant noemt en
835 2232 1918 2286 die in de laatste helft der vorige eeuw en tegenwoordig
850 2271 1914 2329 nog zooveel voorkomt zich uit: „God beware ons voor
854 2302 1924 2366 bet „begrüpen“ (zich kunnen indenken). Het ontneemt
843 2343 1913 2402 den toorn zün kracht, onzen haat zin waardigheid, on¬
845 2391 1911 2447 ze wraak den lust en ock nog onze herinnering de zalig¬
850 2437 969 2492 heid.
884 2446 1918 2521 Deze kleinere, voor de meeste lezers misschien de be¬
853 2513 1928 2558 langrijkste aphorismen, nemen toch de kleinste plaats
860 2534 1930 2598 in dit werkje in. De grootere fragmenten over meer
855 2572 1937 2640 metaphysische vragen, over sociale en politieke, over
866 2625 1934 2676 artistieke en litteraire beslaan het grootste gedeelte der
854 2666 1918 2705 bladzijden. Ik geloof dat Schnitzler als moralist nog in¬
854 2688 1934 2749 teressanter is dan als metaphysicus. Hil is een twüfelaar.
859 2724 1930 2790 die de apologie van den twilfel schrifft. Niet den twilfel
861 2765 1935 2826 als zacht oorkussen (Montaigne) verdedigt hij; dit is
865 2800 1937 2870 ziin twiifel niet. Integendeel, hil kan niet dulden dat zin
860 2851 1933 2901 tegenstanders meenen dat hil zich op zoon wat goed¬
855 2880 1936 2943 koope manier van de metaphysische problemen afmaakt.
856 2939 1941 2989 Maar hij meent dat in het metaphysische twiifel en ge¬
870 2971 1936 3026 loof samenvallen en dat de metaphysische vraag den
867 3016 1935 3067 geloovige (dus volgens de wereld den twilfelaar) karak¬
874 3037 1943 3101 teriseert en het metaphysische antwoord den domme.
863 3079 1946 3149 Men stelt den hemel vragen en die vragen ziin ons
870 3110 1945 3185 geloof. Maar die zich zelf een antwoord wrocht en dat
870 3147 1954 3216 koestert heeft reeds geen verbinding meer met de eeuwig¬
879 3189 1953 3262 heid. Schnitzler schuwt het moderne dweepzieke geco¬
873 3245 1956 3298 quetteer met den godsdienst. Ook het vage hierin hin¬
878 3266 1937 3338 dert den kunstenaar, die helderheid en reinheid van
878 3307 1953 3370 vorin onvoorwaardeljjk eischt van alles. wat zich bedient
871 3355 1515 3412 van het edele instrument: woord.
901 3375 1945 3448 Dor de wiisbegeerte als vruchtbare wetenschap bestridt
878 3419 1941 3487 Schnilzler: „De wüsbegeerte vermag in laatste instan¬
868 3459 1945 3529 tie niets dan tautologieen (vanzelfsprekendheden) uit te
872 3493 1951 3562 spreken: wil zi meer doen dan begint in het gunstig¬
878 3533 1947 3594 ste geval de verbeeldingskunst, in het onverschillige het
881 3578 1687 3655 geklets, in het ergste geval de dogmatiek.
918 3609 1945 3671 Ook over het vraagstuk van den vrüen wil en der
878 3651 1944 3717 determinatie ziin er in dit boekje vele gedachten te
884 3693 1946 3751 vinden. Het lijkt me dat Schnitzler’s opvatting wat dit
895 3724 1954 3795 betreft nogal schommelt. Omdat hij verantwoordelijk¬
886 3773 1958 3839 heid de basis van het leven vindt, zoowel ethisch als
880 3815 1976 3883 aesthetisch (zonder deze was jeder gebeuren ondrama¬
889 3848 1958 3909 tisch en vervelend), moet hij wel een vrijen wil aanne¬
893 3876 1957 3944 men. En toch beschouwt hij het individu als een reser¬
897 3934 1965 3981 volr van noodlotsoorzaken, waarmede hil geboren en
898 3977 1162 4028 belast wordt.
921 3989 1952 4042 Voor den letterkundige en den Schnitzler-liefhebber 1s
901 4034 1952 4093 vooral het hoofdstuk Werk en echo belangrijk, waarin
895 4069 1962 4136 cok de letterkundige crittei er niet goed afkomen.
900 4113 1965 4170 Schnitzler verwit velen van hen terecht het schermen
