<?xml version="1.0" encoding="UTF-8" standalone="yes"?>
<PcGts xmlns="http://schema.primaresearch.org/PAGE/gts/pagecontent/2013-07-15" xmlns:xsi="http://www.w3.org/2001/XMLSchema-instance" xsi:schemaLocation="http://schema.primaresearch.org/PAGE/gts/pagecontent/2013-07-15 http://schema.primaresearch.org/PAGE/gts/pagecontent/2013-07-15/pagecontent.xsd">
    <Metadata>
        <Creator>prov=University of Rostock/Institute of Mathematics/CITlab/Gundram Leifert/gundram.leifert@uni-rostock.de:name=ONB_Newseye_GT_M1+(htr_id=10810)::::v=2.4.2
prov=University of Rostock/Institute of Mathematics/CITlab/Tobias Gruening/tobias.gruening@uni-rostock.de:name=de.uros.citlab.module.baseline2polygon.B2PSeamMultiOriented:v=2.4.2
prov=University of Rostock/Institute of Mathematics/CITlab/Tobias Gruening/tobias.gruening@uni-rostock.de:name=/mnt/transkribus/LA/DEA/URO/LA_news_onb_att.pb:de.uros.citlab.segmentation.CITlab_LA_ML:v=2.4.2
Transkribus</Creator>
        <Created>2019-10-07T13:41:22.711+02:00</Created>
        <LastChange>2019-10-08T22:59:44.670+02:00</LastChange>
        <TranskribusMetadata docId="224093" pageId="9510651" pageNr="71" tsid="16613741" status="IN_PROGRESS" userId="40391" imgUrl="https://files.transkribus.eu/Get?id=RXIXAEQJRSAVPSVMVLUQJDQA&amp;fileType=view" xmlUrl="https://files.transkribus.eu/Get?id=DKKIMSEBRXIDNWTCLODTNALN" imageId="6199175"/>
    </Metadata>
    <Page imageFilename="224093_0071.jpeg" imageWidth="3392" imageHeight="4256">
        <ReadingOrder>
            <OrderedGroup id="ro_1711444263180" caption="Regions reading order">
                <RegionRefIndexed index="0" regionRef="r1"/>
                <RegionRefIndexed index="1" regionRef="r2"/>
                <RegionRefIndexed index="2" regionRef="r3"/>
                <RegionRefIndexed index="3" regionRef="r4"/>
            </OrderedGroup>
        </ReadingOrder>
        <TextRegion orientation="0.0" id="r1" custom="readingOrder {index:0;}">
            <Coords points="160,243 160,4199 2872,4199 2872,243"/>
            <TextLine id="r1l1" custom="readingOrder {index:0;}">
                <Coords points="1986,274 2089,302 2118,283 2156,291 2179,270 2248,290 2282,277 2322,296 2370,266 2410,293 2458,272 2457,222 2386,199 2340,220 2237,209 2126,233 2057,214 1986,223"/>
                <Baseline points="1996,273 2021,273 2046,273 2071,273 2096,273 2121,273 2146,273 2171,274 2196,274 2221,274 2246,274 2271,274 2296,274 2321,273 2346,273 2371,271 2396,271 2421,268 2447,266"/>
                <TextEquiv>
                    <Unicode>box 35/3</Unicode>
                </TextEquiv>
            </TextLine>
            <TextLine id="r1l2" custom="readingOrder {index:1;}">
                <Coords points="149,314 1846,321 1845,257 1675,219 586,241 532,288 464,243 148,256"/>
                <Baseline points="160,310 243,314 327,316 411,318 495,319 578,319 662,318 746,317 830,316 913,314 997,312 1081,310 1165,307 1248,305 1332,303 1416,301 1500,300 1583,299 1667,298 1751,298 1835,299"/>
                <TextEquiv>
                    <Unicode>3. Buch der Sprusche und Bedenken</Unicode>
                </TextEquiv>
            </TextLine>
            <TextLine id="r1l3" custom="readingOrder {index:2;}">
                <Coords points="2067,882 2092,892 2306,889 2325,876 2354,889 2475,884 2488,882 2488,831 2437,823 2425,834 2293,837 2272,816 2221,814 2161,833 2123,823 2067,834"/>
                <Baseline points="2077,880 2102,880 2127,880 2152,879 2177,879 2202,879 2227,878 2252,878 2277,878 2302,877 2327,877 2352,877 2377,877 2402,878 2427,878 2452,878 2477,879"/>
                <TextEquiv>
                    <Unicode>DIE NEUE WELT</Unicode>
                </TextEquiv>
            </TextLine>
            <TextLine id="r1l4" custom="readingOrder {index:3;}">
                <Coords points="592,885 647,897 699,889 745,897 779,887 780,828 763,826 734,844 719,837 700,845 683,843 648,819 636,825 625,816 617,825 594,824"/>
                <Baseline points="603,884 630,882 658,882 686,883 713,885 741,886 769,884"/>
                <TextEquiv>
                    <Unicode>Nr. 35</Unicode>
                </TextEquiv>
            </TextLine>
            <TextLine id="r1l5" custom="readingOrder {index:4;}">
                <Coords points="1720,956 2342,965 2411,937 2486,963 2532,931 2824,970 2859,963 2859,907 1719,917"/>
                <Baseline points="1730,949 1785,951 1841,953 1897,954 1953,955 2009,955 2065,955 2121,955 2177,954 2233,954 2289,953 2344,952 2400,951 2456,950 2512,948 2568,947 2624,946 2680,945 2736,944 2792,943 2848,942"/>
                <TextEquiv>
                    <Unicode>die Anerkennung des Prinzipes der menschlichen</Unicode>
                </TextEquiv>
            </TextLine>
            <TextLine id="r1l6" custom="readingOrder {index:5;}">
                <Coords points="542,957 605,976 664,961 760,965 771,975 817,963 886,973 886,931 854,919 772,915 747,927 707,917 687,932 670,919 542,918"/>
                <Baseline points="552,953 579,953 606,953 633,953 660,953 687,953 714,953 741,953 768,953 795,952 822,952 849,952 876,952"/>
                <TextEquiv>
                    <Unicode>Erste Spezial¬</Unicode>
                </TextEquiv>
            </TextLine>
            <TextLine id="r1l7" custom="readingOrder {index:6;}">
                <Coords points="1713,1003 2840,992 2825,942 2540,977 2133,956 2090,984 1712,953"/>
                <Baseline points="1723,998 1778,1000 1833,1002 1889,1003 1944,1004 1999,1005 2055,1005 2110,1004 2165,1004 2221,1003 2276,1002 2331,1001 2387,999 2442,998 2497,997 2553,995 2608,994 2663,993 2719,992 2774,992 2830,992"/>
                <TextEquiv>
                    <Unicode>Verantwortung: „Selbstüberwindung, Erkenntnis¬</Unicode>
                </TextEquiv>
            </TextLine>
            <TextLine id="r1l8" custom="readingOrder {index:7;}">
                <Coords points="544,1016 1646,1023 1690,1004 1690,941 1160,927 953,939 886,979 544,972"/>
                <Baseline points="555,1002 611,1002 667,1003 723,1003 780,1004 836,1005 892,1005 948,1006 1005,1006 1061,1006 1117,1007 1173,1007 1230,1007 1286,1007 1342,1006 1398,1006 1455,1005 1511,1004 1567,1003 1623,1002 1680,1000"/>
                <TextEquiv>
                    <Unicode>werkstatto,r Sessel und Tische</Unicode>
                </TextEquiv>
            </TextLine>
            <TextLine id="r1l9" custom="readingOrder {index:8;}">
                <Coords points="1716,1060 2856,1040 2730,997 1716,1005"/>
                <Baseline points="1726,1052 1782,1052 1838,1053 1894,1054 1950,1054 2006,1054 2062,1054 2118,1054 2174,1053 2230,1053 2286,1052 2342,1052 2398,1051 2454,1050 2510,1049 2566,1048 2622,1047 2678,1045 2734,1044 2790,1043 2846,1041"/>
                <TextEquiv>
                    <Unicode>drang und Opfermut sind die einzigen wirklichen</Unicode>
                </TextEquiv>
            </TextLine>
            <TextLine id="r1l10" custom="readingOrder {index:9;}">
                <Coords points="562,1082 1609,1086 1697,1055 1697,1019 561,1019"/>
                <Baseline points="571,1067 626,1068 682,1069 738,1070 794,1070 850,1071 905,1072 961,1073 1017,1073 1073,1073 1129,1074 1184,1074 1240,1073 1296,1073 1352,1072 1408,1071 1463,1070 1519,1069 1575,1067 1631,1065 1687,1062"/>
                <TextEquiv>
                    <Unicode>Salongarnituren und Einzelmöbelstücke</Unicode>
                </TextEquiv>
            </TextLine>
            <TextLine id="r1l11" custom="readingOrder {index:10;}">
                <Coords points="1715,1104 2844,1106 2800,1046 2274,1080 1715,1057"/>
                <Baseline points="1726,1099 1781,1100 1836,1101 1892,1101 1947,1101 2003,1101 2058,1101 2113,1100 2169,1100 2224,1100 2280,1099 2335,1098 2390,1097 2446,1097 2501,1096 2557,1095 2612,1094 2667,1094 2723,1093 2778,1092 2834,1092"/>
                <TextEquiv>
                    <Unicode>Tugenden unter allen, die man so zu nennen pflegt.</Unicode>
                </TextEquiv>
            </TextLine>
            <TextLine id="r1l12" custom="readingOrder {index:11;}">
                <Coords points="1471,1115 1521,1116 1532,1111 1550,1117 1555,1113 1573,1115 1586,1102 1601,1104 1600,1074 1583,1079 1564,1075 1546,1084 1535,1076 1512,1082 1501,1074 1470,1081"/>
                <Baseline points="1481,1109 1508,1108 1536,1107 1563,1107 1591,1107"/>
                <TextEquiv>
                    <Unicode>lcke</Unicode>
                </TextEquiv>
            </TextLine>
            <TextLine id="r1l13" custom="readingOrder {index:12;}">
                <Coords points="2614,1142 2692,1160 2711,1149 2776,1154 2788,1143 2801,1152 2815,1141 2839,1145 2857,1138 2857,1098 2792,1099 2783,1108 2764,1098 2727,1111 2681,1097 2633,1125 2614,1125"/>
                <Baseline points="2625,1140 2652,1142 2680,1143 2708,1142 2736,1141 2763,1140 2791,1139 2819,1139 2847,1140"/>
                <TextEquiv>
                    <Unicode>„Verant¬</Unicode>
                </TextEquiv>
            </TextLine>
            <TextLine id="r1l14" custom="readingOrder {index:13;}">
                <Coords points="551,1136 953,1162 1697,1132 1669,1092 1468,1116 1338,1076 551,1090"/>
                <Baseline points="561,1136 617,1139 673,1141 729,1142 786,1144 842,1144 898,1145 955,1145 1011,1146 1067,1146 1124,1145 1180,1145 1236,1144 1292,1143 1349,1142 1405,1141 1461,1140 1518,1139 1574,1138 1630,1137 1687,1135"/>
                <TextEquiv>
                    <Unicode>ADLER, VII. Apollog. 18 Kalserst.aße 12</Unicode>
                </TextEquiv>
            </TextLine>
            <TextLine id="r1l15" custom="readingOrder {index:14;}">
                <Coords points="1711,1165 2564,1151 2564,1103 2530,1101 2415,1121 1711,1103"/>
                <Baseline points="1721,1150 1762,1151 1804,1152 1845,1152 1887,1153 1929,1153 1970,1153 2012,1153 2054,1153 2095,1152 2137,1152 2179,1151 2220,1151 2262,1150 2304,1150 2345,1149 2387,1148 2429,1148 2470,1147 2512,1147 2554,1147"/>
                <TextEquiv>
                    <Unicode>Denn nur in ihnen ist der Wille tätig.“</Unicode>
                </TextEquiv>
            </TextLine>
            <TextLine id="r1l16" custom="readingOrder {index:15;}">
                <Coords points="1727,1212 2659,1220 2854,1189 2820,1137 2491,1170 1726,1163"/>
                <Baseline points="1738,1201 1793,1201 1848,1201 1903,1201 1959,1201 2014,1201 2069,1201 2125,1200 2180,1200 2235,1200 2291,1199 2346,1199 2401,1198 2456,1198 2512,1197 2567,1195 2622,1195 2678,1193 2733,1191 2788,1190 2844,1188"/>
                <TextEquiv>
                    <Unicode>wortungslosigkeit hebt jede ethische Forderung als</Unicode>
                </TextEquiv>
            </TextLine>
            <TextLine id="r1l17" custom="readingOrder {index:16;}">
                <Coords points="1723,1263 1767,1270 1782,1260 1870,1256 1886,1269 1910,1255 1945,1264 1968,1255 1998,1268 2029,1241 2048,1246 2048,1214 2023,1208 1881,1221 1862,1210 1814,1220 1724,1209"/>
                <Baseline points="1734,1245 1759,1245 1784,1246 1809,1246 1835,1247 1860,1247 1885,1247 1910,1247 1936,1248 1961,1248 1986,1248 2011,1248 2037,1248"/>
                <TextEquiv>
                    <Unicode>wesenlos auf.“</Unicode>
                </TextEquiv>
            </TextLine>
            <TextLine id="r1l18" custom="readingOrder {index:17;}">
                <Coords points="559,1277 1435,1294 1693,1278 1693,1215 559,1233"/>
                <Baseline points="570,1266 625,1266 681,1266 736,1266 792,1266 848,1266 903,1266 959,1266 1014,1267 1070,1267 1126,1267 1181,1267 1237,1267 1292,1266 1348,1266 1404,1265 1459,1264 1515,1263 1570,1261 1626,1259 1682,1257"/>
                <TextEquiv>
                    <Unicode>über die menschliche, allzumenschliche Schwachheit</Unicode>
                </TextEquiv>
            </TextLine>
            <TextLine id="r1l19" custom="readingOrder {index:18;}">
                <Coords points="1808,1303 2818,1308 2849,1295 2848,1232 2733,1261 2561,1234 2163,1258 2113,1232 1807,1271"/>
                <Baseline points="1819,1300 1870,1301 1921,1302 1972,1302 2023,1303 2074,1302 2125,1302 2176,1302 2227,1301 2278,1300 2329,1299 2380,1299 2431,1297 2482,1296 2533,1295 2584,1294 2635,1293 2686,1292 2737,1291 2788,1289 2839,1288"/>
                <TextEquiv>
                    <Unicode>Jüdisch ist Schnitzlers Lebensbejahung, die das</Unicode>
                </TextEquiv>
            </TextLine>
            <TextLine id="r1l20" custom="readingOrder {index:19;}">
                <Coords points="558,1344 613,1322 628,1335 661,1324 676,1333 693,1318 743,1332 762,1319 776,1332 795,1326 812,1336 827,1322 839,1324 840,1293 825,1297 783,1275 756,1286 744,1273 727,1283 708,1275 695,1285 645,1287 607,1276 559,1286"/>
                <Baseline points="570,1315 596,1314 622,1313 648,1313 674,1313 700,1313 726,1314 752,1314 778,1315 804,1316 830,1317"/>
                <TextEquiv>
                    <Unicode>gesprochen.</Unicode>
                </TextEquiv>
            </TextLine>
            <TextLine id="r1l21" custom="readingOrder {index:20;}">
                <Coords points="1712,1359 2850,1351 2849,1305 2791,1299 1712,1307"/>
                <Baseline points="1723,1350 1778,1350 1834,1350 1890,1349 1946,1349 2002,1349 2058,1349 2113,1348 2169,1348 2225,1347 2281,1346 2337,1346 2393,1345 2449,1344 2504,1343 2560,1342 2616,1341 2672,1341 2728,1340 2784,1339 2840,1338"/>
                <TextEquiv>
                    <Unicode>Leben für unerschöpflich reich findet, weil wir „ge¬</Unicode>
                </TextEquiv>
            </TextLine>
            <TextLine id="r1l22" custom="readingOrder {index:21;}">
                <Coords points="671,1372 1685,1369 1701,1323 1559,1304 1439,1338 1255,1297 670,1326"/>
                <Baseline points="680,1363 730,1363 781,1363 831,1363 882,1363 932,1363 983,1364 1033,1364 1084,1364 1134,1364 1185,1365 1236,1365 1286,1365 1337,1365 1387,1364 1438,1364 1488,1363 1539,1361 1589,1360 1640,1358 1691,1356"/>
                <TextEquiv>
                    <Unicode>Und in diesem Bekenntnisbuche, in dieser</Unicode>
                </TextEquiv>
            </TextLine>
            <TextLine id="r1l23" custom="readingOrder {index:22;}">
                <Coords points="1717,1408 2848,1381 2675,1345 2037,1379 1716,1351"/>
                <Baseline points="1727,1397 1782,1398 1838,1400 1893,1401 1949,1401 2004,1402 2060,1402 2115,1402 2171,1402 2226,1402 2282,1401 2338,1400 2393,1399 2449,1398 2504,1397 2560,1395 2615,1394 2671,1392 2726,1390 2782,1388 2838,1386"/>
                <TextEquiv>
                    <Unicode>schaffen sind, das Unfaßbare zu fassen, das Un¬</Unicode>
                </TextEquiv>
            </TextLine>
            <TextLine id="r1l24" custom="readingOrder {index:23;}">
                <Coords points="550,1419 1596,1427 1692,1420 1692,1366 550,1379"/>
                <Baseline points="560,1412 616,1412 672,1413 728,1413 784,1414 840,1414 896,1414 952,1415 1008,1415 1064,1415 1121,1416 1177,1416 1233,1416 1289,1415 1345,1415 1401,1414 1457,1413 1513,1412 1569,1410 1625,1408 1682,1406"/>
                <TextEquiv>
                    <Unicode>reichen Sammlung wesenhafter, knapper, tatsüchlich</Unicode>
                </TextEquiv>
            </TextLine>
            <TextLine id="r1l25" custom="readingOrder {index:24;}">
                <Coords points="1726,1458 2853,1464 2852,1397 1725,1410"/>
                <Baseline points="1736,1448 1791,1449 1846,1449 1902,1449 1957,1450 2012,1450 2068,1450 2123,1450 2178,1451 2234,1450 2289,1450 2344,1450 2400,1449 2455,1448 2510,1447 2566,1445 2621,1443 2676,1442 2732,1439 2787,1436 2843,1432"/>
                <TextEquiv>
                    <Unicode>erträgliche zu tragen“, welche „die Flucht in den</Unicode>
                </TextEquiv>
            </TextLine>
            <TextLine id="r1l26" custom="readingOrder {index:25;}">
                <Coords points="547,1461 1656,1476 1708,1459 1708,1421 547,1431"/>
                <Baseline points="557,1462 614,1462 671,1462 728,1462 785,1463 842,1463 899,1464 956,1464 1013,1465 1070,1465 1127,1466 1184,1466 1241,1466 1298,1466 1355,1465 1412,1464 1469,1463 1526,1461 1583,1458 1640,1456 1697,1452"/>
                <TextEquiv>
                    <Unicode>auf die letzte Formel gebrachter Aeußerungen steht</Unicode>
                </TextEquiv>
            </TextLine>
            <TextLine id="r1l27" custom="readingOrder {index:26;}">
                <Coords points="1722,1511 2793,1505 2851,1494 2851,1454 1722,1456"/>
                <Baseline points="1733,1497 1788,1497 1843,1498 1899,1498 1954,1498 2010,1498 2065,1498 2120,1498 2176,1498 2231,1498 2287,1497 2342,1497 2397,1496 2453,1495 2508,1494 2564,1494 2619,1492 2674,1491 2730,1489 2785,1487 2841,1485"/>
                <TextEquiv>
                    <Unicode>Tod“ als „Flucht vor der Verantwortung“ verurteilt.</Unicode>
                </TextEquiv>
            </TextLine>
            <TextLine id="r1l28" custom="readingOrder {index:27;}">
                <Coords points="559,1515 1546,1529 1703,1505 1703,1466 559,1477"/>
                <Baseline points="570,1513 626,1514 682,1514 738,1515 794,1516 850,1516 906,1516 962,1516 1018,1517 1074,1517 1131,1516 1187,1516 1243,1516 1299,1515 1355,1514 1411,1513 1467,1512 1523,1510 1579,1508 1635,1506 1692,1504"/>
                <TextEquiv>
                    <Unicode>kein einziges Wort, das sich auf die Judenfrage be¬</Unicode>
                </TextEquiv>
            </TextLine>
            <TextLine id="r1l29" custom="readingOrder {index:28;}">
                <Coords points="1713,1550 2679,1557 2844,1542 2844,1496 2624,1488 2509,1525 2399,1497 1712,1508"/>
                <Baseline points="1723,1550 1778,1549 1834,1549 1889,1549 1945,1549 2000,1549 2056,1549 2111,1549 2167,1549 2222,1548 2278,1548 2333,1548 2389,1547 2444,1547 2500,1546 2555,1544 2611,1543 2666,1542 2722,1540 2777,1538 2833,1535"/>
                <TextEquiv>
                    <Unicode>Die aber mit der Selbsterziehung zum „heiteren</Unicode>
                </TextEquiv>
            </TextLine>
            <TextLine id="r1l30" custom="readingOrder {index:29;}">
                <Coords points="548,1568 1607,1580 1705,1533 670,1515 548,1543"/>
                <Baseline points="559,1565 615,1565 672,1565 729,1565 786,1566 842,1566 899,1565 956,1565 1013,1565 1069,1565 1126,1564 1183,1564 1240,1564 1296,1563 1353,1562 1410,1562 1467,1561 1523,1560 1580,1559 1637,1559 1694,1558"/>
                <TextEquiv>
                    <Unicode>zieht. Wohl liegen Schnitzler-Werke vor, wie: „Der</Unicode>
                </TextEquiv>
            </TextLine>
            <TextLine id="r1l31" custom="readingOrder {index:30;}">
                <Coords points="1715,1607 2744,1607 2834,1590 2856,1547 1715,1565"/>
                <Baseline points="1725,1597 1781,1597 1837,1597 1893,1597 1949,1597 2005,1597 2061,1598 2117,1598 2173,1598 2229,1598 2286,1598 2342,1598 2398,1598 2454,1597 2510,1596 2566,1595 2622,1593 2678,1591 2734,1587 2790,1584 2847,1580"/>
                <TextEquiv>
                    <Unicode>Sterben“ wohl vereinbar ist, ja durch sie erhöht</Unicode>
                </TextEquiv>
            </TextLine>
            <TextLine id="r1l32" custom="readingOrder {index:31;}">
                <Coords points="567,1621 1703,1615 1702,1567 1635,1561 1497,1588 1461,1561 567,1571"/>
                <Baseline points="578,1615 633,1615 689,1616 745,1616 800,1616 856,1616 912,1616 967,1615 1023,1615 1079,1615 1135,1614 1190,1614 1246,1613 1302,1612 1357,1612 1413,1611 1469,1610 1524,1609 1580,1608 1636,1607 1692,1606"/>
                <TextEquiv>
                    <Unicode>Weg ins Freie“, „Professor Bernhardi“ und die</Unicode>
                </TextEquiv>
            </TextLine>
            <TextLine id="r1l33" custom="readingOrder {index:32;}">
                <Coords points="1727,1651 2714,1654 2850,1633 2849,1587 1726,1614"/>
                <Baseline points="1738,1646 1793,1647 1848,1648 1903,1649 1958,1649 2013,1649 2068,1649 2123,1649 2178,1648 2233,1647 2289,1646 2344,1645 2399,1644 2454,1642 2509,1641 2564,1639 2619,1638 2674,1637 2729,1636 2784,1635 2840,1634"/>
                <TextEquiv>
                    <Unicode>wird: „Hast du die innere Abgeschlossenheit er¬</Unicode>
                </TextEquiv>
            </TextLine>
            <TextLine id="r1l34" custom="readingOrder {index:33;}">
                <Coords points="559,1667 1661,1674 1705,1617 559,1627"/>
                <Baseline points="569,1666 625,1666 681,1666 737,1666 794,1666 850,1666 906,1666 963,1666 1019,1666 1075,1665 1132,1665 1188,1665 1244,1664 1300,1663 1357,1663 1413,1662 1469,1661 1526,1659 1582,1658 1638,1657 1695,1655"/>
                <TextEquiv>
                    <Unicode>Journalistenkomödie „Fink und Fliederbusch“, die</Unicode>
                </TextEquiv>
            </TextLine>
            <TextLine id="r1l35" custom="readingOrder {index:34;}">
                <Coords points="1716,1704 2830,1698 2855,1642 1715,1662"/>
                <Baseline points="1726,1696 1784,1697 1843,1697 1902,1698 1961,1698 2020,1698 2079,1697 2138,1696 2197,1696 2256,1695 2314,1694 2373,1692 2432,1692 2491,1690 2550,1689 2609,1688 2668,1688 2727,1687 2786,1687 2845,1686"/>
                <TextEquiv>
                    <Unicode>rungen, in jedem Augenblick zum Tod bereit zu sein,</Unicode>
                </TextEquiv>
            </TextLine>
            <TextLine id="r1l36" custom="readingOrder {index:35;}">
                <Coords points="564,1711 1697,1716 1697,1669 1628,1664 564,1669"/>
                <Baseline points="574,1714 629,1714 685,1715 740,1715 796,1715 852,1716 907,1715 963,1715 1019,1715 1074,1714 1130,1714 1186,1713 1241,1712 1297,1712 1353,1711 1408,1710 1464,1709 1520,1708 1575,1707 1631,1706 1687,1705"/>
                <TextEquiv>
                    <Unicode>sich sehr lebhaft mit den modernen Problemen der</Unicode>
                </TextEquiv>
            </TextLine>
            <TextLine id="r1l37" custom="readingOrder {index:36;}">
                <Coords points="1723,1762 2772,1754 2858,1736 2858,1690 1722,1724"/>
                <Baseline points="1733,1747 1788,1748 1844,1748 1900,1748 1955,1748 2011,1748 2067,1747 2122,1747 2178,1746 2234,1746 2290,1745 2345,1744 2401,1743 2457,1742 2512,1741 2568,1740 2624,1739 2679,1737 2735,1736 2791,1735 2847,1733"/>
                <TextEquiv>
                    <Unicode>dann bist du auch innerlich so reich geworden, daß</Unicode>
                </TextEquiv>
            </TextLine>
            <TextLine id="r1l38" custom="readingOrder {index:37;}">
                <Coords points="561,1782 1566,1775 1669,1770 1696,1730 560,1713"/>
                <Baseline points="570,1764 625,1764 681,1765 737,1765 793,1766 849,1766 904,1766 960,1766 1016,1766 1072,1766 1128,1766 1183,1765 1239,1764 1295,1764 1351,1763 1407,1761 1462,1760 1518,1759 1574,1757 1630,1755 1686,1752"/>
                <TextEquiv>
                    <Unicode>Judenheit (wenn auch nicht des Judentums) be¬</Unicode>
                </TextEquiv>
            </TextLine>
            <TextLine id="r1l39" custom="readingOrder {index:38;}">
                <Coords points="1726,1801 2648,1811 2851,1790 2851,1746 1726,1765"/>
                <Baseline points="1736,1796 1791,1796 1846,1796 1901,1796 1957,1797 2012,1797 2067,1796 2122,1796 2178,1796 2233,1796 2288,1795 2343,1794 2399,1794 2454,1792 2509,1792 2564,1790 2620,1789 2675,1788 2730,1786 2785,1784 2841,1782"/>
                <TextEquiv>
                    <Unicode>du selbst in der Ewigkeit keine leere Stunde zu</Unicode>
                </TextEquiv>
            </TextLine>
            <TextLine id="r1l40" custom="readingOrder {index:39;}">
                <Coords points="555,1813 1699,1822 1698,1780 1646,1761 554,1781"/>
                <Baseline points="566,1814 622,1814 678,1814 734,1814 790,1814 846,1814 902,1814 959,1814 1015,1813 1071,1813 1127,1813 1183,1813 1239,1812 1295,1812 1352,1811 1408,1810 1464,1810 1520,1809 1576,1808 1632,1807 1689,1806"/>
                <TextEquiv>
                    <Unicode>schäftigen. Aber Schnitzler gibt als einen der Gründe,</Unicode>
                </TextEquiv>
            </TextLine>
            <TextLine id="r1l41" custom="readingOrder {index:40;}">
                <Coords points="1712,1851 2862,1833 2861,1787 1711,1801"/>
                <Baseline points="1723,1847 1779,1846 1835,1845 1892,1844 1948,1844 2005,1844 2061,1844 2117,1844 2174,1844 2230,1844 2287,1844 2343,1844 2399,1843 2456,1843 2512,1842 2569,1841 2625,1839 2681,1838 2738,1835 2794,1833 2851,1829"/>
                <TextEquiv>
                    <Unicode>fürchten hättest.“ Jüdisch ist Schnitzlers strenge</Unicode>
                </TextEquiv>
            </TextLine>
            <TextLine id="r1l42" custom="readingOrder {index:41;}">
                <Coords points="562,1863 1702,1866 1657,1818 1431,1810 562,1838"/>
                <Baseline points="572,1864 628,1865 684,1865 740,1865 796,1864 852,1864 908,1864 964,1863 1020,1863 1076,1862 1132,1861 1188,1861 1244,1860 1300,1859 1356,1858 1412,1857 1468,1857 1524,1856 1580,1856 1636,1855 1692,1855"/>
                <TextEquiv>
                    <Unicode>die ihn zur Herausgabe seines Tagesbuches bewogen</Unicode>
                </TextEquiv>
            </TextLine>
            <TextLine id="r1l43" custom="readingOrder {index:42;}">
                <Coords points="1723,1905 2851,1907 2850,1838 1723,1851"/>
                <Baseline points="1734,1897 1789,1896 1844,1896 1899,1895 1955,1895 2010,1895 2065,1895 2120,1895 2176,1895 2231,1895 2286,1895 2341,1894 2397,1894 2452,1893 2507,1893 2562,1891 2618,1889 2673,1888 2728,1885 2783,1882 2839,1878"/>
                <TextEquiv>
                    <Unicode>Denkzucht. Und es ist die Einsamkeit des jüdischen</Unicode>
                </TextEquiv>
            </TextLine>
            <TextLine id="r1l44" custom="readingOrder {index:43;}">
                <Coords points="560,1921 1666,1922 1699,1877 559,1871"/>
                <Baseline points="570,1914 625,1914 681,1914 737,1913 793,1913 849,1913 905,1913 961,1912 1017,1912 1073,1911 1129,1911 1184,1910 1240,1909 1296,1908 1352,1908 1408,1907 1464,1906 1520,1905 1576,1904 1632,1903 1688,1901"/>
                <TextEquiv>
                    <Unicode>haben, ganz besonders den Wunsch an, sein Verhält¬</Unicode>
                </TextEquiv>
            </TextLine>
            <TextLine id="r1l45" custom="readingOrder {index:44;}">
                <Coords points="1718,1966 2845,1955 2845,1902 1717,1911"/>
                <Baseline points="1729,1947 1784,1947 1839,1947 1894,1946 1950,1946 2005,1946 2060,1946 2116,1946 2171,1945 2226,1945 2282,1945 2337,1944 2392,1944 2447,1943 2503,1942 2558,1941 2613,1939 2669,1938 2724,1936 2779,1934 2835,1931"/>
                <TextEquiv>
                    <Unicode>Zeitgenossen, die adelige, geliebte, die aus einem</Unicode>
                </TextEquiv>
            </TextLine>
            <TextLine id="r1l46" custom="readingOrder {index:45;}">
                <Coords points="562,1979 1565,1975 1699,1965 1699,1915 561,1929"/>
                <Baseline points="572,1962 627,1962 683,1962 739,1962 795,1962 851,1962 907,1962 962,1962 1018,1962 1074,1962 1130,1961 1186,1961 1242,1960 1298,1960 1353,1959 1409,1958 1465,1957 1521,1955 1577,1954 1633,1953 1689,1951"/>
                <TextEquiv>
                    <Unicode>nis „zu den sogenannten ewigen und zu manchen</Unicode>
                </TextEquiv>
            </TextLine>
            <TextLine id="r1l47" custom="readingOrder {index:46;}">
                <Coords points="1723,2019 2846,1998 2845,1954 2705,1939 1723,1969"/>
                <Baseline points="1733,1998 1788,1997 1843,1997 1898,1997 1953,1996 2008,1996 2063,1996 2118,1995 2173,1995 2228,1994 2284,1994 2339,1993 2394,1992 2449,1991 2504,1990 2559,1988 2614,1987 2669,1985 2724,1984 2779,1982 2835,1979"/>
                <TextEquiv>
                    <Unicode>ganzen Abschnitt von Aphorismen zu uns spricht —</Unicode>
                </TextEquiv>
            </TextLine>
            <TextLine id="r1l48" custom="readingOrder {index:47;}">
                <Coords points="555,2026 1680,2020 1703,1964 555,1982"/>
                <Baseline points="566,2010 622,2011 678,2011 735,2012 791,2012 847,2012 904,2012 960,2012 1016,2012 1073,2011 1129,2011 1185,2010 1242,2009 1298,2009 1354,2008 1411,2007 1467,2006 1523,2005 1580,2004 1636,2003 1693,2002"/>
                <TextEquiv>
                    <Unicode>zeitlichen Fragen“ jenen gegenüber zu deklarieren,</Unicode>
                </TextEquiv>
            </TextLine>
            <TextLine id="r1l49" custom="readingOrder {index:48;}">
                <Coords points="1718,2068 2674,2030 2851,2059 2850,1988 1717,2007"/>
                <Baseline points="1727,2046 1782,2047 1838,2047 1893,2047 1949,2048 2005,2048 2060,2047 2116,2047 2171,2046 2227,2046 2283,2045 2338,2044 2394,2043 2449,2041 2505,2040 2561,2039 2616,2038 2672,2036 2727,2034 2783,2032 2839,2030"/>
                <TextEquiv>
                    <Unicode>aber auch die peinvolle, die sich „abfinden“ mußte,</Unicode>
                </TextEquiv>
            </TextLine>
            <TextLine id="r1l50" custom="readingOrder {index:49;}">
                <Coords points="561,2072 1667,2071 1701,2015 561,2026"/>
                <Baseline points="572,2059 630,2059 689,2059 748,2060 807,2060 866,2060 925,2061 984,2061 1043,2061 1102,2062 1160,2062 1219,2062 1278,2061 1337,2061 1396,2060 1455,2059 1514,2058 1573,2057 1632,2055 1691,2052"/>
                <TextEquiv>
                    <Unicode>welche irrig „Sätze, die ich irgend einer erdichteten</Unicode>
                </TextEquiv>
            </TextLine>
            <TextLine id="r1l51" custom="readingOrder {index:50;}">
                <Coords points="1730,2109 2748,2106 2858,2058 2677,2030 2500,2069 2336,2040 1729,2057"/>
                <Baseline points="1739,2099 1794,2098 1849,2098 1905,2097 1960,2097 2016,2096 2071,2096 2126,2095 2182,2094 2237,2094 2293,2093 2348,2092 2403,2091 2459,2089 2514,2088 2570,2087 2625,2086 2680,2084 2736,2083 2791,2080 2847,2079"/>
                <TextEquiv>
                    <Unicode>und die folgenden Verse formte, die den Titel „Ein¬</Unicode>
                </TextEquiv>
            </TextLine>
            <TextLine id="r1l52" custom="readingOrder {index:51;}">
                <Coords points="552,2120 1390,2134 1671,2117 1710,2085 551,2074"/>
                <Baseline points="563,2109 619,2111 676,2112 733,2112 790,2113 847,2113 903,2113 960,2112 1017,2112 1074,2111 1131,2110 1187,2109 1244,2108 1301,2107 1358,2106 1415,2106 1471,2105 1528,2105 1585,2105 1642,2105 1699,2105"/>
                <TextEquiv>
                    <Unicode>Figur in den Mund gelegt habe, als Ausdruck meines</Unicode>
                </TextEquiv>
            </TextLine>
            <TextLine id="r1l53" custom="readingOrder {index:52;}">
                <Coords points="1728,2159 2748,2150 2863,2136 2863,2098 1727,2110"/>
                <Baseline points="1739,2146 1794,2146 1850,2146 1905,2146 1961,2146 2017,2146 2072,2146 2128,2146 2184,2145 2239,2145 2295,2144 2351,2144 2406,2142 2462,2142 2518,2140 2573,2139 2629,2137 2685,2135 2740,2133 2796,2131 2852,2129"/>
                <TextEquiv>
                    <Unicode>ladung“ tragen, und mir weit mehr von schmerz¬</Unicode>
                </TextEquiv>
            </TextLine>
            <TextLine id="r1l54" custom="readingOrder {index:53;}">
                <Coords points="561,2180 1229,2161 1229,2125 1183,2117 561,2119"/>
                <Baseline points="571,2156 603,2156 635,2157 668,2157 700,2157 732,2157 765,2158 797,2158 829,2158 862,2158 894,2158 926,2158 959,2158 991,2158 1023,2158 1056,2158 1088,2158 1120,2158 1153,2158 1185,2158 1218,2157"/>
                <TextEquiv>
                    <Unicode>innersten Wesens auffassen“.</Unicode>
                </TextEquiv>
            </TextLine>
            <TextLine id="r1l55" custom="readingOrder {index:54;}">
                <Coords points="1727,2207 2838,2206 2854,2143 1727,2159"/>
                <Baseline points="1737,2196 1792,2196 1847,2195 1902,2194 1958,2194 2013,2193 2068,2193 2124,2192 2179,2192 2234,2191 2290,2191 2345,2190 2400,2190 2455,2189 2511,2189 2566,2187 2621,2187 2677,2186 2732,2184 2787,2183 2843,2181"/>
                <TextEquiv>
                    <Unicode>licher Entsagung als von Hoch mit eingegeben</Unicode>
                </TextEquiv>
            </TextLine>
            <TextLine id="r1l56" custom="readingOrder {index:55;}">
                <Coords points="679,2220 1700,2216 1699,2151 788,2188 679,2164"/>
                <Baseline points="689,2207 739,2207 789,2208 839,2208 889,2209 939,2209 989,2210 1039,2210 1089,2210 1139,2210 1189,2210 1239,2210 1289,2210 1339,2210 1389,2209 1439,2208 1489,2207 1539,2206 1589,2205 1639,2202 1689,2201"/>
                <TextEquiv>
                    <Unicode>Nun, aus diesem Werke geht eindeutig hervor:</Unicode>
                </TextEquiv>
            </TextLine>
            <TextLine id="r1l57" custom="readingOrder {index:56;}">
                <Coords points="1728,2266 1743,2266 1755,2253 1776,2263 1799,2252 1839,2260 1847,2253 1912,2254 1946,2267 1947,2202 1903,2209 1878,2201 1866,2213 1830,2203 1805,2214 1784,2204 1727,2216"/>
                <Baseline points="1738,2244 1766,2243 1794,2243 1823,2242 1851,2241 1880,2241 1908,2241 1937,2241"/>
                <TextEquiv>
                    <Unicode>scheinen:</Unicode>
                </TextEquiv>
            </TextLine>
            <TextLine id="r1l58" custom="readingOrder {index:57;}">
                <Coords points="573,2263 1703,2263 1702,2221 1600,2214 1049,2243 573,2200"/>
                <Baseline points="584,2257 639,2258 694,2259 750,2259 805,2260 861,2260 916,2260 972,2260 1027,2259 1083,2259 1138,2258 1193,2258 1249,2257 1304,2257 1360,2256 1415,2255 1471,2254 1526,2253 1582,2253 1637,2252 1693,2251"/>
                <TextEquiv>
                    <Unicode>Mag es den Dichter gereizt haben, in einzelnen</Unicode>
                </TextEquiv>
            </TextLine>
            <TextLine id="r1l59" custom="readingOrder {index:58;}">
                <Coords points="1807,2319 2033,2294 2088,2318 2729,2308 2753,2253 2288,2231 2074,2270 1858,2253 1806,2283"/>
                <Baseline points="1817,2305 1863,2306 1909,2307 1955,2307 2002,2307 2048,2307 2094,2307 2141,2306 2187,2306 2233,2305 2280,2304 2326,2303 2372,2301 2418,2300 2465,2299 2511,2298 2557,2297 2604,2296 2650,2294 2696,2294 2743,2293"/>
                <TextEquiv>
                    <Unicode>„Herzlich willkommen heiß ich die Gäste,</Unicode>
                </TextEquiv>
            </TextLine>
            <TextLine id="r1l60" custom="readingOrder {index:59;}">
                <Coords points="565,2309 1558,2327 1671,2320 1708,2280 564,2273"/>
                <Baseline points="576,2307 632,2307 688,2308 744,2308 800,2309 856,2309 912,2309 969,2309 1025,2309 1081,2309 1137,2309 1193,2309 1249,2309 1305,2308 1362,2308 1418,2307 1474,2307 1530,2306 1586,2305 1642,2304 1699,2302"/>
                <TextEquiv>
                    <Unicode>Werken jüdische Gestalten zu formen und sogar</Unicode>
                </TextEquiv>
            </TextLine>
            <TextLine id="r1l61" custom="readingOrder {index:60;}">
                <Coords points="1796,2372 2751,2355 2780,2347 2780,2298 1795,2318"/>
                <Baseline points="1807,2350 1855,2351 1903,2351 1951,2351 1999,2351 2047,2351 2095,2351 2144,2350 2192,2350 2240,2349 2288,2349 2336,2348 2384,2348 2432,2347 2481,2346 2529,2346 2577,2345 2625,2345 2673,2344 2721,2344 2770,2343"/>
                <TextEquiv>
                    <Unicode>Freu mich doch lieber von weitem am Feste.</Unicode>
                </TextEquiv>
            </TextLine>
            <TextLine id="r1l62" custom="readingOrder {index:61;}">
                <Coords points="570,2371 1669,2367 1709,2323 569,2310"/>
                <Baseline points="579,2359 635,2359 691,2358 747,2358 803,2358 859,2358 915,2358 971,2359 1027,2359 1083,2359 1139,2359 1195,2359 1251,2359 1307,2358 1363,2358 1419,2357 1475,2356 1531,2355 1587,2354 1643,2351 1699,2349"/>
                <TextEquiv>
                    <Unicode>jüdische Zeit-, ia Tagesfragen zu behandeln — er</Unicode>
                </TextEquiv>
            </TextLine>
            <TextLine id="r1l63" custom="readingOrder {index:62;}">
                <Coords points="1797,2413 2585,2400 2683,2432 2805,2387 2706,2346 1797,2367"/>
                <Baseline points="1807,2402 1856,2402 1905,2403 1955,2403 2004,2403 2054,2403 2103,2403 2152,2402 2202,2402 2251,2401 2301,2401 2350,2400 2399,2400 2449,2399 2498,2398 2548,2397 2597,2396 2646,2395 2696,2394 2745,2393 2795,2392"/>
                <TextEquiv>
                    <Unicode>Mischt' ich mich selbst in den lustigen Reih'n,</Unicode>
                </TextEquiv>
            </TextLine>
            <TextLine id="r1l64" custom="readingOrder {index:63;}">
                <Coords points="560,2419 1711,2420 1710,2366 1637,2358 560,2379"/>
                <Baseline points="571,2408 627,2408 683,2409 740,2409 796,2409 853,2409 909,2409 965,2409 1022,2409 1078,2409 1135,2408 1191,2408 1247,2408 1304,2407 1360,2407 1417,2406 1473,2406 1529,2405 1586,2404 1642,2404 1699,2403"/>
                <TextEquiv>
                    <Unicode>selbst ist durch die Probleme des Judentums nicht</Unicode>
                </TextEquiv>
            </TextLine>
            <TextLine id="r1l65" custom="readingOrder {index:64;}">
                <Coords points="1819,2458 2089,2453 2140,2478 2200,2450 2395,2466 2446,2442 2662,2468 2642,2397 2594,2420 1819,2410"/>
                <Baseline points="1830,2448 1871,2448 1912,2448 1953,2448 1994,2448 2035,2448 2076,2448 2117,2448 2158,2448 2199,2448 2240,2448 2281,2447 2322,2447 2363,2447 2404,2446 2445,2445 2486,2445 2527,2444 2568,2443 2609,2441 2651,2440"/>
                <TextEquiv>
                    <Unicode>Tanz und Musik wär“ nimmer mein...“</Unicode>
                </TextEquiv>
            </TextLine>
            <TextLine id="r1l66" custom="readingOrder {index:65;}">
                <Coords points="572,2481 1364,2444 1710,2471 1709,2421 1667,2411 572,2416"/>
                <Baseline points="583,2458 638,2459 694,2460 750,2461 806,2461 862,2461 917,2460 973,2460 1029,2459 1085,2458 1141,2457 1196,2457 1252,2456 1308,2455 1364,2454 1420,2454 1475,2454 1531,2454 1587,2455 1643,2455 1699,2457"/>
                <TextEquiv>
                    <Unicode>bewegt, sie haben seinem innersten Wesen niemals</Unicode>
                </TextEquiv>
            </TextLine>
            <TextLine id="r1l67" custom="readingOrder {index:66;}">
                <Coords points="572,2506 1572,2524 1689,2507 1716,2467 572,2483"/>
                <Baseline points="582,2508 638,2509 694,2509 750,2509 806,2510 863,2510 919,2510 975,2509 1031,2509 1087,2509 1144,2509 1200,2508 1256,2508 1312,2507 1368,2506 1425,2506 1481,2505 1537,2504 1593,2503 1649,2502 1706,2501"/>
                <TextEquiv>
                    <Unicode>zu schaffen gegeben, denn sonst hätte der wahrheits¬</Unicode>
                </TextEquiv>
            </TextLine>
            <TextLine id="r1l68" custom="readingOrder {index:67;}">
                <Coords points="576,2561 1723,2571 1722,2489 1230,2534 576,2515"/>
                <Baseline points="586,2557 642,2558 698,2558 754,2559 811,2559 867,2559 923,2559 979,2559 1036,2559 1092,2558 1148,2558 1204,2558 1261,2557 1317,2557 1373,2556 1429,2556 1486,2555 1542,2554 1598,2553 1654,2552 1711,2551"/>
                <TextEquiv>
                    <Unicode>liebende, verantwortungsvolle, gerechte und mutige</Unicode>
                </TextEquiv>
            </TextLine>
            <TextLine id="r1l69" custom="readingOrder {index:68;}">
                <Coords points="561,2602 1710,2621 1709,2556 561,2564"/>
                <Baseline points="572,2608 628,2608 684,2609 741,2609 797,2610 853,2610 910,2610 966,2610 1022,2609 1079,2609 1135,2608 1191,2608 1248,2607 1304,2606 1360,2606 1417,2605 1473,2604 1529,2603 1586,2603 1642,2602 1699,2601"/>
                <TextEquiv>
                    <Unicode>Mann einiges darüber in seinem Buche der Geständ¬</Unicode>
                </TextEquiv>
            </TextLine>
            <TextLine id="r1l70" custom="readingOrder {index:69;}">
                <Coords points="1833,2632 2451,2609 2746,2635 2788,2624 2786,2398 2609,2525 2517,2503 2441,2535 2401,2511 2031,2546 1911,2503 1832,2533"/>
                <Baseline points="1844,2612 1890,2612 1937,2612 1984,2612 2030,2611 2077,2611 2124,2611 2170,2611 2217,2610 2264,2610 2311,2610 2357,2609 2404,2609 2451,2608 2497,2608 2544,2607 2591,2606 2637,2605 2684,2604 2731,2603 2778,2602"/>
                <TextEquiv>
                    <Unicode>Theater und Kunst.</Unicode>
                </TextEquiv>
            </TextLine>
            <TextLine id="r1l71" custom="readingOrder {index:70;}">
                <Coords points="576,2674 1583,2673 1707,2666 1707,2622 575,2606"/>
                <Baseline points="586,2658 641,2658 697,2658 752,2658 808,2658 863,2658 919,2658 974,2658 1030,2658 1085,2657 1141,2657 1196,2657 1252,2656 1307,2655 1363,2655 1418,2654 1474,2653 1529,2653 1585,2652 1640,2651 1696,2651"/>
                <TextEquiv>
                    <Unicode>nisse, Auseinandersetzungen und Einsamkeiten ver¬</Unicode>
                </TextEquiv>
            </TextLine>
            <TextLine id="r1l72" custom="readingOrder {index:71;}">
                <Coords points="1951,2714 2027,2732 2090,2709 2205,2735 2303,2707 2335,2728 2433,2704 2574,2718 2615,2696 2615,2675 2567,2651 2361,2625 2204,2656 2160,2637 2093,2656 2055,2632 1951,2668"/>
                <Baseline points="1961,2706 1993,2705 2025,2704 2057,2703 2089,2702 2122,2702 2154,2702 2186,2702 2218,2702 2250,2702 2283,2702 2315,2702 2347,2702 2379,2702 2411,2702 2444,2701 2476,2701 2508,2701 2540,2699 2572,2698 2605,2697"/>
                <TextEquiv>
                    <Unicode>Akademietheater.</Unicode>
                </TextEquiv>
            </TextLine>
            <TextLine id="r1l73" custom="readingOrder {index:72;}">
                <Coords points="572,2706 1526,2728 1710,2710 1710,2668 572,2678"/>
                <Baseline points="582,2706 637,2707 693,2707 749,2707 805,2708 861,2708 917,2708 973,2707 1029,2707 1085,2707 1141,2706 1196,2706 1252,2705 1308,2705 1364,2704 1420,2704 1476,2703 1532,2703 1588,2702 1644,2702 1700,2702"/>
                <TextEquiv>
                    <Unicode>merkt. Darüber ist kein Zweifel: Schnitzler, einer</Unicode>
                </TextEquiv>
            </TextLine>
            <TextLine id="r1l74" custom="readingOrder {index:73;}">
                <Coords points="572,2754 1716,2762 1715,2722 1665,2708 571,2711"/>
                <Baseline points="583,2754 639,2755 695,2757 751,2757 807,2758 863,2758 919,2759 976,2758 1032,2758 1088,2757 1144,2757 1200,2756 1256,2756 1312,2755 1369,2754 1425,2754 1481,2753 1537,2753 1593,2753 1649,2753 1706,2753"/>
                <TextEquiv>
                    <Unicode>der hervorragenden Dramatiker jüdischen Blutes,</Unicode>
                </TextEquiv>
            </TextLine>
            <TextLine id="r1l75" custom="readingOrder {index:74;}">
                <Coords points="1775,2802 2833,2765 2832,2713 2794,2711 2501,2707 2382,2740 1774,2710"/>
                <Baseline points="1786,2773 1837,2773 1889,2772 1941,2772 1993,2771 2045,2771 2097,2770 2148,2770 2200,2769 2252,2769 2304,2769 2356,2768 2408,2768 2460,2767 2511,2767 2563,2766 2615,2766 2667,2765 2719,2765 2771,2764 2823,2763"/>
                <TextEquiv>
                    <Unicode>Zum ersten Male: „Osterferien“ von Romain Coolus.</Unicode>
                </TextEquiv>
            </TextLine>
            <TextLine id="r1l76" custom="readingOrder {index:75;}">
                <Coords points="564,2807 1636,2822 1705,2803 1705,2763 1144,2786 563,2751"/>
                <Baseline points="575,2805 631,2806 687,2807 743,2807 799,2807 855,2807 911,2808 967,2807 1023,2807 1079,2807 1135,2807 1191,2806 1247,2806 1303,2806 1359,2805 1415,2805 1471,2804 1527,2804 1583,2803 1639,2803 1695,2802"/>
                <TextEquiv>
                    <Unicode>wegen seines JJudentums wiederholt unerhört ge¬</Unicode>
                </TextEquiv>
            </TextLine>
            <TextLine id="r1l77" custom="readingOrder {index:76;}">
                <Coords points="1842,2838 2684,2844 2778,2814 2862,2847 2862,2790 1841,2785"/>
                <Baseline points="1853,2828 1902,2827 1952,2827 2002,2827 2052,2826 2102,2826 2152,2826 2202,2825 2252,2825 2302,2825 2352,2825 2401,2824 2451,2824 2501,2823 2551,2823 2601,2822 2651,2821 2701,2820 2751,2819 2801,2818 2851,2816"/>
                <TextEquiv>
                    <Unicode>Interessant an diesem Lustspiel ist eigentlich nur ein</Unicode>
                </TextEquiv>
            </TextLine>
            <TextLine id="r1l78" custom="readingOrder {index:77;}">
                <Coords points="574,2858 1706,2853 1663,2809 574,2812"/>
                <Baseline points="584,2857 639,2857 695,2858 750,2858 806,2858 862,2858 917,2858 973,2858 1028,2857 1084,2857 1140,2856 1195,2856 1251,2855 1306,2854 1362,2854 1418,2853 1473,2853 1529,2852 1584,2852 1640,2852 1696,2852"/>
                <TextEquiv>
                    <Unicode>schmäht und bübisch behandelt. Schnitzler, der un¬</Unicode>
                </TextEquiv>
            </TextLine>
            <TextLine id="r1l79" custom="readingOrder {index:78;}">
                <Coords points="1728,2886 2679,2889 2865,2878 2865,2846 1727,2829"/>
                <Baseline points="1739,2877 1794,2879 1850,2879 1906,2880 1962,2880 2018,2880 2073,2879 2129,2879 2185,2878 2241,2877 2297,2876 2352,2875 2408,2874 2464,2873 2520,2871 2576,2870 2631,2869 2687,2868 2743,2867 2799,2866 2855,2865"/>
                <TextEquiv>
                    <Unicode>Problem, das allerdings stark ins Psychoanalytische hin¬</Unicode>
                </TextEquiv>
            </TextLine>
            <TextLine id="r1l80" custom="readingOrder {index:79;}">
                <Coords points="563,2907 1707,2914 1681,2849 562,2858"/>
                <Baseline points="574,2904 630,2905 686,2907 742,2907 798,2908 854,2908 910,2908 966,2908 1022,2908 1078,2908 1134,2907 1190,2906 1246,2906 1302,2905 1358,2904 1414,2903 1470,2902 1526,2902 1582,2901 1638,2901 1695,2900"/>
                <TextEquiv>
                    <Unicode>tadelige Mensch (dem man nur einen Vorwurf</Unicode>
                </TextEquiv>
            </TextLine>
            <TextLine id="r1l81" custom="readingOrder {index:80;}">
                <Coords points="1741,2950 2870,2926 2869,2884 2827,2877 1740,2891"/>
                <Baseline points="1752,2928 1807,2929 1862,2929 1918,2929 1973,2929 2028,2929 2084,2929 2139,2928 2194,2928 2250,2927 2305,2926 2360,2926 2416,2925 2471,2924 2526,2922 2582,2921 2637,2920 2692,2918 2748,2917 2803,2916 2859,2915"/>
                <TextEquiv>
                    <Unicode>übergreift: die Einstellung des viezehnjährigen Jungen zu</Unicode>
                </TextEquiv>
            </TextLine>
            <TextLine id="r1l82" custom="readingOrder {index:81;}">
                <Coords points="574,2981 1695,2973 1712,2910 574,2929"/>
                <Baseline points="585,2955 640,2955 696,2955 752,2956 808,2956 864,2956 920,2956 975,2956 1031,2956 1087,2956 1143,2956 1199,2956 1255,2956 1311,2955 1366,2955 1422,2954 1478,2954 1534,2953 1590,2952 1646,2951 1702,2950"/>
                <TextEquiv>
                    <Unicode>machen kann, daß er nämlich seinen „Reigen“, den</Unicode>
                </TextEquiv>
            </TextLine>
            <TextLine id="r1l83" custom="readingOrder {index:82;}">
                <Coords points="1733,2977 2865,2988 2864,2927 2738,2922 1733,2950"/>
                <Baseline points="1744,2979 1799,2978 1855,2977 1910,2977 1966,2976 2021,2976 2077,2976 2132,2976 2188,2976 2243,2975 2299,2975 2355,2975 2410,2974 2466,2974 2521,2973 2577,2972 2632,2971 2688,2969 2743,2968 2799,2965 2855,2962"/>
                <TextEquiv>
                    <Unicode>den Bewerbern seiner schönen Mama. (Der Herr Papa ist</Unicode>
                </TextEquiv>
            </TextLine>
            <TextLine id="r1l84" custom="readingOrder {index:83;}">
                <Coords points="566,3011 1712,3013 1711,2969 1667,2954 565,2967"/>
                <Baseline points="576,3005 632,3005 688,3005 744,3005 801,3006 857,3006 913,3006 970,3006 1026,3006 1082,3006 1139,3006 1195,3006 1251,3005 1307,3005 1364,3005 1420,3004 1476,3004 1533,3003 1589,3002 1645,3001 1702,3000"/>
                <TextEquiv>
                    <Unicode>er nicht für die Bühne schrieb, gegen dessen Auf¬</Unicode>
                </TextEquiv>
            </TextLine>
            <TextLine id="r1l85" custom="readingOrder {index:84;}">
                <Coords points="1744,3038 2865,3022 2864,2986 2812,2972 1744,3003"/>
                <Baseline points="1754,3029 1809,3027 1864,3027 1919,3025 1974,3025 2029,3025 2084,3024 2139,3024 2194,3024 2249,3024 2304,3024 2359,3024 2414,3023 2469,3023 2524,3022 2579,3021 2634,3020 2689,3019 2744,3017 2799,3014 2855,3011"/>
                <TextEquiv>
                    <Unicode>scheinbar verschollen.) Der kleine Junge kommt auf „Oster¬</Unicode>
                </TextEquiv>
            </TextLine>
            <TextLine id="r1l86" custom="readingOrder {index:85;}">
                <Coords points="578,3062 1694,3072 1719,3028 577,3015"/>
                <Baseline points="588,3056 644,3057 700,3057 756,3057 812,3057 868,3057 924,3057 980,3056 1036,3056 1092,3056 1148,3055 1204,3055 1260,3055 1316,3054 1372,3054 1428,3053 1484,3053 1540,3052 1596,3052 1652,3051 1709,3050"/>
                <TextEquiv>
                    <Unicode>führung er sich mit aller Tatkraft jahrelang wehrte,</Unicode>
                </TextEquiv>
            </TextLine>
            <TextLine id="r1l87" custom="readingOrder {index:86;}">
                <Coords points="1742,3091 2871,3072 2870,3023 2824,3020 1741,3039"/>
                <Baseline points="1753,3077 1808,3077 1863,3077 1919,3076 1974,3076 2030,3076 2085,3075 2140,3075 2196,3074 2251,3074 2307,3073 2362,3072 2417,3071 2473,3071 2528,3070 2584,3068 2639,3067 2694,3066 2750,3064 2805,3063 2861,3061"/>
                <TextEquiv>
                    <Unicode>ferien“ nach Hause und findet gleich drei Verehrer seiner</Unicode>
                </TextEquiv>
            </TextLine>
            <TextLine id="r1l88" custom="readingOrder {index:87;}">
                <Coords points="1458,3099 1496,3107 1550,3102 1568,3114 1613,3106 1620,3113 1626,3106 1685,3111 1695,3100 1710,3102 1709,3056 1686,3065 1667,3057 1652,3070 1629,3058 1602,3067 1573,3059 1552,3076 1531,3066 1457,3066"/>
                <Baseline points="1469,3102 1494,3102 1520,3102 1545,3101 1571,3101 1596,3100 1622,3099 1647,3099 1673,3098 1699,3097"/>
                <TextEquiv>
                    <Unicode>— Arthur</Unicode>
                </TextEquiv>
            </TextLine>
            <TextLine id="r1l89" custom="readingOrder {index:88;}">
                <Coords points="576,3107 1416,3117 1466,3109 1466,3073 1137,3051 575,3074"/>
                <Baseline points="587,3105 630,3105 673,3105 717,3104 760,3104 804,3103 847,3103 891,3103 934,3103 978,3103 1021,3102 1064,3102 1108,3102 1151,3102 1195,3102 1238,3102 1282,3102 1325,3102 1369,3102 1412,3103 1456,3103"/>
                <TextEquiv>
                    <Unicode>später selbst zur Aufführung brachte)</Unicode>
                </TextEquiv>
            </TextLine>
            <TextLine id="r1l90" custom="readingOrder {index:89;}">
                <Coords points="1743,3133 2874,3134 2873,3071 1742,3091"/>
                <Baseline points="1754,3126 1809,3125 1864,3124 1920,3124 1975,3123 2031,3123 2086,3123 2142,3123 2197,3123 2253,3122 2308,3122 2363,3122 2419,3121 2474,3120 2530,3120 2585,3119 2641,3117 2696,3115 2752,3114 2807,3111 2863,3108"/>
                <TextEquiv>
                    <Unicode>Mama vor. Mit dem ältesten der Herren, der die ehrbarsten</Unicode>
                </TextEquiv>
            </TextLine>
            <TextLine id="r1l91" custom="readingOrder {index:90;}">
                <Coords points="580,3163 1722,3155 1709,3098 1324,3136 1265,3102 580,3106"/>
                <Baseline points="590,3157 646,3156 702,3156 758,3155 814,3155 870,3155 926,3155 982,3155 1038,3155 1094,3155 1150,3155 1206,3155 1262,3155 1318,3155 1374,3154 1430,3154 1486,3153 1542,3152 1598,3151 1654,3149 1711,3147"/>
                <TextEquiv>
                    <Unicode>Schnitzler, der Freund Herzls, der Zeitgenosse</Unicode>
                </TextEquiv>
            </TextLine>
            <TextLine id="r1l92" custom="readingOrder {index:91;}">
                <Coords points="1743,3180 2757,3183 2870,3138 1742,3142"/>
                <Baseline points="1754,3174 1809,3174 1864,3174 1919,3174 1975,3173 2030,3173 2085,3172 2140,3172 2196,3171 2251,3171 2306,3170 2361,3170 2417,3169 2472,3168 2527,3167 2582,3167 2638,3166 2693,3165 2748,3164 2803,3163 2859,3162"/>
                <TextEquiv>
                    <Unicode>Absichten hat, schließt er Frcundschaft, den jüngsten,</Unicode>
                </TextEquiv>
            </TextLine>
            <TextLine id="r1l93" custom="readingOrder {index:92;}">
                <Coords points="569,3206 1720,3214 1719,3156 569,3175"/>
                <Baseline points="579,3208 635,3207 692,3206 748,3206 805,3205 861,3205 918,3205 974,3205 1031,3204 1087,3204 1144,3204 1200,3204 1257,3204 1313,3203 1370,3203 1426,3203 1483,3202 1539,3202 1596,3201 1652,3200 1709,3199"/>
                <TextEquiv>
                    <Unicode>Luegers und Schönerers, blieb und bleibt von der</Unicode>
                </TextEquiv>
            </TextLine>
            <TextLine id="r1l94" custom="readingOrder {index:93;}">
                <Coords points="1730,3231 2862,3232 2827,3169 1730,3187"/>
                <Baseline points="1741,3223 1796,3223 1852,3223 1907,3222 1963,3222 2018,3221 2074,3220 2129,3220 2185,3219 2240,3218 2296,3217 2351,3217 2407,3216 2462,3215 2518,3214 2573,3213 2629,3213 2684,3212 2740,3211 2795,3211 2851,3210"/>
                <TextEquiv>
                    <Unicode>charmantesten haßt er, weil er mit sicherem Instinkt errät,</Unicode>
                </TextEquiv>
            </TextLine>
            <TextLine id="r1l95" custom="readingOrder {index:94;}">
                <Coords points="582,3265 1716,3249 1690,3207 582,3225"/>
                <Baseline points="593,3258 648,3256 704,3255 759,3255 815,3254 871,3254 926,3254 982,3254 1037,3254 1093,3255 1149,3255 1204,3255 1260,3255 1315,3255 1371,3255 1427,3255 1482,3255 1538,3254 1593,3253 1649,3251 1705,3249"/>
                <TextEquiv>
                    <Unicode>Judenfrage unberührt, das jüdische Blut, zu dem er</Unicode>
                </TextEquiv>
            </TextLine>
            <TextLine id="r1l96" custom="readingOrder {index:95;}">
                <Coords points="1738,3277 2870,3262 2825,3216 1738,3231"/>
                <Baseline points="1749,3271 1804,3271 1859,3271 1915,3271 1970,3270 2026,3270 2081,3269 2137,3269 2192,3268 2248,3267 2303,3267 2358,3266 2414,3265 2469,3264 2525,3264 2580,3263 2636,3261 2691,3260 2747,3259 2802,3258 2858,3257"/>
                <TextEquiv>
                    <Unicode>daß dies sein gefährlichster Rivale im Ringen um die Liebe</Unicode>
                </TextEquiv>
            </TextLine>
            <TextLine id="r1l97" custom="readingOrder {index:96;}">
                <Coords points="576,3327 1710,3314 1709,3251 576,3264"/>
                <Baseline points="587,3305 642,3306 698,3306 753,3306 809,3305 865,3305 920,3304 976,3304 1031,3303 1087,3302 1143,3302 1198,3301 1254,3300 1309,3300 1365,3299 1421,3299 1476,3299 1532,3299 1587,3299 1643,3300 1699,3301"/>
                <TextEquiv>
                    <Unicode>sich natürlich bekennt, macht ihm nichts zu schaffen,</Unicode>
                </TextEquiv>
            </TextLine>
            <TextLine id="r1l98" custom="readingOrder {index:97;}">
                <Coords points="1732,3339 2794,3329 2865,3318 2864,3263 1731,3289"/>
                <Baseline points="1741,3321 1796,3321 1852,3321 1908,3321 1963,3321 2019,3321 2075,3320 2130,3320 2186,3319 2242,3319 2298,3318 2353,3318 2409,3317 2465,3316 2520,3315 2576,3313 2632,3312 2687,3311 2743,3309 2799,3307 2855,3305"/>
                <TextEquiv>
                    <Unicode>der schönen jungen Mama ist. Wie er die beiden in einem</Unicode>
                </TextEquiv>
            </TextLine>
            <TextLine id="r1l99" custom="readingOrder {index:98;}">
                <Coords points="568,3365 1571,3369 1687,3359 1722,3311 567,3315"/>
                <Baseline points="579,3355 635,3355 692,3355 748,3355 805,3355 862,3355 918,3354 975,3354 1031,3354 1088,3353 1145,3353 1201,3353 1258,3352 1314,3352 1371,3351 1428,3351 1484,3350 1541,3349 1597,3349 1654,3348 1711,3348"/>
                <TextEquiv>
                    <Unicode>jüdische Vergangenheit erwähnt er bloß, wenn er</Unicode>
                </TextEquiv>
            </TextLine>
            <TextLine id="r1l100" custom="readingOrder {index:99;}">
                <Coords points="1739,3376 2864,3363 2863,3313 1739,3336"/>
                <Baseline points="1749,3371 1804,3370 1859,3369 1914,3368 1970,3367 2025,3367 2080,3366 2135,3365 2191,3364 2246,3364 2301,3363 2356,3362 2412,3362 2467,3361 2522,3360 2577,3360 2633,3359 2688,3358 2743,3357 2798,3357 2854,3356"/>
                <TextEquiv>
                    <Unicode>zärtlichen Beisammensein belauscht, kommt ein Nerven¬</Unicode>
                </TextEquiv>
            </TextLine>
            <TextLine id="r1l101" custom="readingOrder {index:100;}">
                <Coords points="576,3407 1699,3413 1711,3354 575,3363"/>
                <Baseline points="587,3405 642,3405 698,3405 754,3404 809,3404 865,3404 921,3404 976,3404 1032,3403 1088,3403 1144,3402 1199,3402 1255,3401 1311,3401 1366,3401 1422,3400 1478,3399 1533,3399 1589,3398 1645,3398 1701,3397"/>
                <TextEquiv>
                    <Unicode>sich mit religiösen Problemen auseinandersetzt, die</Unicode>
                </TextEquiv>
            </TextLine>
            <TextLine id="r1l102" custom="readingOrder {index:101;}">
                <Coords points="1739,3432 2881,3423 2880,3387 2794,3361 1738,3394"/>
                <Baseline points="1749,3418 1805,3418 1861,3418 1917,3417 1973,3417 2029,3416 2085,3415 2141,3414 2197,3413 2253,3412 2309,3412 2365,3410 2421,3410 2477,3409 2533,3408 2589,3407 2645,3406 2701,3406 2757,3406 2813,3406 2869,3406"/>
                <TextEquiv>
                    <Unicode>zusammenbruch. Der letzte Akt aber bringt ihm sein Glück</Unicode>
                </TextEquiv>
            </TextLine>
            <TextLine id="r1l103" custom="readingOrder {index:102;}">
                <Coords points="580,3468 1669,3469 1717,3456 1717,3408 580,3424"/>
                <Baseline points="591,3454 646,3454 702,3454 758,3453 814,3453 870,3453 925,3453 981,3453 1037,3453 1093,3452 1149,3452 1204,3452 1260,3452 1316,3452 1372,3451 1428,3451 1483,3450 1539,3449 1595,3449 1651,3448 1707,3447"/>
                <TextEquiv>
                    <Unicode>jüdische Gegenwart dringt nicht bis zu den Stunden,</Unicode>
                </TextEquiv>
            </TextLine>
            <TextLine id="r1l104" custom="readingOrder {index:103;}">
                <Coords points="1741,3480 2874,3456 2873,3414 1740,3434"/>
                <Baseline points="1751,3466 1806,3466 1862,3466 1917,3465 1973,3465 2029,3465 2084,3464 2140,3463 2195,3463 2251,3462 2307,3461 2362,3460 2418,3459 2473,3458 2529,3457 2585,3456 2640,3454 2696,3453 2751,3452 2807,3451 2863,3449"/>
                <TextEquiv>
                    <Unicode>zurück: die Mama verabschiedet den jungen Mann, um nur</Unicode>
                </TextEquiv>
            </TextLine>
            <TextLine id="r1l105" custom="readingOrder {index:104;}">
                <Coords points="576,3512 1638,3509 1713,3500 1713,3460 575,3472"/>
                <Baseline points="587,3505 642,3504 698,3504 754,3504 810,3504 866,3504 921,3504 977,3505 1033,3505 1089,3505 1145,3505 1200,3504 1256,3504 1312,3504 1368,3503 1424,3502 1479,3501 1535,3500 1591,3498 1647,3496 1703,3494"/>
                <TextEquiv>
                    <Unicode>in denen er die Ergebnisse intimster Auseinander¬</Unicode>
                </TextEquiv>
            </TextLine>
            <TextLine id="r1l106" custom="readingOrder {index:105;}">
                <Coords points="1740,3535 2871,3507 2851,3457 1739,3481"/>
                <Baseline points="1749,3515 1804,3515 1860,3514 1915,3513 1971,3512 2026,3511 2082,3510 2137,3509 2193,3508 2248,3507 2304,3506 2360,3504 2415,3504 2471,3502 2526,3501 2582,3500 2637,3499 2693,3498 2748,3497 2804,3496 2860,3495"/>
                <TextEquiv>
                    <Unicode>ihrem Sohn zu gehören. Im Mittelpunkt dieser vom Re¬</Unicode>
                </TextEquiv>
            </TextLine>
            <TextLine id="r1l107" custom="readingOrder {index:106;}">
                <Coords points="576,3549 954,3586 1714,3562 1714,3514 1661,3502 576,3511"/>
                <Baseline points="588,3558 643,3557 699,3556 755,3555 811,3554 867,3553 922,3553 978,3552 1034,3552 1090,3551 1146,3551 1201,3550 1257,3550 1313,3549 1369,3548 1425,3548 1480,3547 1536,3546 1592,3545 1648,3544 1704,3543"/>
                <TextEquiv>
                    <Unicode>setzungen mit Zeit, Leben, Schicksal in sein Tage¬</Unicode>
                </TextEquiv>
            </TextLine>
            <TextLine id="r1l108" custom="readingOrder {index:107;}">
                <Coords points="1749,3575 2807,3560 2871,3515 1748,3537"/>
                <Baseline points="1760,3565 1815,3563 1870,3562 1925,3561 1980,3560 2035,3558 2090,3558 2145,3557 2200,3556 2255,3555 2310,3554 2365,3554 2420,3553 2475,3552 2530,3551 2585,3550 2640,3549 2695,3548 2750,3546 2805,3544 2860,3542"/>
                <TextEquiv>
                    <Unicode>gisseur Raou! Aslan dem feinen intimen Milien des</Unicode>
                </TextEquiv>
            </TextLine>
            <TextLine id="r1l109" custom="readingOrder {index:108;}">
                <Coords points="1740,3633 2861,3594 2860,3552 2741,3577 2632,3545 1739,3572"/>
                <Baseline points="1751,3608 1806,3607 1861,3605 1916,3604 1971,3603 2026,3602 2081,3601 2136,3600 2191,3599 2246,3598 2301,3598 2356,3597 2411,3596 2466,3596 2521,3595 2576,3594 2631,3593 2686,3592 2741,3591 2796,3590 2851,3589"/>
                <TextEquiv>
                    <Unicode>Akademietheaters vorzüglich angepaßten Vorstellung, stcht</Unicode>
                </TextEquiv>
            </TextLine>
            <TextLine id="r1l110" custom="readingOrder {index:109;}">
                <Coords points="580,3620 611,3612 634,3624 653,3609 670,3624 712,3603 888,3621 915,3610 915,3564 871,3560 844,3571 821,3556 808,3569 749,3561 705,3578 676,3559 653,3576 611,3563 580,3572"/>
                <Baseline points="590,3602 616,3602 642,3602 668,3602 694,3602 720,3602 747,3601 773,3601 799,3601 825,3601 851,3601 877,3601 904,3602"/>
                <TextEquiv>
                    <Unicode>buch einträgt.</Unicode>
                </TextEquiv>
            </TextLine>
            <TextLine id="r1l111" custom="readingOrder {index:110;}">
                <Coords points="1745,3661 2815,3659 2867,3604 1744,3630"/>
                <Baseline points="1755,3654 1810,3654 1865,3653 1920,3652 1975,3651 2030,3651 2085,3650 2140,3650 2195,3649 2250,3649 2306,3648 2361,3648 2416,3647 2471,3646 2526,3645 2581,3644 2636,3642 2691,3641 2746,3639 2801,3637 2857,3635"/>
                <TextEquiv>
                    <Unicode>Alma Seidler als reizender, impulsiver Junge: Voll Ver¬</Unicode>
                </TextEquiv>
            </TextLine>
            <TextLine id="r1l112" custom="readingOrder {index:111;}">
                <Coords points="686,3649 1290,3672 1719,3648 1692,3604 1459,3590 1415,3618 686,3613"/>
                <Baseline points="697,3650 747,3651 798,3651 848,3652 899,3652 950,3652 1000,3652 1051,3652 1101,3651 1152,3651 1203,3650 1253,3649 1304,3648 1354,3647 1405,3647 1456,3646 1506,3645 1557,3644 1607,3643 1658,3642 1709,3641"/>
                <TextEquiv>
                    <Unicode>Es wäre natürlich unsinnig, dieser Feststellung</Unicode>
                </TextEquiv>
            </TextLine>
            <TextLine id="r1l113" custom="readingOrder {index:112;}">
                <Coords points="1746,3720 2864,3685 2863,3651 2790,3642 1886,3686 1745,3662"/>
                <Baseline points="1757,3705 1811,3704 1866,3704 1921,3703 1976,3702 2031,3701 2085,3700 2140,3699 2195,3699 2250,3698 2305,3697 2359,3696 2414,3695 2469,3694 2524,3693 2579,3692 2633,3690 2688,3689 2743,3687 2798,3685 2853,3683"/>
                <TextEquiv>
                    <Unicode>dienst die übrigen Mitwirkenden. Die Damen Wohl¬</Unicode>
                </TextEquiv>
            </TextLine>
            <TextLine id="r1l114" custom="readingOrder {index:113;}">
                <Coords points="582,3723 1661,3708 1721,3693 1721,3645 581,3666"/>
                <Baseline points="592,3700 650,3699 709,3699 768,3699 827,3698 886,3698 945,3698 1004,3697 1063,3697 1122,3697 1180,3697 1239,3696 1298,3696 1357,3695 1416,3695 1475,3694 1534,3693 1593,3692 1652,3691 1711,3689"/>
                <TextEquiv>
                    <Unicode>den Unterton des Vorwurfes zu geben. Er hat sich</Unicode>
                </TextEquiv>
            </TextLine>
            <TextLine id="r1l115" custom="readingOrder {index:114;}">
                <Coords points="1750,3770 2743,3759 2874,3740 2874,3703 1749,3717"/>
                <Baseline points="1759,3753 1814,3753 1869,3752 1924,3751 1979,3751 2035,3750 2090,3749 2145,3748 2200,3748 2255,3747 2311,3746 2366,3745 2421,3744 2476,3743 2531,3742 2587,3741 2642,3739 2697,3738 2752,3738 2807,3736 2863,3735"/>
                <TextEquiv>
                    <Unicode>gemuth und Mayer, die Herren Treßler, Pranger</Unicode>
                </TextEquiv>
            </TextLine>
            <TextLine id="r1l116" custom="readingOrder {index:115;}">
                <Coords points="583,3757 1721,3750 1703,3692 583,3719"/>
                <Baseline points="593,3748 648,3748 704,3749 760,3749 816,3749 872,3749 928,3748 984,3748 1040,3748 1096,3747 1152,3747 1207,3746 1263,3745 1319,3744 1375,3744 1431,3743 1487,3742 1543,3741 1599,3740 1655,3739 1711,3739"/>
                <TextEquiv>
                    <Unicode>doch nie verleugnet, er ist niemals „untergekrochen“,</Unicode>
                </TextEquiv>
            </TextLine>
            <TextLine id="r1l117" custom="readingOrder {index:116;}">
                <Coords points="587,3808 1731,3818 1730,3742 586,3760"/>
                <Baseline points="598,3797 654,3798 710,3798 766,3798 822,3798 878,3797 934,3797 990,3796 1046,3796 1102,3795 1158,3794 1214,3793 1270,3793 1326,3792 1382,3791 1438,3791 1494,3791 1550,3791 1606,3791 1662,3791 1719,3792"/>
                <TextEquiv>
                    <Unicode>er hat nur keine aktive Einstellung zum Judentum,</Unicode>
                </TextEquiv>
            </TextLine>
            <TextLine id="r1l118" custom="readingOrder {index:117;}">
                <Coords points="1740,3816 2777,3807 2877,3774 2877,3738 1739,3765"/>
                <Baseline points="1751,3803 1806,3803 1862,3803 1918,3803 1974,3803 2030,3803 2085,3802 2141,3801 2197,3800 2253,3799 2309,3798 2364,3797 2420,3796 2476,3794 2532,3793 2588,3792 2643,3791 2699,3790 2755,3788 2811,3788 2867,3786"/>
                <TextEquiv>
                    <Unicode>und Aslan. Der Belfall war stürmisch, galt aber in erster</Unicode>
                </TextEquiv>
            </TextLine>
            <TextLine id="r1l119" custom="readingOrder {index:118;}">
                <Coords points="578,3856 1666,3854 1730,3843 1730,3787 578,3810"/>
                <Baseline points="589,3848 645,3848 702,3848 758,3848 815,3848 871,3847 928,3846 984,3845 1041,3844 1097,3844 1154,3843 1210,3842 1267,3841 1323,3840 1380,3840 1436,3840 1493,3839 1549,3840 1606,3840 1662,3841 1719,3842"/>
                <TextEquiv>
                    <Unicode>keine tätige Liebe. Er sehnte sich in Italien nach dem</Unicode>
                </TextEquiv>
            </TextLine>
            <TextLine id="r1l120" custom="readingOrder {index:119;}">
                <Coords points="1737,3880 1932,3845 2594,3872 2768,3841 2784,3803 1736,3820"/>
                <Baseline points="1748,3854 1799,3854 1850,3853 1901,3853 1953,3852 2004,3851 2055,3850 2106,3849 2158,3848 2209,3847 2260,3846 2311,3845 2363,3843 2414,3842 2465,3841 2516,3840 2568,3839 2619,3838 2670,3838 2721,3837 2773,3836"/>
                <TextEquiv>
                    <Unicode>Linie der ausgezeichneten Leistung Alma Seidlers.</Unicode>
                </TextEquiv>
            </TextLine>
            <TextLine id="r1l121" custom="readingOrder {index:120;}">
                <Coords points="2710,3905 2731,3901 2744,3909 2766,3896 2781,3908 2785,3904 2838,3909 2837,3844 2810,3851 2797,3841 2780,3841 2774,3835 2751,3846 2738,3844 2732,3850 2709,3853"/>
                <Baseline points="2721,3889 2747,3888 2774,3887 2800,3887 2827,3887"/>
                <TextEquiv>
                    <Unicode>e. K.</Unicode>
                </TextEquiv>
            </TextLine>
            <TextLine id="r1l122" custom="readingOrder {index:121;}">
                <Coords points="589,3914 1727,3906 1726,3841 589,3857"/>
                <Baseline points="600,3893 655,3894 711,3895 767,3895 823,3895 879,3895 934,3894 990,3894 1046,3893 1102,3892 1158,3891 1213,3890 1269,3889 1325,3889 1381,3888 1437,3888 1492,3888 1548,3888 1604,3889 1660,3890 1716,3892"/>
                <TextEquiv>
                    <Unicode>deutschen Walde, aber niemals, wo immer er war,</Unicode>
                </TextEquiv>
            </TextLine>
            <TextLine id="r1l123" custom="readingOrder {index:122;}">
                <Coords points="587,3955 1729,3939 1729,3906 1614,3887 587,3896"/>
                <Baseline points="598,3941 654,3942 710,3943 766,3943 822,3943 878,3943 934,3943 990,3942 1046,3942 1102,3941 1158,3941 1214,3941 1270,3940 1326,3940 1382,3939 1438,3939 1494,3939 1550,3939 1606,3939 1662,3939 1718,3939"/>
                <TextEquiv>
                    <Unicode>nach einer jüdischen Heimat der Seele. Man mag</Unicode>
                </TextEquiv>
            </TextLine>
            <TextLine id="r1l124" custom="readingOrder {index:123;}">
                <Coords points="594,3996 1733,4005 1733,3955 593,3968"/>
                <Baseline points="603,3991 659,3992 715,3993 771,3993 827,3993 883,3993 939,3993 995,3993 1051,3993 1107,3992 1163,3992 1219,3991 1275,3990 1331,3990 1387,3989 1443,3988 1499,3988 1555,3987 1611,3987 1667,3987 1723,3987"/>
                <TextEquiv>
                    <Unicode>es bedauern, man kann es wunderlich finden, aber</Unicode>
                </TextEquiv>
            </TextLine>
            <TextLine id="r1l125" custom="readingOrder {index:124;}">
                <Coords points="2008,4022 2265,4019 2336,3995 2389,4022 2519,4001 2559,4019 2619,3996 2619,3952 2493,3936 2470,3955 2420,3940 2389,3964 2261,3952 2227,3973 2143,3944 2118,3965 2007,3955"/>
                <Baseline points="2017,3997 2046,3998 2076,3999 2105,3999 2135,3999 2165,3999 2194,3999 2224,3999 2253,3999 2283,3999 2313,3998 2342,3998 2372,3997 2401,3997 2431,3997 2461,3996 2490,3996 2520,3996 2549,3996 2579,3997 2609,3997"/>
                <TextEquiv>
                    <Unicode>Schalom Asch in Moskau.</Unicode>
                </TextEquiv>
            </TextLine>
            <TextLine id="r1l126" custom="readingOrder {index:125;}">
                <Coords points="592,4053 1277,4058 1350,4041 1350,4003 592,4009"/>
                <Baseline points="602,4040 638,4040 675,4040 712,4040 749,4041 786,4041 823,4041 859,4041 896,4041 933,4041 970,4040 1007,4040 1044,4040 1081,4039 1117,4039 1154,4038 1191,4037 1228,4037 1265,4036 1302,4034 1339,4033"/>
                <TextEquiv>
                    <Unicode>man darf es ihm nicht ankreiden.</Unicode>
                </TextEquiv>
            </TextLine>
            <TextLine id="r1l127" custom="readingOrder {index:126;}">
                <Coords points="1852,4067 2837,4065 2872,4060 2872,4020 1991,4008 1851,4035"/>
                <Baseline points="1862,4063 1914,4064 1967,4064 2019,4064 2072,4063 2124,4063 2177,4063 2230,4062 2282,4061 2335,4060 2387,4059 2440,4058 2492,4057 2545,4056 2598,4055 2650,4054 2703,4053 2755,4052 2808,4052 2861,4051"/>
                <TextEquiv>
                    <Unicode>Der jüdische Dichter Schalom Asch ist in</Unicode>
                </TextEquiv>
            </TextLine>
            <TextLine id="r1l128" custom="readingOrder {index:127;}">
                <Coords points="701,4088 1731,4105 1731,4063 1687,4038 1587,4067 1359,4027 1294,4060 891,4050 856,4075 701,4044"/>
                <Baseline points="712,4086 762,4087 812,4088 863,4089 913,4089 964,4090 1014,4090 1064,4090 1115,4090 1165,4090 1216,4090 1266,4090 1316,4090 1367,4090 1417,4089 1468,4089 1518,4089 1568,4089 1619,4088 1669,4088 1720,4088"/>
                <TextEquiv>
                    <Unicode>Umso interessanter, bemerkenswerter, daß</Unicode>
                </TextEquiv>
            </TextLine>
            <TextLine id="r1l129" custom="readingOrder {index:128;}">
                <Coords points="1745,4123 2875,4108 2830,4059 1925,4085 1745,4050"/>
                <Baseline points="1756,4110 1811,4111 1866,4112 1922,4112 1977,4113 2032,4113 2088,4112 2143,4112 2198,4111 2254,4111 2309,4110 2364,4109 2420,4108 2475,4107 2530,4106 2586,4104 2641,4103 2696,4102 2752,4100 2807,4099 2863,4097"/>
                <TextEquiv>
                    <Unicode>Moskau eingetroffen. Er wurde von den jüdischen Schrift¬</Unicode>
                </TextEquiv>
            </TextLine>
            <TextLine id="r1l130" custom="readingOrder {index:129;}">
                <Coords points="590,4137 1728,4141 1728,4106 1617,4083 590,4099"/>
                <Baseline points="600,4135 655,4136 711,4137 767,4138 823,4139 879,4139 935,4139 991,4139 1047,4139 1103,4139 1159,4139 1214,4138 1270,4138 1326,4138 1382,4137 1438,4137 1494,4137 1550,4136 1606,4136 1662,4136 1718,4136"/>
                <TextEquiv>
                    <Unicode>diese Aphorismensammlung gleichwohl — jüdisch ist.</Unicode>
                </TextEquiv>
            </TextLine>
            <TextLine id="r1l131" custom="readingOrder {index:130;}">
                <Coords points="1750,4162 2850,4155 2883,4123 1749,4124"/>
                <Baseline points="1761,4156 1816,4158 1872,4159 1927,4160 1983,4161 2038,4162 2094,4162 2149,4162 2205,4161 2260,4161 2316,4160 2372,4158 2427,4157 2483,4156 2538,4155 2594,4153 2649,4152 2705,4150 2760,4150 2816,4148 2872,4147"/>
                <TextEquiv>
                    <Unicode>stellern sehr herzlich empfangen. Er begibt sich dem¬</Unicode>
                </TextEquiv>
            </TextLine>
            <TextLine id="r1l132" custom="readingOrder {index:131;}">
                <Coords points="596,4191 927,4174 1461,4198 1461,4148 1422,4140 892,4160 596,4137"/>
                <Baseline points="606,4182 648,4182 690,4182 732,4183 774,4183 817,4184 859,4185 901,4185 943,4186 985,4186 1028,4187 1070,4188 1112,4188 1154,4188 1196,4188 1239,4188 1281,4187 1323,4187 1365,4186 1407,4185 1450,4183"/>
                <TextEquiv>
                    <Unicode>Pjjjgki meinte Sfftzier Pirle I1 1</Unicode>
                </TextEquiv>
            </TextLine>
            <TextEquiv>
                <Unicode>box 35/3
3. Buch der Sprusche und Bedenken
DIE NEUE WELT
Nr. 35
die Anerkennung des Prinzipes der menschlichen
Erste Spezial¬
Verantwortung: „Selbstüberwindung, Erkenntnis¬
werkstatto,r Sessel und Tische
drang und Opfermut sind die einzigen wirklichen
Salongarnituren und Einzelmöbelstücke
Tugenden unter allen, die man so zu nennen pflegt.
lcke
„Verant¬
ADLER, VII. Apollog. 18 Kalserst.aße 12
Denn nur in ihnen ist der Wille tätig.“
wortungslosigkeit hebt jede ethische Forderung als
wesenlos auf.“
über die menschliche, allzumenschliche Schwachheit
Jüdisch ist Schnitzlers Lebensbejahung, die das
gesprochen.
Leben für unerschöpflich reich findet, weil wir „ge¬
Und in diesem Bekenntnisbuche, in dieser
schaffen sind, das Unfaßbare zu fassen, das Un¬
reichen Sammlung wesenhafter, knapper, tatsüchlich
erträgliche zu tragen“, welche „die Flucht in den
auf die letzte Formel gebrachter Aeußerungen steht
Tod“ als „Flucht vor der Verantwortung“ verurteilt.
kein einziges Wort, das sich auf die Judenfrage be¬
Die aber mit der Selbsterziehung zum „heiteren
zieht. Wohl liegen Schnitzler-Werke vor, wie: „Der
Sterben“ wohl vereinbar ist, ja durch sie erhöht
Weg ins Freie“, „Professor Bernhardi“ und die
wird: „Hast du die innere Abgeschlossenheit er¬
Journalistenkomödie „Fink und Fliederbusch“, die
rungen, in jedem Augenblick zum Tod bereit zu sein,
sich sehr lebhaft mit den modernen Problemen der
dann bist du auch innerlich so reich geworden, daß
Judenheit (wenn auch nicht des Judentums) be¬
du selbst in der Ewigkeit keine leere Stunde zu
schäftigen. Aber Schnitzler gibt als einen der Gründe,
fürchten hättest.“ Jüdisch ist Schnitzlers strenge
die ihn zur Herausgabe seines Tagesbuches bewogen
Denkzucht. Und es ist die Einsamkeit des jüdischen
haben, ganz besonders den Wunsch an, sein Verhält¬
Zeitgenossen, die adelige, geliebte, die aus einem
nis „zu den sogenannten ewigen und zu manchen
ganzen Abschnitt von Aphorismen zu uns spricht —
zeitlichen Fragen“ jenen gegenüber zu deklarieren,
aber auch die peinvolle, die sich „abfinden“ mußte,
welche irrig „Sätze, die ich irgend einer erdichteten
und die folgenden Verse formte, die den Titel „Ein¬
Figur in den Mund gelegt habe, als Ausdruck meines
ladung“ tragen, und mir weit mehr von schmerz¬
innersten Wesens auffassen“.
licher Entsagung als von Hoch mit eingegeben
Nun, aus diesem Werke geht eindeutig hervor:
scheinen:
Mag es den Dichter gereizt haben, in einzelnen
„Herzlich willkommen heiß ich die Gäste,
Werken jüdische Gestalten zu formen und sogar
Freu mich doch lieber von weitem am Feste.
jüdische Zeit-, ia Tagesfragen zu behandeln — er
Mischt' ich mich selbst in den lustigen Reih'n,
selbst ist durch die Probleme des Judentums nicht
Tanz und Musik wär“ nimmer mein...“
bewegt, sie haben seinem innersten Wesen niemals
zu schaffen gegeben, denn sonst hätte der wahrheits¬
liebende, verantwortungsvolle, gerechte und mutige
Mann einiges darüber in seinem Buche der Geständ¬
Theater und Kunst.
nisse, Auseinandersetzungen und Einsamkeiten ver¬
Akademietheater.
merkt. Darüber ist kein Zweifel: Schnitzler, einer
der hervorragenden Dramatiker jüdischen Blutes,
Zum ersten Male: „Osterferien“ von Romain Coolus.
wegen seines JJudentums wiederholt unerhört ge¬
Interessant an diesem Lustspiel ist eigentlich nur ein
schmäht und bübisch behandelt. Schnitzler, der un¬
Problem, das allerdings stark ins Psychoanalytische hin¬
tadelige Mensch (dem man nur einen Vorwurf
übergreift: die Einstellung des viezehnjährigen Jungen zu
machen kann, daß er nämlich seinen „Reigen“, den
den Bewerbern seiner schönen Mama. (Der Herr Papa ist
er nicht für die Bühne schrieb, gegen dessen Auf¬
scheinbar verschollen.) Der kleine Junge kommt auf „Oster¬
führung er sich mit aller Tatkraft jahrelang wehrte,
ferien“ nach Hause und findet gleich drei Verehrer seiner
— Arthur
später selbst zur Aufführung brachte)
Mama vor. Mit dem ältesten der Herren, der die ehrbarsten
Schnitzler, der Freund Herzls, der Zeitgenosse
Absichten hat, schließt er Frcundschaft, den jüngsten,
Luegers und Schönerers, blieb und bleibt von der
charmantesten haßt er, weil er mit sicherem Instinkt errät,
Judenfrage unberührt, das jüdische Blut, zu dem er
daß dies sein gefährlichster Rivale im Ringen um die Liebe
sich natürlich bekennt, macht ihm nichts zu schaffen,
der schönen jungen Mama ist. Wie er die beiden in einem
jüdische Vergangenheit erwähnt er bloß, wenn er
zärtlichen Beisammensein belauscht, kommt ein Nerven¬
sich mit religiösen Problemen auseinandersetzt, die
zusammenbruch. Der letzte Akt aber bringt ihm sein Glück
jüdische Gegenwart dringt nicht bis zu den Stunden,
zurück: die Mama verabschiedet den jungen Mann, um nur
in denen er die Ergebnisse intimster Auseinander¬
ihrem Sohn zu gehören. Im Mittelpunkt dieser vom Re¬
setzungen mit Zeit, Leben, Schicksal in sein Tage¬
gisseur Raou! Aslan dem feinen intimen Milien des
Akademietheaters vorzüglich angepaßten Vorstellung, stcht
buch einträgt.
Alma Seidler als reizender, impulsiver Junge: Voll Ver¬
Es wäre natürlich unsinnig, dieser Feststellung
dienst die übrigen Mitwirkenden. Die Damen Wohl¬
den Unterton des Vorwurfes zu geben. Er hat sich
gemuth und Mayer, die Herren Treßler, Pranger
doch nie verleugnet, er ist niemals „untergekrochen“,
er hat nur keine aktive Einstellung zum Judentum,
und Aslan. Der Belfall war stürmisch, galt aber in erster
keine tätige Liebe. Er sehnte sich in Italien nach dem
Linie der ausgezeichneten Leistung Alma Seidlers.
e. K.
deutschen Walde, aber niemals, wo immer er war,
nach einer jüdischen Heimat der Seele. Man mag
es bedauern, man kann es wunderlich finden, aber
Schalom Asch in Moskau.
man darf es ihm nicht ankreiden.
Der jüdische Dichter Schalom Asch ist in
Umso interessanter, bemerkenswerter, daß
Moskau eingetroffen. Er wurde von den jüdischen Schrift¬
diese Aphorismensammlung gleichwohl — jüdisch ist.
stellern sehr herzlich empfangen. Er begibt sich dem¬
Pjjjgki meinte Sfftzier Pirle I1 1</Unicode>
            </TextEquiv>
        </TextRegion>
        <TextRegion orientation="0.0" id="r2" custom="readingOrder {index:1;}">
            <Coords points="2875,1102 2875,4160 3168,4160 3168,1102"/>
            <TextLine id="r2l1" custom="readingOrder {index:0;}">
                <Coords points="2925,1130 2948,1134 2958,1144 2983,1139 2990,1145 3019,1130 3059,1146 3075,1132 3101,1142 3109,1133 3134,1133 3134,1097 3115,1102 3087,1094 3062,1075 3027,1093 2999,1066 2978,1074 2957,1060 2941,1077 2924,1082"/>
                <Baseline points="2935,1129 2962,1132 2989,1132 3016,1132 3043,1131 3070,1130 3097,1129 3124,1128"/>
                <TextEquiv>
                    <Unicode>Ex</Unicode>
                </TextEquiv>
            </TextLine>
            <TextLine id="r2l2" custom="readingOrder {index:1;}">
                <Coords points="2931,1432 2948,1432 2982,1461 3027,1441 3047,1459 3058,1449 3094,1448 3097,1366 3086,1366 3078,1357 3038,1364 3007,1350 2934,1350"/>
                <Baseline points="2941,1425 2969,1424 2998,1426 3027,1428 3056,1429 3085,1427"/>
                <TextEquiv>
                    <Unicode>üc</Unicode>
                </TextEquiv>
            </TextLine>
            <TextLine id="r2l3" custom="readingOrder {index:2;}">
                <Coords points="2864,1529 2900,1520 2937,1530 2983,1523 2998,1538 3030,1529 3055,1550 3090,1539 3089,1357 3039,1364 2982,1335 2955,1339 2946,1331 2927,1331 2913,1344 2896,1334 2863,1344"/>
                <Baseline points="2875,1516 2900,1519 2926,1521 2951,1521 2977,1521 3003,1521 3028,1519 3054,1518 3080,1515"/>
                <TextEquiv>
                    <Unicode>Fas</Unicode>
                </TextEquiv>
            </TextLine>
            <TextLine id="r2l4" custom="readingOrder {index:3;}">
                <Coords points="2900,1616 2917,1612 2929,1623 2940,1620 2967,1639 2992,1646 3015,1637 3026,1644 3057,1618 3074,1618 3074,1579 3038,1579 3022,1566 3015,1570 2975,1539 2944,1545 2927,1558 2900,1553"/>
                <Baseline points="2910,1611 2935,1613 2961,1614 2987,1615 3012,1614 3038,1613 3064,1611"/>
                <TextEquiv>
                    <Unicode>Spe.</Unicode>
                </TextEquiv>
            </TextLine>
            <TextLine id="r2l5" custom="readingOrder {index:4;}">
                <Coords points="2983,1680 2998,1680 3008,1691 3017,1693 3029,1684 3042,1682 3055,1695 3069,1684 3088,1684 3088,1611 3071,1607 3027,1642 3006,1638 2994,1645 2983,1645"/>
                <Baseline points="2993,1678 3021,1676 3049,1676 3077,1678"/>
                <TextEquiv>
                    <Unicode>Dig</Unicode>
                </TextEquiv>
            </TextLine>
            <TextLine id="r2l6" custom="readingOrder {index:5;}">
                <Coords points="2872,1732 2905,1733 2932,1748 2947,1738 2972,1747 3025,1736 3064,1758 3110,1744 3150,1747 3152,1676 3106,1675 3055,1695 3043,1682 3030,1684 3011,1700 2986,1689 2929,1698 2890,1678 2873,1680"/>
                <Baseline points="2882,1731 2907,1730 2933,1730 2959,1729 2984,1729 3010,1729 3036,1730 3061,1731 3087,1733 3113,1735 3139,1738"/>
                <TextEquiv>
                    <Unicode>legenheit</Unicode>
                </TextEquiv>
            </TextLine>
            <TextLine id="r2l7" custom="readingOrder {index:6;}">
                <Coords points="2882,1782 2917,1796 2959,1787 2970,1796 2993,1783 3039,1789 3062,1769 3087,1767 3086,1740 3074,1738 3049,1751 3024,1738 3011,1747 2986,1739 2967,1748 2948,1737 2931,1748 2904,1734 2881,1742"/>
                <Baseline points="2892,1779 2918,1780 2944,1780 2971,1779 2997,1778 3024,1778 3050,1778 3077,1778"/>
                <TextEquiv>
                    <Unicode>dokumen</Unicode>
                </TextEquiv>
            </TextLine>
            <TextLine id="r2l8" custom="readingOrder {index:7;}">
                <Coords points="2870,1838 2891,1833 2918,1843 2966,1833 3008,1841 3061,1831 3071,1841 3084,1833 3105,1838 3103,1759 3063,1768 3016,1799 2997,1786 2970,1795 2959,1787 2869,1798"/>
                <Baseline points="2881,1827 2907,1828 2934,1828 2960,1827 2987,1825 3013,1824 3040,1824 3066,1824 3093,1825"/>
                <TextEquiv>
                    <Unicode>ständlich“</Unicode>
                </TextEquiv>
            </TextLine>
            <TextLine id="r2l9" custom="readingOrder {index:8;}">
                <Coords points="2880,1906 2917,1888 2974,1893 2990,1884 3003,1894 3011,1885 3037,1890 3078,1876 3112,1886 3110,1827 3089,1826 3073,1843 3056,1833 3028,1834 3020,1843 2997,1833 2943,1841 2934,1835 2924,1842 2877,1835"/>
                <Baseline points="2889,1875 2915,1878 2942,1879 2968,1879 2995,1877 3021,1875 3048,1873 3074,1873 3101,1871"/>
                <TextEquiv>
                    <Unicode>schwer 21</Unicode>
                </TextEquiv>
            </TextLine>
            <TextLine id="r2l10" custom="readingOrder {index:9;}">
                <Coords points="2871,1933 2905,1943 2926,1938 2955,1952 2976,1937 2993,1954 3026,1932 3051,1938 3068,1927 3099,1935 3098,1879 3057,1886 3042,1880 3009,1893 2987,1885 2973,1896 2960,1887 2935,1894 2918,1886 2871,1910"/>
                <Baseline points="2881,1929 2906,1930 2932,1930 2958,1930 2984,1929 3010,1928 3036,1928 3062,1927 3088,1926"/>
                <TextEquiv>
                    <Unicode>zigen jüch</Unicode>
                </TextEquiv>
            </TextLine>
            <TextLine id="r2l11" custom="readingOrder {index:10;}">
                <Coords points="2872,1999 2891,2006 2899,1997 2922,1999 2962,1984 2991,1990 2999,1981 3018,1989 3050,1983 3074,1959 3089,1961 3089,1932 3063,1926 3049,1941 3041,1932 3026,1933 2995,1954 2978,1937 2959,1952 2925,1938 2902,1943 2888,1932 2871,1935"/>
                <Baseline points="2881,1977 2909,1978 2937,1978 2965,1978 2994,1978 3022,1977 3050,1976 3079,1975"/>
                <TextEquiv>
                    <Unicode>mus de</Unicode>
                </TextEquiv>
            </TextLine>
            <TextLine id="r2l12" custom="readingOrder {index:11;}">
                <Coords points="2887,2050 2910,2045 2922,2032 2945,2038 2968,2033 2992,2051 3023,2031 3057,2049 3086,2050 3084,1979 3063,1976 3053,1986 3042,1980 3028,1989 2998,1990 2988,1999 2967,1985 2921,1999 2885,1996"/>
                <Baseline points="2897,2029 2922,2029 2947,2027 2973,2027 2998,2025 3024,2025 3049,2024 3075,2025"/>
                <TextEquiv>
                    <Unicode>wickelte</Unicode>
                </TextEquiv>
            </TextLine>
            <TextLine id="r2l13" custom="readingOrder {index:12;}">
                <Coords points="2876,2081 2931,2086 2943,2095 2977,2090 2985,2098 3006,2083 3031,2080 3044,2092 3086,2085 3085,2050 3047,2048 3034,2036 3005,2039 2987,2050 2969,2033 2946,2038 2938,2030 2928,2038 2921,2034 2907,2049 2876,2056"/>
                <Baseline points="2887,2077 2914,2078 2941,2078 2968,2077 2995,2077 3022,2075 3049,2075 3076,2074"/>
                <TextEquiv>
                    <Unicode>zählt deg</Unicode>
                </TextEquiv>
            </TextLine>
            <TextLine id="r2l14" custom="readingOrder {index:13;}">
                <Coords points="2878,2134 2893,2133 2920,2145 2930,2134 2941,2142 2975,2141 2989,2130 3042,2137 3064,2119 3081,2116 3079,2083 3044,2092 3031,2080 3027,2085 3006,2081 2979,2099 2971,2091 2954,2089 2944,2096 2931,2086 2902,2089 2876,2081"/>
                <Baseline points="2889,2127 2915,2128 2941,2128 2967,2127 2993,2126 3019,2125 3045,2123 3071,2122"/>
                <TextEquiv>
                    <Unicode>eben der#</Unicode>
                </TextEquiv>
            </TextLine>
            <TextLine id="r2l15" custom="readingOrder {index:14;}">
                <Coords points="2884,2196 2934,2190 2942,2183 2959,2191 2986,2184 3003,2194 3030,2178 3073,2192 3072,2120 3031,2138 3023,2134 3006,2141 2989,2131 2975,2140 2941,2141 2932,2133 2920,2144 2901,2138 2882,2145"/>
                <Baseline points="2893,2175 2921,2177 2949,2177 2978,2176 3006,2174 3034,2173 3063,2171"/>
                <TextEquiv>
                    <Unicode>bemüht </Unicode>
                </TextEquiv>
            </TextLine>
            <TextLine id="r2l16" custom="readingOrder {index:15;}">
                <Coords points="2872,2244 2883,2243 2893,2233 2920,2237 2949,2232 2975,2246 3000,2238 3017,2248 3038,2247 3037,2193 3012,2185 2997,2196 2986,2187 2966,2196 2951,2196 2940,2186 2922,2193 2871,2189"/>
                <Baseline points="2883,2228 2911,2227 2940,2226 2969,2227 2998,2226 3027,2225"/>
                <TextEquiv>
                    <Unicode>tion zu</Unicode>
                </TextEquiv>
            </TextLine>
            <TextLine id="r2l17" custom="readingOrder {index:16;}">
                <Coords points="2878,2280 2896,2277 2920,2300 2934,2289 2962,2301 2980,2282 3014,2294 3066,2288 3083,2273 3116,2277 3115,2206 3088,2210 3077,2200 3050,2199 2998,2246 2937,2232 2877,2236"/>
                <Baseline points="2889,2279 2916,2279 2943,2277 2970,2276 2997,2275 3024,2274 3051,2274 3078,2275 3105,2277"/>
                <TextEquiv>
                    <Unicode>de zweik</Unicode>
                </TextEquiv>
            </TextLine>
            <TextLine id="r2l18" custom="readingOrder {index:17;}">
                <Coords points="2886,2331 2940,2336 2961,2325 2972,2336 3066,2332 3065,2294 3047,2297 3004,2280 2969,2294 2950,2286 2925,2294 2908,2278 2885,2276"/>
                <Baseline points="2897,2325 2923,2326 2949,2326 2976,2326 3002,2325 3028,2324 3055,2323"/>
                <TextEquiv>
                    <Unicode>Am Sport</Unicode>
                </TextEquiv>
            </TextLine>
            <TextLine id="r2l19" custom="readingOrder {index:18;}">
                <Coords points="2878,2383 2903,2389 2913,2385 2924,2395 2941,2388 2953,2392 2968,2381 3002,2391 3012,2387 3023,2395 3035,2384 3052,2386 3051,2334 3024,2332 3007,2345 3001,2339 2980,2341 2969,2333 2950,2344 2936,2336 2877,2333"/>
                <Baseline points="2889,2375 2914,2376 2940,2375 2965,2375 2991,2374 3016,2373 3042,2374"/>
                <TextEquiv>
                    <Unicode>Einführu</Unicode>
                </TextEquiv>
            </TextLine>
            <TextLine id="r2l20" custom="readingOrder {index:19;}">
                <Coords points="2976,2484 2988,2483 2993,2487 2999,2483 3005,2485 3013,2482 3033,2496 3037,2493 3041,2497 3054,2497 3051,2438 3036,2439 3019,2433 3011,2436 3004,2430 2996,2437 2983,2431 2973,2432"/>
                <Baseline points="2986,2472 3013,2472 3041,2469"/>
                <TextEquiv>
                    <Unicode>räng</Unicode>
                </TextEquiv>
            </TextLine>
            <TextLine id="r2l21" custom="readingOrder {index:20;}">
                <Coords points="2967,2580 2982,2577 3006,2594 3012,2592 3019,2596 3029,2595 3024,2509 3014,2510 3003,2506 2994,2498 2990,2501 2984,2499 2978,2504 2963,2504"/>
                <Baseline points="2978,2573 3017,2571"/>
                <TextEquiv>
                    <Unicode>Fub</Unicode>
                </TextEquiv>
            </TextLine>
            <TextLine id="r2l22" custom="readingOrder {index:21;}">
                <Coords points="2889,2585 2899,2584 2906,2590 2918,2587 2925,2593 2938,2592 2932,2525 2924,2525 2914,2535 2908,2533 2902,2538 2897,2534 2885,2535"/>
                <Baseline points="2898,2576 2926,2574"/>
                <TextEquiv>
                    <Unicode>in</Unicode>
                </TextEquiv>
            </TextLine>
            <TextLine id="r2l23" custom="readingOrder {index:22;}">
                <Coords points="2893,2631 2904,2631 2912,2640 2931,2638 2941,2629 2952,2638 2964,2629 2979,2640 3002,2633 3011,2640 3034,2638 3034,2596 3008,2596 2996,2585 2975,2592 2969,2587 2954,2587 2941,2596 2925,2594 2918,2587 2893,2594"/>
                <Baseline points="2903,2620 2933,2622 2963,2622 2993,2622 3023,2620"/>
                <TextEquiv>
                    <Unicode>verband</Unicode>
                </TextEquiv>
            </TextLine>
            <TextLine id="r2l24" custom="readingOrder {index:23;}">
                <Coords points="2898,2735 2930,2729 2970,2741 2980,2730 2993,2734 3005,2728 3035,2744 3068,2748 3067,2641 3050,2643 3033,2631 2979,2640 2954,2638 2945,2630 2897,2631"/>
                <Baseline points="2909,2723 2938,2724 2968,2723 2998,2722 3028,2722 3058,2722"/>
                <TextEquiv>
                    <Unicode>me</Unicode>
                </TextEquiv>
            </TextLine>
            <TextLine id="r2l25" custom="readingOrder {index:24;}">
                <Coords points="2896,2786 2915,2786 2923,2779 2945,2794 2955,2783 2968,2787 2974,2781 2991,2793 3001,2788 3020,2794 3035,2781 3049,2787 3072,2768 3085,2770 3084,2747 3063,2747 3038,2733 3013,2734 3004,2727 2992,2734 2981,2730 2971,2739 2933,2729 2895,2734"/>
                <Baseline points="2906,2771 2934,2772 2962,2772 2990,2771 3018,2770 3046,2769 3074,2769"/>
                <TextEquiv>
                    <Unicode>der Grazs</Unicode>
                </TextEquiv>
            </TextLine>
            <TextLine id="r2l26" custom="readingOrder {index:25;}">
                <Coords points="2895,2829 2920,2837 2937,2829 2981,2844 3012,2834 3040,2842 3071,2819 3082,2819 3082,2777 3063,2777 3044,2788 3034,2781 3021,2794 2992,2794 2973,2783 2954,2785 2937,2796 2914,2785 2895,2787"/>
                <Baseline points="2905,2820 2932,2822 2960,2822 2988,2823 3016,2823 3044,2822 3072,2821"/>
                <TextEquiv>
                    <Unicode>keine Jul</Unicode>
                </TextEquiv>
            </TextLine>
            <TextLine id="r2l27" custom="readingOrder {index:26;}">
                <Coords points="2884,2874 2903,2872 2936,2893 2968,2881 2989,2896 3006,2890 3014,2897 3046,2874 3058,2874 3059,2836 3032,2842 3015,2834 2981,2844 2952,2837 2946,2830 2927,2836 2885,2830"/>
                <Baseline points="2894,2870 2919,2871 2945,2871 2971,2871 2996,2872 3022,2872 3048,2873"/>
                <TextEquiv>
                    <Unicode>Sturm,</Unicode>
                </TextEquiv>
            </TextLine>
            <TextLine id="r2l28" custom="readingOrder {index:27;}">
                <Coords points="2881,2934 2915,2940 2973,2930 2984,2937 2992,2928 3036,2944 3053,2935 3074,2954 3104,2958 3120,2945 3154,2942 3153,2883 3088,2882 3062,2862 3013,2896 2998,2884 2985,2893 2962,2880 2935,2893 2905,2873 2880,2873"/>
                <Baseline points="2892,2924 2917,2922 2942,2922 2967,2920 2992,2920 3017,2919 3042,2919 3067,2919 3092,2919 3117,2919 3142,2919"/>
                <TextEquiv>
                    <Unicode>lichen Ab</Unicode>
                </TextEquiv>
            </TextLine>
            <TextLine id="r2l29" custom="readingOrder {index:28;}">
                <Coords points="2888,2973 2900,2970 2926,2993 2944,2982 2993,2980 3003,2990 3033,2994 3074,2967 3095,2969 3094,2950 3074,2953 3052,2934 3044,2943 3023,2935 3008,2940 2997,2930 2979,2937 2974,2932 2935,2938 2924,2932 2910,2941 2887,2937"/>
                <Baseline points="2897,2969 2923,2970 2950,2970 2977,2969 3004,2968 3031,2967 3058,2966 3085,2965"/>
                <TextEquiv>
                    <Unicode>wurde a</Unicode>
                </TextEquiv>
            </TextLine>
            <TextLine id="r2l30" custom="readingOrder {index:29;}">
                <Coords points="2891,3024 2948,3039 2981,3039 2993,3026 3017,3038 3027,3029 3057,3043 3073,3032 3094,3034 3093,2982 3049,2978 3033,2993 2984,2995 2957,2993 2944,2981 2923,2990 2900,2969 2889,2969"/>
                <Baseline points="2901,3022 2927,3023 2953,3024 2979,3024 3005,3023 3031,3021 3057,3020 3083,3019"/>
                <TextEquiv>
                    <Unicode>begnat</Unicode>
                </TextEquiv>
            </TextLine>
            <TextLine id="r2l31" custom="readingOrder {index:30;}">
                <Coords points="2900,3102 2934,3102 2944,3091 2969,3087 2986,3088 2996,3099 3013,3088 3034,3092 3040,3085 3063,3087 3062,3028 3046,3035 3022,3031 3016,3037 2993,3027 2979,3040 2953,3034 2947,3041 2928,3029 2899,3027"/>
                <Baseline points="2909,3069 2937,3070 2966,3069 2995,3069 3024,3068 3053,3067"/>
                <TextEquiv>
                    <Unicode>Grazer</Unicode>
                </TextEquiv>
            </TextLine>
            <TextLine id="r2l32" custom="readingOrder {index:31;}">
                <Coords points="3013,3273 3030,3273 3038,3279 3051,3266 3061,3270 3071,3259 3076,3259 3094,3246 3109,3248 3108,3222 3098,3223 3081,3213 3074,3217 3064,3215 3058,3220 3041,3207 3022,3223 3012,3223"/>
                <Baseline points="3024,3260 3061,3258 3098,3258"/>
                <TextEquiv>
                    <Unicode>GEF</Unicode>
                </TextEquiv>
            </TextLine>
            <TextLine id="r2l33" custom="readingOrder {index:32;}">
                <Coords points="2988,3350 2998,3350 3017,3365 3029,3365 3039,3372 3065,3368 3073,3375 3079,3368 3100,3373 3101,3325 3082,3325 3076,3318 3057,3314 3051,3320 3032,3309 3022,3315 3010,3302 2989,3299"/>
                <Baseline points="2997,3355 3028,3351 3059,3354 3091,3355"/>
                <TextEquiv>
                    <Unicode>belig</Unicode>
                </TextEquiv>
            </TextLine>
            <TextLine id="r2l34" custom="readingOrder {index:33;}">
                <Coords points="2903,3462 3041,3462 3083,3443 3104,3455 3127,3451 3127,3393 3112,3393 3104,3384 3081,3393 3066,3378 2997,3376 2968,3395 2928,3376 2903,3380"/>
                <Baseline points="2914,3453 2939,3451 2964,3450 2989,3449 3015,3449 3040,3449 3065,3450 3090,3451 3116,3453"/>
                <TextEquiv>
                    <Unicode>ALL</Unicode>
                </TextEquiv>
            </TextLine>
            <TextLine id="r2l35" custom="readingOrder {index:34;}">
                <Coords points="2896,3540 2934,3533 2940,3540 2945,3535 2978,3543 2989,3537 2995,3543 3003,3537 3022,3544 3033,3534 3056,3531 3057,3499 3036,3497 3026,3490 3003,3498 2995,3489 2982,3495 2974,3488 2940,3504 2898,3500"/>
                <Baseline points="2908,3527 2935,3529 2963,3530 2990,3530 3018,3531 3046,3533"/>
                <TextEquiv>
                    <Unicode>wollte.</Unicode>
                </TextEquiv>
            </TextLine>
            <TextLine id="r2l36" custom="readingOrder {index:35;}">
                <Coords points="2890,3578 2926,3594 2939,3583 2974,3595 2981,3588 3016,3592 3031,3581 3060,3582 3079,3573 3096,3588 3119,3585 3117,3526 3099,3531 3084,3521 3076,3530 3044,3532 3024,3543 2923,3535 2889,3542"/>
                <Baseline points="2901,3577 2927,3578 2953,3578 2979,3577 3005,3575 3031,3575 3057,3574 3083,3574 3109,3575"/>
                <TextEquiv>
                    <Unicode>welt fühl</Unicode>
                </TextEquiv>
            </TextLine>
            <TextLine id="r2l37" custom="readingOrder {index:36;}">
                <Coords points="2889,3650 2926,3639 2950,3644 2972,3631 2996,3639 3025,3627 3048,3635 3075,3624 3090,3632 3102,3625 3121,3633 3120,3585 3063,3578 3032,3581 3017,3592 2973,3593 2956,3585 2927,3595 2906,3580 2887,3579"/>
                <Baseline points="2899,3625 2925,3627 2952,3627 2978,3626 3005,3624 3031,3623 3058,3622 3084,3622 3111,3623"/>
                <TextEquiv>
                    <Unicode>schen Ve.</Unicode>
                </TextEquiv>
            </TextLine>
            <TextLine id="r2l38" custom="readingOrder {index:37;}">
                <Coords points="2887,3687 2938,3687 2949,3697 2959,3688 3028,3685 3038,3676 3053,3684 3079,3659 3088,3667 3108,3660 3107,3631 3075,3624 3065,3633 3052,3629 3034,3636 3023,3628 2988,3645 2962,3633 2948,3644 2927,3637 2886,3654"/>
                <Baseline points="2898,3678 2923,3677 2948,3676 2973,3675 2998,3673 3023,3673 3048,3671 3073,3670 3099,3669"/>
                <TextEquiv>
                    <Unicode>diesen W.</Unicode>
                </TextEquiv>
            </TextLine>
            <TextLine id="r2l39" custom="readingOrder {index:38;}">
                <Coords points="2898,3747 2914,3748 2937,3733 2996,3743 3012,3732 3057,3736 3075,3725 3099,3745 3118,3740 3115,3680 3090,3670 3067,3671 3055,3684 3040,3678 2994,3691 2979,3687 2948,3696 2937,3688 2911,3700 2896,3696"/>
                <Baseline points="2907,3727 2932,3726 2957,3725 2982,3724 3007,3722 3032,3721 3057,3721 3082,3720 3107,3721"/>
                <TextEquiv>
                    <Unicode>den Oes</Unicode>
                </TextEquiv>
            </TextLine>
            <TextLine id="r2l40" custom="readingOrder {index:39;}">
                <Coords points="2885,3786 2900,3782 2935,3792 2975,3780 3002,3790 3040,3790 3048,3781 3065,3785 3080,3772 3115,3780 3114,3723 3072,3726 3058,3735 3014,3732 2985,3743 2938,3733 2914,3748 2884,3742"/>
                <Baseline points="2895,3779 2921,3777 2947,3776 2973,3776 3000,3775 3026,3775 3052,3775 3078,3775 3105,3773"/>
                <TextEquiv>
                    <Unicode>aber trot</Unicode>
                </TextEquiv>
            </TextLine>
            <TextLine id="r2l41" custom="readingOrder {index:40;}">
                <Coords points="2898,3852 2946,3832 3011,3843 3024,3833 3049,3836 3084,3819 3111,3820 3110,3778 3085,3773 3067,3786 3052,3782 3040,3790 3021,3784 2994,3798 2975,3790 2962,3796 2949,3784 2937,3793 2897,3783"/>
                <Baseline points="2908,3825 2935,3828 2963,3829 2991,3828 3018,3827 3046,3825 3074,3824 3102,3824"/>
                <TextEquiv>
                    <Unicode>weiterart</Unicode>
                </TextEquiv>
            </TextLine>
            <TextLine id="r2l42" custom="readingOrder {index:41;}">
                <Coords points="2892,3875 2915,3888 2944,3890 2980,3888 2990,3879 3041,3894 3076,3883 3097,3887 3097,3816 3066,3825 3040,3846 3019,3835 2994,3852 2969,3833 2948,3833 2908,3850 2892,3848"/>
                <Baseline points="2903,3874 2929,3875 2955,3875 2981,3875 3008,3875 3034,3875 3060,3875 3087,3873"/>
                <TextEquiv>
                    <Unicode>wir aber</Unicode>
                </TextEquiv>
            </TextLine>
            <TextLine id="r2l43" custom="readingOrder {index:42;}">
                <Coords points="2902,3945 2919,3945 2937,3933 2948,3939 2964,3930 2977,3936 2987,3931 3022,3955 3045,3954 3088,3923 3123,3922 3122,3882 3101,3879 3040,3892 3030,3882 2992,3881 2942,3898 2915,3890 2900,3895"/>
                <Baseline points="2911,3931 2936,3930 2961,3930 2986,3929 3012,3928 3037,3927 3062,3926 3087,3924 3113,3923"/>
                <TextEquiv>
                    <Unicode>gründliche.</Unicode>
                </TextEquiv>
            </TextLine>
            <TextLine id="r2l44" custom="readingOrder {index:43;}">
                <Coords points="2898,4033 2952,4037 2979,4030 2996,4040 3046,4032 3086,4054 3139,4044 3138,3974 3109,3975 3067,3958 3044,3971 3006,3971 2960,3951 2943,3957 2897,3945"/>
                <Baseline points="2907,4021 2934,4020 2962,4019 2989,4018 3017,4018 3045,4018 3072,4018 3100,4019 3128,4019"/>
                <TextEquiv>
                    <Unicode>Ein A</Unicode>
                </TextEquiv>
            </TextLine>
            <TextLine id="r2l45" custom="readingOrder {index:44;}">
                <Coords points="2995,4097 3006,4097 3014,4088 3031,4098 3058,4100 3069,4089 3077,4091 3089,4084 3106,4097 3117,4097 3116,4063 3099,4065 3065,4035 3055,4037 3046,4031 3028,4029 3017,4038 3011,4034 2994,4036"/>
                <Baseline points="3006,4088 3031,4086 3056,4085 3081,4085 3106,4086"/>
                <TextEquiv>
                    <Unicode>Die</Unicode>
                </TextEquiv>
            </TextLine>
            <TextLine id="r2l46" custom="readingOrder {index:45;}">
                <Coords points="2904,4129 2948,4138 2956,4132 2975,4141 2990,4135 3000,4139 3007,4133 3032,4140 3053,4119 3070,4124 3070,4097 3039,4100 3026,4090 3012,4089 2995,4102 2953,4071 2936,4075 2916,4060 2905,4060"/>
                <Baseline points="2914,4131 2942,4131 2971,4131 3000,4131 3029,4132 3058,4135"/>
                <TextEquiv>
                    <Unicode>den S.</Unicode>
                </TextEquiv>
            </TextLine>
            <TextLine id="r2l47" custom="readingOrder {index:46;}">
                <Coords points="3068,4149 3179,4151 3179,4088 3166,4088 3152,4098 3143,4099 3131,4099 3116,4092 3108,4099 3089,4084 3078,4091 3068,4091"/>
                <Baseline points="3078,4145 3108,4147 3138,4146 3168,4145"/>
                <TextEquiv>
                    <Unicode></Unicode>
                </TextEquiv>
            </TextLine>
            <TextEquiv>
                <Unicode>Ex
üc
Fas
Spe.
Dig
legenheit
dokumen
ständlich“
schwer 21
zigen jüch
mus de
wickelte
zählt deg
eben der#
bemüht 
tion zu
de zweik
Am Sport
Einführu
räng
Fub
in
verband
me
der Grazs
keine Jul
Sturm,
lichen Ab
wurde a
begnat
Grazer
GEF
belig
ALL
wollte.
welt fühl
schen Ve.
diesen W.
den Oes
aber trot
weiterart
wir aber
gründliche.
Ein A
Die
den S.
</Unicode>
            </TextEquiv>
        </TextRegion>
        <TextRegion orientation="0.0" id="r3" custom="readingOrder {index:2;}">
            <Coords points="3115,3273 3115,3428 3205,3428 3205,3273"/>
            <TextLine id="r3l1" custom="readingOrder {index:0;}">
                <Coords points="3104,3389 3115,3389 3126,3379 3132,3382 3136,3378 3165,3392 3174,3390 3179,3397 3192,3393 3215,3397 3220,3315 3209,3315 3197,3301 3174,3304 3162,3299 3133,3298 3122,3308 3109,3307"/>
                <Baseline points="3115,3374 3145,3373 3175,3376 3205,3378"/>
                <TextEquiv>
                    <Unicode></Unicode>
                </TextEquiv>
            </TextLine>
            <TextEquiv>
                <Unicode></Unicode>
            </TextEquiv>
        </TextRegion>
        <TextRegion orientation="0.0" id="r4" custom="readingOrder {index:3;}">
            <Coords points="3122,2622 3122,2742 3207,2742 3207,2622"/>
            <TextLine id="r4l1" custom="readingOrder {index:0;}">
                <Coords points="3113,2678 3136,2675 3144,2668 3154,2666 3174,2646 3185,2646 3184,2623 3165,2623 3161,2619 3159,2622 3140,2620 3136,2622 3125,2619 3110,2621"/>
                <Baseline points="3122,2650 3148,2648 3174,2648"/>
                <TextEquiv>
                    <Unicode>705</Unicode>
                </TextEquiv>
            </TextLine>
            <TextLine id="r4l2" custom="readingOrder {index:1;}">
                <Coords points="3178,2698 3193,2694 3194,2691 3201,2694 3213,2690 3197,2634 3187,2637 3181,2645 3176,2644 3164,2647"/>
                <Baseline points="3188,2696 3202,2692"/>
                <TextEquiv>
                    <Unicode></Unicode>
                </TextEquiv>
            </TextLine>
            <TextLine id="r4l3" custom="readingOrder {index:2;}">
                <Coords points="3149,2737 3165,2735 3176,2744 3184,2745 3202,2764 3216,2765 3220,2688 3206,2685 3197,2693 3176,2679 3164,2685 3151,2684"/>
                <Baseline points="3159,2730 3207,2732"/>
                <TextEquiv>
                    <Unicode>20</Unicode>
                </TextEquiv>
            </TextLine>
            <TextEquiv>
                <Unicode>705

20</Unicode>
            </TextEquiv>
        </TextRegion>
    </Page>
</PcGts>
