3392 4352
239 154 1291 208 pessimistische waarheid van den inhoud herinneren de
246 193 1313 245 beste van Schnitzlers spreuken aan die van den ouden
249 227 1316 287 pessimist. Hoewel lang niet alle aphiorisien van
246 270 1313 315 Schnitzler de waarde hebben en de algemeene geldig¬
241 305 1307 358 heid van die van den Franschman ziin er enkele onder
234 337 1319 394 die aan beknoptheid en sierlijkheid, hooge dichter¬
236 376 1307 430 lljkheid en pathos paren, zooals dit bij Nietzsche en
251 422 1315 470 ook bij de oude Bijbeische moralisten het geval is maar
254 461 1322 508 zelden bij de meer nuchtere Franschen: „Geljjkheid van
258 492 1319 555 streven bindt U met touwen aan elkander, geljjkheid van
257 539 1319 587 noodlot snoert U met koorden aan elkander, gelijkheic
253 568 1323 634 van verantwoordelijkheid smeedt U met ketenen aan
248 618 555 671 elkander vast“
292 629 1329 699 We hebben er typisch pittige en satyrische uitspra¬
264 678 1328 743 ken als deze: „Houdt van Uw verrestaanden zooals U
262 719 1320 782 Uw naaste niet mag lijden. dan zal er misschien eenmaal
262 757 1328 827 vrede op aarde ziin“. Maar ook zuiver humane als deze:
278 810 1313 857 „Klagen? Neen, handelen! Beklagen? Neen, helpen!
284 840 835 895 lanklagen? Neen verbeteren!“
294 884 1318 928 Sommige dienen de theoretische zedenleer: „Zelfover¬
267 924 1327 972 winning, verlangen te begriipen en opofferingsgezindheid
254 946 1336 1008 zün de eenige werkellike deugden onder al die welke
261 985 1336 1054 men 200 pleegt te noemen. Want slechts in hen werkt de
268 1044 363 1097 wil'.
294 1045 1323 1121 Nog andere typeeren afzonderliike menscheliike ka¬
264 1112 1336 1160 rakters of afzonderliike eigenschappen, zooals deze waar¬
263 1148 1337 1199 in de smart van hem die men den dilettant noemt en
263 1205 1340 1239 die in de laatste heift der vorige eeuw en tegenwoordig
256 1225 1344 1281 nog zooveel voorkomt zich uit: „God beware ons voor
262 1268 1339 1326 het „begrüpen“ (zich kunnen indenken). Het ontneemt
270 1313 1336 1352 den toorn zün kracht, onzen haat ziin waardigheid, on¬
263 1341 1340 1402 ze wraak den lust en ook nog onze herinnering de zalig¬
269 1381 390 1441 heid.
296 1412 1339 1468 Deze kleinere, voor de meeste lezers misschien de be¬
270 1455 1345 1507 langrükste aphorismen, nemen toch de kleinste plaats
267 1493 1345 1537 in dit werkje in. De grootere fragmenten over meer
266 1534 1351 1587 metaphysische vragen, over sociale en politieke, over
267 1570 1338 1619 artistieke en litterafre beslaan het grootste gedeelte der
277 1613 1342 1660 bladsliden. Ik geloof dat Schnitzler als moralist nog in¬
278 1658 1358 1698 teressanter is dan als metaphysious. Hi is een twifelaar.
273 1681 1348 1737 die de apologie van den twifel schrifft. Niet den twiifel
277 1735 1340 1779 als zacht oorkussen (Montaigne) verdedigt hil; dit is
280 1758 1356 1819 ziin twisfel niet. Integendeel, hü kan niet dulden dat zün
275 1802 1352 1848 tegenstanders meenen dat hil zich op zoo'n vat goed¬
270 1844 1353 1890 koope manier van de metaphysische problemen afmaakt.
281 1875 1350 1932 Maar hij meent dat in het metaphysische twijfel en ge¬
271 1927 1352 1972 loof samenvallen en dat de metaphysische vraag den
285 1964 1353 2018 geloovige (dus volgens de wereld den twijfelaar) karak¬
278 1991 1348 2044 teriseert en het metaphysische antwoord den domme.
286 2024 1354 2087 Men stelt den hemel vragen en die vragen zijn ons
275 2066 1366 2134 geloof. Maar die zich zelf een antwoord wrocht en dat
287 2109 1356 2165 koestert heeft reeds geen verbinding meer met de eeuwig¬
282 2142 1373 2202 heid. Schnitzler schuwt het moderne dweepzieke geco¬
293 2191 1356 2244 quetteer met den godsdienst. Ook het vage hierin hin¬
289 2223 1356 2280 dert den kunstenaar, die helderheid en reinheid van
281 2265 1364 2319 vorm onvoorwaardeljjk eischt van alles. wat zich bedient
286 2306 934 2359 van het edele instrument: woord.
312 2334 1350 2388 Ook de wiisbegeerte als vruchtbare wetenschap bestridt
282 2379 1368 2431 Schnitzler: „De wiisbegeerte vermag in laatste instan¬
283 2411 1354 2477 tie niets dan tautologieen (vanzelfsprekendheden) uit te
288 2461 1348 2519 spreken: wil 2i meer doen dan begint in het gunstig¬
283 2495 1360 2546 ste geval de verbeeldingskunst, in het onverschillige het
286 2544 1086 2602 geklets, in het ergste geval de dogmatiek.
318 2561 1353 2623 Ook over het vraagstuk van den vrlen wil en der
294 2612 1359 2663 determinatie ziin er in dit boekje vele gedachten te
287 2640 1358 2717 vinden. Het lijkt me dat Schnitzler’s opvatting wat dit
289 2694 1358 2744 betreft nogal schommelt. Omdat hij verantwoordelijk¬
291 2734 1363 2804 heid de basis van het leven vindt, zoowel ethisch als
298 2767 1379 2821 aesthetisch (sonder deze was jeder gebeuren ondrama¬
295 2809 1367 2859 tisch en vervelend), moet hil wel cen vrijen wil aanne¬
298 2827 1376 2897 men. En toch beschouwt hij het individu als een reser¬
307 2886 1373 2934 volr van noodlotsoorzaken, waarmede hil geboren en
291 2926 571 2989 belast wordt.
332 2938 1361 3008 Voor den letterkundige an den Schnitzler-liefhebber is
305 2995 1362 3060 vooral het hoofdstuk Werk en echo belangriik, waarin
306 3041 1373 3087 ook de letterkundige oritioi er niet goed afkomen.
300 3068 1368 3128 Schnitzler verwist velen van hen terecht het schermen
298 3114 1378 3162 met gemeenplaatsen, die een levend mensch, wat een
301 3161 1375 3210 auteur toch is, zeer piinlik kunnen zin. Zoo scheldt mei
306 3185 1384 3248 een bewogen handeling voor colportageroman, erotische
309 3234 1375 3296 gebeurtenissen voor pornographie, wat phantastisch is
317 3274 731 3339 voor onwaar uit, enz.
334 3287 1383 3351 Terecht verdedigt Schnitzler zich tegen het verwist
304 3330 1380 3400 van Jongeren dat hij een psychologische schrijver is.
310 3371 1377 3444 Psychologie is niet van een tiid maar op haar berust
306 3412 1380 3483 ledere menschellike letterkunde. Waar zij niet is, is geen
304 3477 447 3532 leven.
328 3479 1371 3555 Als eriteriat voor het kunstwerk geeft Schmtaler, en
307 3534 1376 3590 hil komt daarin wel eenigszins met Wassermann over¬
309 3564 1375 3632 een, aan: Eenheid. intensiteit, continulteit. Voor hemi
314 3600 1376 3673 is het ock de „Gestalt.“ die beslist of het werk zal bly¬
321 3664 580 3715 ven of niet.
338 3699 1377 3742 Dit boek is algemeen gehouden en in heel het werkje
307 3720 1385 3792 komt maar den aanval voor op een aparte beweging die
313 3763 1385 3822 ook genoemd wordt: het communisme. De elegante.
306 3796 1382 3864 aristocratische, wat sombere Schnitzler, dien wi uit
311 3861 1382 3895 ziin werken kennen, maar cok een mensch, die het zeer
314 3890 1388 3945 ernstig met ziin medemenschen meent al kan hij maar
321 3926 1395 3979 enkelen van hen ernstig nemen, handhaaft zich in dit
330 3959 1296 4028 aphorismenboek, dat smakelljk is voor ons verstand.
802 4003 1381 4058 SIEGFRIED VAN PRAAG,
1864 1021 3044 1098 Arthur Schnitzler.? Buch der Sprüche und Be¬
1830 1072 2463 1160 den Ptrudon-Vertag, Wien.—
1888 1084 3047 1163 Sprüche in Versen und Aphorismen über Schicksal und Wille, Ver¬
1847 1140 3057 1221 antwortung und Gewissen, Beziehungen und Einsamkeit, Wunder und
1849 1181 3061 1249 Gesetze, über Tageswirren und den Gang der Zeiten, über Werk und
1855 1212 3059 1295 Widerhall. Kleine Sprüche, die Fragen stellen und Antworten geben,
1845 1249 3062 1320 die nicht endgültig sein wollen, sondern sich mit dem Ahnen um das
1849 1289 3053 1365 Wesen der letzten Dinge begnügen. Im Gegensatz zu Schnitzlers er¬
1853 1323 3063 1416 kenntniskritischem Werk „Der Geist im Wort — der Geist in der Tat“
1847 1353 3065 1451 ist das „Buch der Sprüche und Bedenken“ kein systematisches Buch,
1859 1384 3074 1487 so polar die Begriffspaare auch geordnet zu sein scheinen. Es sind
1861 1440 3059 1517 Tagebuchaufzeichnungen eines Dichters: prophetisch und intuitiv in der
1856 1480 3055 1563 Problemstellung, klar und scharf in der gedanklichen Formulierung.
1855 1533 3071 1597 Die Helden in Schnitzlers Dramen und Erzählungen äussern häufig Er¬
1863 1548 3076 1643 kenntnisse, deren Tiefe den Weisheiten dieses Aphorismenbuches in nichts
1865 1588 3077 1678 nachsteht. Aber man muss von ihnen abzieben, was zur seelischen
1860 1628 3076 1704 Verfassung des jeweiligen Helden gehört, was des Dichters ureigent¬
1873 1671 3063 1756 liches Bekenntnis ist. In den zuweilen fragmentarischen Apercus des
1861 1707 3062 1804 Buches der Sprüche und Bedenken sind ganze Dichtungen, Philosophien,
1862 1745 3065 1827 Erkenntnistheorien enthalten. Schnitzler führt uns auf einen Berggipfel.
1865 1787 3072 1862 durchsichtig-rein ist die Luft, und der Blick reicht weit über Land¬
1869 1814 3072 1905 schaften der Welt, der Seele, des Charakters. Der Weg zu diesen
1860 1855 3104 1939 Höhen geht über die Schickungen, Wirrnisse und Erschütterungen eines
2845 1904 3060 1965 L. W—n.
1852 1935 2165 1994 Menschenlebens.
1979 2240 2137 2301 206 —.
2181 2276 2509 2354 Schnitzler.
1961 2333 2555 2404 Ich war sein erster Rezensent,
1964 2376 2565 2448 Als er die Flügel geschwungen;
1973 2422 2551 2487 Ich habe seinem jungen Talent
1970 2467 2440 2529 Ein Eiapopeia gesungen.
1968 2498 2619 2568 Mehr Lob als Tadel fanden sodann
1973 2552 2639 2612 Des Dichters Romane und Stücke,
1982 2592 2586 2657 Doch jetzt, ein abgeklärter Mann,
1984 2645 2480 2708 Tut wehe er der Kritike!
1983 2674 2668 2747 Wenn er mit Sprüchen kampfesfroh
1976 2724 2650 2793 Den Kritikern springt an die Hälse,
1981 2769 2704 2833 Bleib treu ich fast dem ganzen Tableau
1981 2809 2398 2884 Von Anatol bis Else.
1996 2849 2526 2919 Ich lasse jede Polemik sein
1989 2889 2592 2962 Und wäre sie noch so gründlich,
1993 2930 2699 3007 Sonst wendet der Doktor Schnitzler ein,
1985 2994 2570 3059 Wir seien gar zu empfindlich !
1881 3112 2093 3193 1#7.
