3344 4352
1866 235 2328 339 box 35/3
890 259 980 325 ch
1506 252 1720 345 nken
107 247 1503 339 Buch der Sprucne und Bede
1213 1138 1576 1218 .Nummer der
1085 1199 1708 1264 eint Montag nachmittags.
1254 1304 1671 1408 Feuilleton.
986 1440 1952 1508 Aus den Tagebüchern der Goncourts.
977 1487 2063 1569 Dichter beklagen sich, wie man weiß, mit besonderer
893 1554 2055 1614 Vorliebe über die Unzulänglichkeit, die Undankbarkeit der
883 1591 2050 1678 Kritik. Sie stellen, wie dies etwa Arthur Schnitzler in seinem
886 1649 2059 1723 jüngst erschienenen „Buch der Sprüche und Bedenken“ tut,
902 1696 2049 1761 unter Beweis, daß der anständigste= Mensch den Kopf und das
899 1745 2060 1804 Herz verliert, sobald er eine kritische Feder schwingt, ja, daß
899 1785 2054 1855 sogar erlauchte Dichter, wenn sie den Kritikern ins Hand¬
904 1841 2052 1898 werk pfuschen, von dieser allgemeinen Regel keineswegs eine
895 1886 2060 1944 Ausnahme machen und, genau wie jene, höchst ungerechte,
898 1922 2053 1994 durch Eitelkeit und Machtdünkel getrübte, vor allem aber lieb¬
895 1966 2060 2039 lose Urteile über ihresgleichen und erst recht über die Kritiker
908 2016 2051 2093 fällen. Allerdings können die sogenannten — von Suder¬
909 2059 2063 2130 mann sogenannten — Schaffenden sich in beiden Richtungen,
912 2110 2067 2175 lobend und absprechend, weit mehr erlauben, da sie ja für ihre
912 2154 2067 2224 Verdikte und Komplimente im Gegensatz zu den zünftigen
900 2198 2067 2264 Kritikern nicht öffentlich einstehen müssen und ihre Aus¬
816 2208 885 2280 h
913 2240 2061 2322 sprüche, wie diejenigen der Frau des Färbers in Hofmanns¬
906 2293 2069 2364 thals „Frau ohne Schatten“ mit „Widerruflichkeit gesegnet
907 2336 2058 2410 sind“. Dafür, daß sie auch im Punkte Undankbarkeit hinter
797 2329 892 2418 et
903 2391 2064 2459 den Getadelten um weniger als nichts zurückbleiben, erbringt
914 2435 2063 2503 ein soeben erschienener deutschei Auszug aus den französischen
797 2468 894 2541 h¬
905 2475 2058 2541 Tagebüchern der Goncourts die bündigste Bekräftigung. Die
894 2520 2069 2588 Goncourts rechneten sich selbstverständlich unter die Dichter,
804 2871 902 2944 von
964 2786 2037 3028 Hekzmansieut
806 2986 928 3071 545
1002 2988 1938 3065 G. ., Schiahiffenstr. 26
