3344 4320
1866 291 2309 382 box 35/3
117 318 1710 407 Buch der Sprneche und Bedenken
712 1123 2294 1226 genossen überlegen zu fühlen — wenn er sich einbilden darf. dali
728 1203 2284 1279 er dessen Schicksal für eine Weile in der Hand hält, oder daß er
728 1268 2298 1346 ihm wenigstens durch ein bißchen Spott und Verachtung für eine
723 1307 2306 1401 Stunde die Laune verderben kann; — darf man sich wundern, daß.
727 1386 2300 1459 #er eine solche Gelegenheit nicht ungenützt verstreichen lassen
733 1456 891 1528 will?
804 1457 2306 1580 Es wäre töricht, den Seelenzustand dieser Unglücklichen mit
724 1553 2286 1628 dem Worte Neid abzutun. Sie benützen einfach, ohne böse Ab¬
735 1606 2306 1692 sicht, automatisch gewissermaßen, den Anlaß — ach. er kommt so
743 1666 2289 1765 selten! — sich für ihr eigenes, in gewissem Sinn oft genug unge¬
738 1716 2311 1806 rechtes Schicksal, so gut es geht. eine Weile hindurch schadlos zu
732 1774 2309 1870 halten, indem sie ihre Erbitterung abzureagieren versuchen. Und
744 1844 2315 1927 da es in der Kunst. wie in allen menschlichen Dingen nichts absolut
745 1896 2309 1965 Vollendetes gibt. und jedes, auch das gelungene. das bedeutende.
749 1958 2321 2038 das große Werk der Kritik von irgend einem Treigewählten Stand
737 2015 2308 2092 aus genügend viel Angriffspunkte bietet, da ferner das Ver¬
744 2057 2320 2166 schweigen von Vorzügen als durchaus erlauht. aber auch Entstel¬
753 2122 2315 2216 lungen. Leichtfertigkeiten. Bosheiten auf diesem Gebiete keines¬
756 2182 2325 2275 wegs als unanständig angesehen werden: — ja. da solche Leute in
750 2252 2328 2336 ihrem verdüsterten Gemüt sich auch gegen die guten Seiten eines
756 2298 2340 2388 gehaltten Autors blind zu machen verstehen — dürfen sie vorsich
755 2353 2276 2435 und vor anderen auch weiterhin als ehrliche Kritiker gelten —
761 2431 2333 2507 auch wenn sie diesen Anspruch in einem höheren Sinn durchaus
770 2495 1194 2570 verwirkt hätten.
838 2558 2321 2670 Manchmal möchte man fast glauben, bedeutende historische
756 2645 2330 2746 Ereignisse erfolgten nur zu dem Zweck, um den Rezensenten
771 2697 2333 2799 immer wieder einen neuen falschen Maßstab für die Betrachtung
768 2778 2340 2843 von Kunstwerken an die Hand zu geben. Hlatte man die Bedeutung
766 2829 2330 2915 der Werke durch eine Reihe von Jahren mit Vorliebe an der
774 2871 2342 2972 „großen Zeit“ gemessen — (ein Schlagwort, das nun vielfach von
779 2935 2340 3037 denselben Individuen verspottet wird, die es damals für ihre
779 2993 2344 3079 Zwecke mißbraucht und zu Tode gehetzt haben) —, so ist nun das
769 3044 2353 3145 Schlagwort von der „versunkenen Welt“ aufgekommen, für die
774 3113 2333 3212 sich in Wirklichkeit kein anständiger Mensch mehr zu interessie¬
770 3167 2345 3283 #ren vermöge, und die daher künstlerischer Behandlung überhaupt
779 3257 1228 3335 nicht würdig sei.
866 3285 2341 3391 Waraber der Phrase von der „großen Zeit“ immerhin noch eine
792 3346 2351 3456 Spur von Vernunft zuzubilligen, zum mindesten, wenn man sie in
783 3397 2360 3510 quantitativer Hinsicht zu verstehen suchte, so ist die von der „ver¬
780 3471 2367 3547 sunkenen Welt“ — mag sie auch von manchen sonst gescheiten
794 3529 2355 3626 Menschen gedankenlos nachgeplappert werden —, so völlig sinn¬
779 3574 2371 3692 los und verrät eine so naive Auffassung vom Wesen politischer.
2882 2937 2937 3030 85
