3296 4352
1912 218 2443 333 box 35/3
242 272 1855 349 Buch der Sprueche und Bedenken
3158 1177 3302 1257 BK
1495 1186 2983 1281 . Gerttirteeman
448 1218 1517 1337 Aesstärtsten
3167 1245 3323 1329 VII.,
2935 1283 3037 1391 a
1604 1369 3302 1450 fangen. Wie dem immer wäre: mit Schnitzlers Weltan=an ihr geübt wird. Der
1600 1418 3306 1490 schauung läßt sich, zumal in so bewegten Zeiten, wie den ungefähr so: er spricht den
414 1391 1625 1543 Also spricht Arthur Schnitzler...
1597 1463 3310 1531 unseren, wenig anfangen. Das Häuflein Gewißheiten, das ihm wenn sie wirklich Persönli
1605 1510 3311 1584 hinzureichen scheint, das Rätsel des Daseins und das Ge= selbst etwas schaffen würden
520 1510 1613 1594 In einem kleinen Büchlein, das der Phaidon=Verlag
1616 1562 3304 1634 heimnis der Weltgeschichte zu begreifen, kann für den Men¬ Die Sache mit der Persön
424 1581 1606 1637 herausgegeben hat, setzt sich Artur Schnitzler mit ersten und
2781 1611 3301 1674 In der Regel hält man
1603 1617 2782 1683 schen selbst nichts tun. Der Mensch braucht mehr, als Schnitzler
412 1628 1619 1692 letzte Dingen auseinander, aber auch mit allerhand von dem,
2787 1657 3300 1729 Leute, die man für Persö
1603 1668 2786 1734 zu geben hat, und es ist eigentlich erstaunlich, daß er selbst mit
425 1679 1607 1745 was dazwischen liegt und unsere Zeit ausfüllt. Schnitzler ist
2778 1706 3310 1772 für Persönlichkeiten halten
421 1714 2788 1787 Arzt und Dichter, oft mehr Mediziner als Poet, manchmal diesem Wenigen auskommt und nicht nur sein Leben, sondern
2779 1751 3299 1812 und zum Selbstkostenpreis
1607 1774 2536 1830 auch sein Dichten damit zu bestreiten vermag.
432 1770 1625 1842 beides zugleich, manchmal auch mehr Wort= als Heilkünstler.
2779 1802 3310 1863 bedarf. Schnitzler ruft: De
1702 1800 2781 1867 Eine tiefere Auseinandersetzung mit dem Problem des
426 1812 1626 1881 Man lernt auf diese Weise einen Ausschnitt aus seiner Welt¬
2787 1851 3307 1919 was hast du mir zu sage
430 1852 2787 1933 anschauung kennen, die freilich zum größten Teil von Be= Lebens und den großen Fragen der Menschheit scheint Schnitzler
2782 1896 3310 1965 der Kritiker: Paß auf, n
1603 1910 2796 1988 übrigens in seinem Büchlein auch gar nicht gewollt zu haben.
419 1907 1620 1996 trachtungen der reinen Anschauungswelt herrührt. Der Dichter
2791 1944 3304 2012 Nun, das kann ich dem #
1610 1954 2799 2026 Er verfolgt offenbar einen anderen Zweck damit, denn in
420 1961 1620 2032 Schnitzler steht als Philosoph noch immer ungefähr auf der
2792 1991 3313 2059 gut erklären. Es kommt
416 2001 2790 2071 Höhe eines Naturwissenschaftlers der Neunzigerjahre. Er ver= einem verhältnismäßig großen Abschnitt seines Spruchbuches
2780 2038 3311 2108 Werk dem Kritiker gar
1616 2041 2792 2118 bindet er mit den Kritikern an und entwickelt darin ganz un¬
429 2063 1626 2126 läßt sich, was bei einem Dichter eigentlich wundernimmt, zu¬
1613 2095 3294 2169 gewohntes Temperament. Die Krititer haben ihm Schmerz dann natürlich in einer g
432 2108 1622 2173 meist auf den Verstand, ist fest überzeugt, daß es darüber
1620 2140 3308 2213 zugefügt. Er verdankt ihnen zwar einen sehr großen Teil nett sein und dem Dichter
423 2158 1623 2234 hinaus nichts gibt und überall, wo er solchen Tendenzen
1618 2190 3313 2261 der Erfolge, die seinen Schriften beschieden gewesen sind, aber sich, Poet! Und um ihm d
435 2199 1621 2262 begegnet, ruft er (an nahezu zehn Stellen in seinem Buche)
2795 2231 3301 2307 auf sein Werk ein und b
1625 2241 2797 2310 es muß unter dem brausenden Chor von Jubelstimmen doch
421 2254 1625 2312 immer wieder nach „Kontrolle“. Die Welt hat inzwischen
2799 2278 3302 2356 was sich natürlich nicht
1620 2291 2803 2357 auch etliche gegeben haben, die nicht ganz nach Wunsch schrieben,
428 2301 1628 2359 eine ganze Reihe von anderen Wendungen genommen, aber
1623 2332 3304 2401 und die hat er nun bei der Falte, sagt ihnen eine Fülle schwer mit dem sogenannt
423 2350 1626 2415 was sich in Schnitzlers Sprüchen spiegelt, ist doch hauptsächlich
1613 2375 3312 2449 saftiger Sottisen ins Gesicht und spricht dem ganzen Ge= ihnen, sie tun oft uns wel
434 2398 1631 2456 nur die Welt von gestern. Da er in seinen Geist nichts „ohne
430 2452 3300 2502 Prüfung“ aufnimmt, hat er gerade jene ungeprüften Tat=werbe seine Verachtung aus. Um einiger „Ungerechter“ willen daß es wiederum nichts n
428 2505 3302 2552 bestände verschlafen, die sich bei einem großen Teil der Mensch= ersäuft er die ganze Brut, die er für „talentlos“ und „bös= Schnitzler verlangt „Inter
426 2531 3303 2601 heit angemeldet haben. Nichtsdestoweniger geht Schnitzler nicht artig“ hält. Da er nun dieser Abrechnung offenbar nicht nicht interessiert? Dann se
429 2601 3310 2644 so weit wie Freud; er lehnt Gott nicht durchaus ab, sondern gleich ein ganzes Buch zu widmen wünschte, entschied er und schreibt und verflucht
430 2644 3304 2697 tadelt nur nicht, wenn jemand das Bedürfnis fühlt, sich, sich für die harmlosere Packung und kredenzt sein Büchlein aber doch schließlich und er
441 2697 3307 2758 wie er das nennt, „an Gott heranzudenken“. „Im Anfang ungefähr wie eine Schachtel Bonbons, deren untere Schichte keiten dieser Art schmerzlo
430 2747 3311 2786 aller Dinge,“ gesteht er zu, „muß doch irgend etwas (ein aus lauter giftigen Zuckerln besteht. Der Lärm seiner Jolemik gottlob weder um den Sch
2803 2758 3301 2826 sondern das ein Buch ein
441 2770 2812 2849 Wille) vorhanden gewesen sein“ und Schnitzler hat dagegen, gegen die Kritiker ist schon von weitem zu hören. Schnitzler
2805 2816 3305 2882 ihm gefällt oder nicht ge
440 2808 2808 2909 daß irgend ein Wort für diesen Ansang gesucht wird, nicht viel gibt sein sonstiges sinnendes, verträumtes Wesen in dieser
2804 2849 3303 2925 stücken und mit allem, wa
446 2857 2804 2938 einzuwenden. Den Begriff des Seelischen bezieht er allerdings Partie seines Buches fast vollkommen auf. Sein Stil wird
2808 2908 3306 2981 selbst sieht diesen Trost
445 2903 2810 2994 noch von Ernst Mach; er läßt nur „einzelne, gewissermaßen unruhig, sein Puls schlägt höher und seine Augen rollen.
2807 2956 3303 3039 dauert, Dichter, hast du
443 2951 2804 3055 flotierende Elemente“ zu, bestreitet aber, daß sich diese Elemente Er hat es swer eilig und erweckt durchaus den Einbruck
445 2994 2820 3091 „um ein Zentrum gruppieren“, was natürlich seltsam an= eines Menschen, der alle diese Dinge sagen mußte, weil er
2898 3012 3312 3106 Nun: danert dem
435 3083 2820 3148 mutet, da sie ja in Wahrheit gerade aus diesem Zentrum, sonst zersprungen wäre. Das ist nämlich das sichere Kenn¬
438 3098 2838 3209 nämlich vom Ich aus, die Möglichkeit zum „Flotieren“ emp= zeichen einer „Persönlichkeit“: daß sie zerspringtt, wenn Kritik
1227 3269 1301 3365 ∆
802 3229 1141 3430 —4.
432 3248 578 3451 □
