3344 4096
531 98 1658 153 nis „zu den sogenminten ewigen und zu manchen
521 162 1651 198 zeitlichen Fragen“ jenen gegenüber zu deklarieren,
526 187 1666 250 welche irrig „Sätze, die ich irgend einer erdichteten
513 252 1661 313 Figur in den Mund gelegt habe, als Ausdruck meines
511 299 1174 364 innersten Wesens auffassen“.
642 335 1648 393 Nun, aus diesem Werke geht eindeutig hervor:
515 387 1662 450 Mag es den Dichter gereizt haben, in einzelnen
522 439 1668 492 Werken jüdische Gestalten zu formen und sogar
526 484 1664 551 jüdische Zeit-, ja Tagesfragen zu behandeln — er
526 532 1667 592 selbst ist durch die Probleme des Judentums nicht
526 585 1665 637 bewegt, sie haben seinem innersten Wesen niemals
527 636 1671 694 zu schaffen gegeben, denn sonst hätte der wahrheits¬
529 680 1668 749 liebende, verantwortungsvolle, gerechte und mutige
527 731 1670 798 Mann einiges darüber in seinem Buche der Geständ¬
533 784 1674 860 nisse, Auseinandersetzungen und Einsamkeiten ver¬
533 834 1662 882 merkt. Darüber ist kein Zweifel: Schnitzler, einer
530 883 1670 940 der hervorragenden Dramatiker jüdischen Blutes,
539 933 1673 1003 wegen seines Judentums wiederholt unerhört ge¬
531 981 1661 1034 schmähr und bübisch behandelt, Schnitzler, der un¬
528 1028 1671 1087 tadelige Mensch (dem man nur einen Vorwurf
534 1094 1678 1146 machen kann, daß er nämlich seinen „Reigen“, den
537 1130 1679 1206 er nicht für die Bühne schrieb, gegen dessen Auf¬
530 1177 1668 1253 führung er sich mit aller Tatkraft jahrelang wehrte,
545 1236 1676 1291 später selbst zur Aufführung brachte) — Arthur
543 1282 1677 1356 Schnitzler, der Freund Herzis, der Zeitgenosse
538 1336 1678 1399 Luegers und Schönerers, blieb und bleibt von der
550 1374 1677 1444 Judenfrage unberührt, das jüdische Blut, zu dem er
542 1432 1672 1507 sich natürlich bekennt, macht ihm nichts zu schaffen,
539 1483 1635 1537 jüdische Vergangenheit erwähnt er bloß, wenn
548 1523 1672 1591 sich mit religiösen Problemen auseinandersetzt, die
540 1576 1678 1639 jüdische Gegenwart dringt nicht bis zu den Stunden,
551 1630 1679 1692 in denen er die Ergebnisse intimster Auseinander¬
539 1678 1692 1735 setzungen mit Zeit, Leben. Schicksal in sein Tage¬
542 1730 876 1804 buch einträgt.
654 1761 1687 1822 Es wäre natürlich unsinnig, dieser Feststellung
555 1822 1684 1904 den Unterton des Vorwurfes zu geben. Er hat sich
553 1867 1693 1933 doch nie verleugnet, er ist niemals „untergekrochen“
552 1931 1692 1979 er hat nur keine aktive Einstellung zum Judentum,
552 1965 1693 2035 keine tätige Liebe. Er sehnte sich in Italien nach dem
552 2020 1695 2074 deutschen Walde, aber niemals, wo immer er war,
559 2063 1700 2123 nach einer jüdischen Heimat der Seele. Man mag
555 2119 1707 2195 es bedauern, man kann es wunderlich finden, aber
555 2178 1318 2243 man darf es ihm nicht ankreiden.
670 2222 1694 2296 Umso interessanter, bemerkenswerter, daß
563 2286 1702 2348 diese Aphorismensammlung gleichwohl — jüdisch ist.
558 2334 1695 2387 Pinski meinte, Schnitzler würde in Amerika als jüdi¬
564 2364 1707 2420 scher Dichter gefeiert werden. Auch dieses Buch
569 2419 1703 2479 des Dichters, der sich der Abstammung und Zuge¬
572 2466 1698 2520 hörigkeit nach als Jude fühlt, aber nicht den Drang,
574 2523 1702 2582 diesen Zusammenhang zu pflegen oder gar zu
571 2560 1694 2646 stärken und schon gar nicht seine Persönlichkeit für
575 2622 1698 2687 die Zukunft des jüdischen Volkes einzusetzen. — auch
566 2666 1695 2731 Schnitzlers aufschlußreiche „Sprüche und Bedenken“
573 2724 1589 2783 wird man als ein jüdisches Buch ansprechen.
678 2769 1701 2833 Jüdisch vor allem ist seine — jawohl, diese
574 2829 1706 2888 Eigenschaft kommt dem als „spielerisch“ verkannten
576 2875 1705 2934 Dichter in hohem Maße zu — tiefe, zweifelnde,
581 2920 1706 2978 hadernde Religiosität. Er schreibt: „In meinen
577 2968 1704 3031 Zweifeln ist so viel Andacht, daß sie der Frömmig¬
579 3017 1709 3073 keit immer noch verwandter sein dürften als das,
574 3069 1722 3121 was ihr enern Glauben nennt.“ Und: „So hoch sich¬
578 3120 1715 3177 der Glaube emporzuschwingen meint, an der Unend¬
585 3175 1706 3229 lichkeit gemessen — und hier gibt es kein anderes
577 3222 1716 3271 Maß — ist er gerade so weit von Gott entfernt wie
579 3265 1709 3327 der Zweifel. Es ist jüdischer Freiheitsdrang, jüdisches
576 3314 1722 3371 Rebellentum, wenn er den Zweifel höher einschätzt
586 3366 1719 3441 als den Glauben: „Die vorsichtige Sprache“ —
582 3412 1721 3488 schreibt er — „hat aus dem „Zweifel“ die „Verzweif¬
592 3464 1717 3532 lung gemacht, aber nicht aus dem „Glauben“ die
589 3515 1707 3571 „Verglaubung', weil das zu sehr nach „Versklavung“
879 3566 1722 3626 Jüdisch ist seine Ethik, die gegen das
593 3569 881 3635 klänge.
587 3604 1726 3661 Gesetz der Kausalität den freien Willen wirken läßt,
1393 3664 1616 3732 Gesassendesenescenannmensen
665 3674 1273 3737 neseseshshenssine, Sahmsesenseserchster-Kemschseen uumamen mchrhrentenann
658 3740 1666 3840 LIOFB SACAUSS
1013 3817 1331 3897 GENUA
653 3894 1665 3976 Sxpreßverkehr nach Nord- u. Südamerika
652 3960 1679 4065 nach Südamerika auch Finheitsdampter II. Klase
2559 68 2770 124 TTNE
1675 69 2529 134 Zeitgennssen, une neende, Aesserr.—
1682 136 2762 183 ganzen Abschnitt von Aphorismen zu uns spricht —
1688 157 2796 237 über auch die peinvolle, die sich „abfinden“ mußte,
1682 210 2806 284 und die folgenden Verse formte, die den Titel „Ein¬
1686 258 2800 332 ladung“ tragen, und mir weit mehr von schmerz¬
1677 310 2810 397 licher Entsagung als von Hoch mit eingegeben
1681 377 1910 442 scheinen:
1765 413 2706 486 „Herzlich willkommen heiß ich die Gäste.
1763 469 2721 539 Freu mich doch lieber von weitem am Feste.
1773 514 2762 578 Mischt' ich mich selbst in den lustigen Rein'n.
1777 572 2625 645 Tanz und Musik wär’ nimmer mein...
1796 578 2738 795 Theater und Kunst.
1924 802 2584 894 Akademietheater.
1727 882 2800 953 Zum ersten Male: „Osterferien“ von Romain Coolus.
1806 944 2826 1001 Interessant an diesem Lustsp’el ist eigentlich nur ein
1708 1003 2825 1061 Problem, das allerdings stark ins Psychoanalytische hin¬
1694 1038 2823 1113 übergreift: die Einstellung des viezehnjährigen Jungen zu
1705 1089 2829 1167 den Bewerbern seiner schönen Mama. (Der Herr Papa ist
1710 1139 2821 1203 scheinbar verschollen.) Der kleine Junge kommt auf „Oster¬
1700 1200 2830 1254 ferien“ nach Hause und findet gleich drei Verehrer seiner
1707 1238 2838 1313 Mama vor. Mit dem ältesten der Herren, der die ehrbarsten
1707 1281 2837 1360 Absichten hat, schließt er Freundschaft, den jüngsten,
1709 1329 2839 1412 charmantesten haßt er, weil er mit sicherem Instinkt errät,
1716 1383 2835 1452 daß dies sein gefährlichster Rivale im Ringen um die Liebe
1698 1430 2841 1512 der schönen jungen Mama ist. Wie er die beiden in einem
1708 1476 2833 1554 zärtlichen Beisammensein belauscht, kommt ein Nerven¬
1718 1545 2846 1604 zusammenbruch. Der letzte Akt aber bringt ihm sein Glück
1715 1572 2835 1651 zurück: die Mama verabschiedet den jungen Mann, um nur
1712 1619 2835 1704 ihrem Sohn zu gchören. Im Mittelpunkt dieser vom Re¬
1715 1670 2838 1746 gisseur Raou! Aslan dem feinen intlmen Milien des
1720 1721 2837 1788 Akademictheaters vorzüglich angepaßten Vorstellung, steht
1722 1769 2841 1842 Alma Scidler als reizender, impulsiver Junge. Voll Ver¬
1716 1814 2839 1878 dienst die übrigen Mitwirkenden. Die Damen Wohl¬
1718 1864 2831 1942 gemuth und Mayer, die Herren Treßler, Pranger
1711 1913 2840 1984 und Aslan. Der Beifall war stürmisch, galt aber in erster
1709 1965 2755 2045 Linie der ausgezeichneten Leistung Alma Seidlers.
2688 2018 2802 2074 e. k.
1976 2103 2577 2195 Schalom Asch in Moskau.
1834 2166 2846 2242 Der jüdische Dichter Schalom Asch ist in
1723 2226 2844 2302 Moskau eingetroffen. Er wurde von den jüdischen Schrift¬
1732 2285 2854 2347 stellern sehr herzlich empfangen. Er begibt sich dem¬
1730 2324 2856 2394 nächst zum Besuch der jüdischen Kolonien nach der
1730 2388 2181 2460 Ukraine und der Krim.
1840 2425 2755 2504 Aufträge für den Maler Leopold Gottlieb.
1828 2488 2854 2541 Der aus Galizien stammende jüdische Maler Leopold
1727 2546 2854 2599 Gottlieb erhielt vom französischen Senat den Auftrag,
1732 2584 2869 2648 die Porträts mehrerer Staatsmänner und Gelehrter Frank¬
1733 2634 2860 2704 reichs zu malen, so unter anderem Briand, Paul Boncour,
1735 2677 2865 2744 Clemenceau, Herriot, Pomncare, Painleve, Henrt de Jouvenel,
1735 2722 2827 2802 Professor Langevin, Henri Bergson und Marschall Foch.
1732 2782 2855 2873 Ein jüdischer Pavillon auf der internationalen Buch¬
2038 2854 2559 2929 ausstellung in Florenz.
1846 2892 2849 2975 Auf der gegenwärtig in Florenz stattfindenden
1743 2958 2860 3019 internationalen Buchausstellung, die auf Ahregung des
1747 3005 2858 3072 italienischen Königs alljährlich arrangiert wird, befindet
1741 3054 2850 3126 sich ein vom jüdischen Buchverlag „Israel“ in Rom ein¬
1746 3100 2860 3172 gerichteter jüdischer Pavilion, in dem jüdische Werke in
1733 3155 2865 3236 italienischer Sprache und in anderen Sprachen wirkungs¬
1747 3219 2161 3283 voll ausgestellt sind.
1841 3268 2871 3318 „Der Dorfsjing“ im Carltheater. Bei der Sonntag
1739 3300 2859 3360 den 27. Mai, 3 Uhr nachmittags, im Carltheater statt¬
1742 3335 2866 3404 findenden Wohltätigkeitsvorstellung wirken mit
1741 3378 2871 3429 die Damen: Deutsch, Weintraub-Graf, Weißberg, die
1752 3408 2869 3481 Herren: Dr. Brind, Jehuda, Ehrenkranz (von der Wilnaer¬
1752 3449 2862 3511 Truppe), Breitenau, Herschkowitz, Sigal, Majer und Wittler.
1743 3495 2863 3558 Spielleiter: Bernhard Wittler. Kartenvorverkauf:
1840 3530 2858 3585 den Kassen des Carltheater, bei „Aida“ und im
1750 3554 1827 3595 An
1752 3578 2336 3643 Zionistischen Landeskomitee.
1856 3600 2862 3673 „Bruche die Schadchente“, die bekannte Operette
1757 3656 2863 3713 von Kobrin, die bisher an den meisten jüdischen Bühnel¬
1748 3703 2868 3765 Amerikas und Europas mit großem Erfolg aufgeführt
1762 3733 2864 3790 wurde, wird heute Freitag, den 18. d. M., in der Jü¬
1756 3773 2874 3830 dischen Bühne, II., Taborstraße 12, zum ersten Male mit
1754 3812 2686 3874 L. Glücksmann in der Titelrolle gespielt.
1852 3877 2882 3922 Jüdische Bühne, II., Taborstraße 12. Wochenprogramm: Frei¬
1776 3911 2876 3953 af, den 18. bis Montag, den 21. d.: „Bruche die Schad¬
1758 3937 2881 3980 chente“ Komödie in vier Akten von Kobrin. Titelrolle L. Glücks¬
1753 3956 2876 4006 mann. Sonntag. 3 Uhr: „Borg mir dein Weib!“, Komödie mit
1760 3999 2883 4037 Gesang in vier Akten von Lattner. Dienstag. 22. d.: „Judke und
1754 4018 2878 4074 Zipoire“. Operette in vier Akten von Feinmann. Mittwoch, 23. d.:
2161 4042 2881 4096 Frauen“ Lebensbild mit Gesang in vier
1680 4059 2047 4109 K 1 „A Mann von
2836 110 3031 168 mus de
2832 156 3028 215 wick. #te“
2838 209 3024 264 zühlt de¬
2839 255 3035 315 eben der
2829 303 3033 368 bemüht*
2831 352 3006 408 tion zu
2829 399 3036 469 die zwei
2823 453 3051 521 m Sport
2847 493 3056 563 Einführaf
2847 550 3031 604 ballsp
2851 595 3055 657 verdräng
2998 634 3045 719 7
2847 677 3046 762 im Fußb.
2849 783 3046 856 in Loobs
2861 847 3037 909 wieder &
2860 896 3059 953 der Graz
2858 937 3053 1004 keine Jus
2850 988 3067 1064 Sturm. 4
2859 1042 3064 1106 lichen AU
2851 1091 3060 1153 wurde an
2859 1141 3062 1209 begnal
2852 1197 3036 1260 Grazer
2859 1289 3095 1388 KAF
2953 1372 3098 1439 GEl
2964 1476 3091 1536 belie
2856 1539 3075 1657 ALL
2866 1647 3062 1721 wollte, #
2873 1694 3071 1778 weit füht
2867 1750 3079 1815 schen Ve¬
2869 1795 3076 1863 diesen W.
2863 1836 3073 1917 den Oes
2868 1885 3085 1959 aber troß
2870 1951 3064 2024 weiterar
2880 1976 3074 2063 wir aber
2879 2046 3094 2121 gründliche
2867 2115 3107 2223 Ein A
2981 2207 3100 2269 Dies
2878 2237 3082 2323 den S. #
2886 2299 3066 2352 Wiener
2889 2333 3082 2397 fertigt ##
2884 2380 3104 2433 führte ein
2878 2416 3115 2470 Sieg verdin
2899 2454 3078 2526 gefielen
2996 2605 3043 2656 In
2881 2627 3094 2699 Schwarz-V
2876 2682 3109 2740 Die jüdisc
2884 2723 3074 2774 durch und
2897 2763 3087 2835 Durch di
2885 2799 3063 2856 Platz in
2891 2833 3153 2907 abzustel#
3003 2883 3129 2939 Mic
2886 2907 3116 2988 Hagibo.
2893 2961 3094 3016 empfindlic
2895 2991 3109 3069 bor schol
2989 3045 3078 3097 In
2893 3072 3110 3137 Brigitt. S#
2897 3124 3117 3190 Die Unter
2896 3160 3087 3214 Brigitten
2898 3199 3103 3253 Die Tore
2898 3241 3112 3313 Grumb
2986 3344 3116 3409 Das
2884 3393 3062 3454 Klasse
2899 3435 3121 3488 wurde vo.
2890 3480 3124 3533 jüdischen
2888 3522 3056 3571 aus,
2893 3544 3126 3609 zu macher
2892 3595 3114 3656 verlete
2892 3635 3107 3687 Der Scht
2899 3676 3122 3735 fabrik auf
2886 3717 3147 3770 in eine W 1
2965 3921 3114 3975 WIENE
2942 3967 3138 4036 GALLEN
2967 4032 3123 4097 Pro P
