3344 4352
1859 288 2313 402 box 35/3
117 287 1728 415 Buch der Sprueche und Bedenken
1276 903 1559 1059 2
1596 999 1660 1121 —
628 1337 2021 1452 Bemerkungen zu dem Thema
763 1450 1571 1580 Kunst und Kritik.
780 1566 1432 1668 Von Arthur Schnitzier.
769 1646 2157 1734 Aus dem noch nicht erschienenen Buche der „Sprüche und Bedenken“
774 1691 2168 1780 mit persönlicher Erlaubnis des Dichters zur Veröffentlichung gebracht.
734 1779 2227 1885 Autoren stellen bekanntlich eine höchst empfindliche
665 1849 2239 1936 Menschensorte vor. Wer möchte dem widersprechen ich kenne
664 1917 2235 2030 tatsächlich nur eine, die empfindlicher wäre —: die der Kritiker.
672 1972 2245 2065 Denn meiner Erfahrung nach kommt auf ein Dutzend Auforen,
672 2040 2244 2118 die es dem Kritiker nicht allzuübel vermerken, daß er an ihrem
682 2099 2243 2187 Werk gemäkelt, es verhöhnt oder verdammt hai, die es auch leid¬
668 2145 2245 2233 lich ruhig hinnahmen, wenn es ihm beliebt, ihre künstlerische
683 2201 2233 2304 Ehrlichkeit oder die Sauberkeit ihres Charakters zu verdäch¬
673 2261 2243 2375 #tigen, kommt noch nicht ein Kritiker, der sich einen Wider¬
681 2309 2252 2409 spruch gegenüber der Unfehlbarkeit seiner Urteile oder gar den
683 2371 2258 2474 gelindesten Zweitel an seiner kritischen Unbefangenheit gefallen
682 2438 2261 2525 ließe — ohne mit Spott oder mit Entrüstung den Autor, der sich so
681 2489 2257 2586 weit erkühnte, für — nun mindestens eben für — empfindlich zu
679 2580 939 2661 erklären.
762 2653 2264 2745 In den besten Momenten ihres Schaffens sind Künstler zweiten
685 2708 2264 2823 Ranges von den wahrhaft großen kaum zu unterscheiden. Doch
703 2763 2262 2849 was ihnen in jedem Falle mangelt, ist die Fähigkeit, sich genügend
699 2818 2274 2917 lange auf der erforderlichen Höhe zu halten; und ihr Verhängnis
702 2879 2278 2981 ist es, gerade in den Augenblicken, wo die außerordentlichste und
697 2935 2265 3033 letzte Anspannung aller Kräfte notwendig wäre, ins Dürftige,
705 3016 1660 3124 Triviale oder Absurde hinabzusinken. —
766 3144 2269 3219 0 Meister, wäre dein Genie doch aromatisch genug, um den
710 3200 1866 3309 penetranten Duft deiner Jünger zu überduften!
780 3310 2290 3417 Was den Dilettanten früher — und in jedem Fall untrüglicher
708 3390 2308 3480 verrät als die Schwächen seines Talents, das ist die Problematik
707 3479 1274 3555 seines Menschentums.
2559 4130 2918 4225 G
2847 2961 2942 3038 72500
