3344 4224
1925 115 2389 210 box 35/3
1688 146 1761 202 n
976 152 1060 230 h
1037 147 1790 236 e und Bedenken.
85 130 990 248 3 Buch der Spruec
481 845 1134 928 TALI
465 1045 1061 1147 iter .
1054 1057 1631 1137 eitung
1285 1216 2318 1305 61.JAHRGANG, No. 12
508 1462 2504 1505 Von Wildheit nur von der klugen und schönen Isotta ne-[werden könnte.“ — Es bleibe dahingestellt, wie ein
458 1511 2499 1561 Breslau, bändigt wurde und der ihr die berühmte Franzis-] Philosoph das Buch kritisch beurteilen würde. Da
632 1503 2516 1586 kanerkirche errichten ließ, ein christliches Denkmali seine Grundlagen aber naturwissenschaftliche Tat¬
1564 1542 2512 1599 sachen astronomischer. phvsikalischer, chemischer.
650 1566 1570 1619 für eine im Anfang sündige Liebe, in klassischem
1568 1573 2519 1638 kristallographischer. botanischer und zum weitaus
552 1580 639 1633 be¬
644 1595 1572 1650 Stile. Das anfregendste Kapitel. „Passione tragica“,
463 1620 636 1677 "da für
652 1648 2515 1684 behandelt das von Leidenschaften und Schuld er-Igrößten Teile zoologischer Art eind. darf sich auch
467 1661 644 1708 nicht in
649 1683 2514 1724 füllte Trauerspiel unter den Nepoten des Papstes der Naturwissenschaftler, sveziell der Zoologe.
467 1695 639 1746 itgenös¬
653 1680 2517 1751 Paul IV. Caraffa, den Tod der ehebrecherischen Vio-darüber äußern, Dieser erkennt bewundernd die
1579 1716 2519 1772 vielseitige Belesenheit des Verfassers an, wie sie
490 1731 633 1774 er Ten¬
657 1724 1567 1785 lante, Herzogin von Palliano, durch die Hand ihres
1582 1749 2509 1803 sich in dem anhangsweise -gegebenen Verzeichnis
465 1764 646 1826 nesphäre
651 1764 1568 1821 Bruders und des Onkels. dio Verurteilung und
1574 1774 2509 1837 der Literaturbelege zu den im Texte erwähnten
462 1800 645 1847 Dichtung
659 1794 1574 1850 Hinrichtung der Rächer ihrer Familienehre, ihre
1574 1809 2512 1883 Tatsachen zu erkennen gibt. Aber in bezug auf
477 1832 644 1886 ##r allem
659 1831 1577 1887 Rehabilitierung unter dem folgenden Papst und die
1578 1845 2520 1911 deron Dentung kann er nicht mit ihm überein¬
478 1870 648 1913 der da¬
650 1872 1570 1925 Opferung ihres Anklägera, des Fiskalanwalts Pal¬
1587 1869 2520 1943 stimmen. Referent kann in der vom Verfasser ge¬
480 1898 648 1954 ät, Der
655 1900 1570 1953 troniefi. Neben so viel wilden Ränken die roine
1585 1912 2516 1980 brachten Lösung der Lobensrätsel durch den „Ur¬
510 1935 650 1985 Sile¬
659 1934 1580 1991 Frömmigkeit einer Cecilia Gonzaga, die an ihrem
1582 1945 2524 2006 willen“, der den Wesen jede Lebensäußerung be¬
464 1967 653 2022 16 unter
662 1967 1580 2018 väterlichen Hofe von Mantua durch den berühmten
1585 1976 2515 2047 fohle. keinen Gewinn für unsere Weltanschauung
472 2003 655 2054 itur für
651 2002 1569 2064 Pädagogen Vittorino von Feltre erzogen wird, sich
1584 2017 2519 2075 erblicken, da sie, statt naue Gleichungen zur Auf¬
489 2034 643 2084 aftliche,
664 2040 1566 2092 in ein Kloster zurückzieht und dort in jungen Jah¬
1583 2047 2520 2118 lösung der alten unbekannten Größen zu liefern. nur
478 2074 645 2125 radoxen
663 2071 1574 2123 ren stirbt, und ihre Verwandte Giulia Gonzaga, die
1588 2079 2510 2151 ein neues Symbol dafür einsetzt. Auch die unter¬
487 2106 659 2156 manns“,
663 2102 1583 2156 kaum 18 Jahre alt ihren Gemahl Vespasiano Co¬
1588 2118 2524 2184 strichene Unvoreingenommonheit den Tatsachen
481 2138 643 2194 n noch
664 2144 1574 2201 lonna verliert, sich im Schloß Fondi einem reli¬
1589 2152 2519 2213 gegenüber vermißt er. findet vielmehr fast alle im
485 2171 645 2220 haffenen
661 2169 1581 2231 giösen Leben ergibt, alle Werbungen zurückweist
1590 2193 2518 2268 Sinne des beabsichtigten Endergebnisses gedeutet.
469 2210 649 2264 der von
669 2202 1585 2259 und im Kreise der italienischen Reformatoren Val¬
2175 2219 2497 2282 Dr. F. Haas.
655 2236 1578 2294 des. Bernardino d’Occhino, des als Ketzer hinge¬
481 2242 561 2291 #.
2347 2264 2523 2317 Zweite
666 2267 1589 2328 richteten Carnesecchi und der berühmten Vittoria
1598 2263 2362 2339 Astronomische Miniaturen.
544 2259 660 2354 allem
660 2309 1583 2360 Colonna verkehrt. Kurz, die Kapitel Portigliottis
1650 2295 2522 2374 Sammlung. Von Elis und Benyt Ström¬
673 2335 1591 2396 erinnern an dio lebhaften Erzählungen der Renais¬
491 2335 653 2392 Periode
1651 2335 2516 2402 üren. Mit 41 Abbildungen, 2 Stereoskopbil¬
1270 2363 1561 2432 Otto Kahn.
487 2378 605 2421 in
1660 2360 2515 2444 dern und 1 Tafel. Ins Deutsche übersetst von
660 2381 1019 2443 sance-Novellisten.
493 2411 664 2457 1 zu be¬
1664 2397 2519 2474 Liso Krüger. Berlin. Julius Springer. 154 Sei¬
665 2408 1593 2496 Pflanze und Tier. Lebentraum und Daseins¬
477 2443 667 2487 m tüch¬
1660 2450 2042 2506 ten. Geh. K 6.60.
1463 2460 1593 2512 Leip¬
736 2475 1321 2518 form der Organismen. Von C.
482 2478 665 2524 geleistet.
1631 2471 2531 2542 Im Jahre 1922 erschien von Elis Strömgren
741 2500 1595 2559 sig. Emmanuel Reinicke. XII. 282 Seiten. Geh¬
490 2502 674 2561 wichtige
1587 2512 2527 2573 die erste Sammlung astronomischer Miniaturen, von
732 2543 908 2596 K 12.
468 2537 667 2602 tet. eine
1601 2549 2524 2612 K. F. Bottlinger aus dem Schwedischen übersetzt.
721 2553 1591 2622 Vorliegendes Werk ist in der von H. Driosch
531 2581 674 2632 Ohne
1595 2583 2530 2643 Wie damals sucht auch jetzt wieder der Direktor
495 2616 663 2679 lichkeit
667 2607 1590 2672 und W. Schingnitz herausgegebenen Bücherreihe
1597 2616 2535 2677 der Sternwarte in Kopenhagen, diesmal aber im
527 2650 672 2701 zeigt,
677 2646 1592 2696 Metaphveik und Weltanschauung“ erschienen. Sein
1598 2648 2530 2714 Verein mit seinem Sohno Bengt in elf Kapiteln, die
521 2681 660 2727 m Ge¬
667 2668 1595 2728 Verfasser will in ihm die gesamte Natur nach Kund¬
1597 2681 2528 2750 miteinander nicht oder nur lose zusammenhängen,
504 2711 657 2766 iderbe¬
678 2711 1591 2770 gebungen etwaiger Bewußtheiten. nach Ausdrücken
1603 2716 2524 2781 neuzeitliche Erkenntnisse und Probleme der Him¬
495 2748 672 2798 ste mo¬
673 2749 1596 2800 etwaigen Wollens durchforschen und. im Sinne des
1600 2753 2531 2808 melskunde in fesselnder und leicht verständlicher
489 2785 666 2831 Barock¬
679 2779 1597 2849 Drieschschen Neovitalismus, für dieses zu euchende
1597 2785 2522 2850 Darstellung einem Laienkreise auseinanderzusetzen.
1169 2812 1596 2864 möglichst viele Grund¬
486 2821 671 2863 ein tüch¬
1603 2828 2525 2881 Aber trotz des Verzichtes auf höhere Mathematik
675 2824 1154 2883 autonome Naturprinzip“
1185 2841 1586 2898 nachweisen. Der be¬
501 2854 664 2901 Straßen
675 2849 1187 2905 eigenschaften. Attributé“.
1612 2857 2534 2928 ist immerhin eine gowisse Vertrautheit mit den
669 2879 1602 2940 handelte Stoff ist in die Kapitel gegliedert: Einheit
500 2889 670 2938 golegt.
1604 2881 2534 2948 Grundlehren der Astroßomie und ihrer Anschau¬
489 2925 664 2967 rd von
683 2924 1601 2977 des Seins. der Wille zum Sein, der Wille zum So¬
1606 2907 2542 2981 ungsweise wie mit phveikalisch-chemischen Errungen¬
683 2948 1606 3012 sein. Begrenzung des Willens. Attribute des So¬
492 2955 671 3001 rstallung
1602 2939 2548 3010 schaften der allerneuesten Zeit zum Veretänduls er¬
507 2991 674 3049 wichtige
670 2980 1599 3052 seinswillens. Entwicklungsstufen. Ergebnisse und
1600 2980 2551 3043 forderlich. Unterhaltend - be’ehrend sind die drei
1601 3015 2536 3099 Kapitel. wo der Vater das Zeißsche Planetarium ale
512 3011 1592 3090 tor. Ausblicke. Als Hauptergebnis selner Untersuchun¬
1602 3053 2542 3114 „das Wunder von Jena“ die Entwicklung „vom
685 3052 1598 3113 gen nenat der Vorfasser; „Die Naturteile weisen
519 3072 678 3139 chte.
679 3083 1605 3149 bei unbegrenzter Mannigfaltigkeit, auf eine Einheit
1610 3083 2527 3148 Gnomon zum Meridiankreis“ und das Wesen der
555 3120 672 3167 Aus
1606 3118 2548 3182 amerikanischen Astronomie in seinen „Erinnerungen
679 3119 1605 3183 des Werdens und des Seins hin, die mit einer
525 3139 684 3197 Over¬
1602 3159 2240 3221 von einer Amerikareise“ behandelt
513 3147 1590 3223 Schrift- mechanistischen Weltanschauung nicht harmoniort,
2060 3176 2505 3261 Prof. Edm. Sittig.
679 3189 1595 3247 vielmehr auf ein einheitlicbes Wollen hindoutet. das
516 3219 680 3285 n Die¬
678 3228 1606 3294 vorbestehend oder den Dingen immanent gedacht
502 3282 686 3347 i drei
514 3332 691 3376 ke der
508 3365 681 3412 itz ein¬
1200 3372 2022 3464 ZEITFLUCHTLINGE.
533 3400 684 3448 bringt
495 3435 687 3482 #och be¬
539 3469 688 3517 Insel¬
749 3459 2551 3545 Von Schriftstellern, die auf der Flucht aus rettet. Der junge Mann ist ein Dichter und tut
528 3491 693 3549 in zer-
1623 3490 2549 3550 das, was vor ihm schon einige ähnlich veran¬
694 3515 1612 3578 der Zeit immerhin noch Zeit haben, einen
539 3534 685 3580 States
1622 3523 2555 3600 lagte jüngere und ältere Herren getan haben:
695 3556 1618 3624 Roman oder was Aehnliches abzuwerfen, sollte
511 3560 687 3619 gehörig¬
1619 3561 2554 3627 er reist nach Itahen. In einer kleinen Ortschaft
504 3604 685 3650 Rest¬
700 3600 1615 3657 man verlangen dürfen, daß sie sich in ihren
1624 3602 2564 3665 am Lago Maggiore bleibt er stecken und gerät
517 3636 690 3689 ersetzte
694 3625 1623 3696 Büchern, wenn schon ncht mit der Fähigkeit,
1625 3636 2566 3720 ip eine recht absonderliche Gesellschaft. Lanter
513 3667 693 3722 ieb Für¬
692 3678 1617 3730 80 doch mindestens mit der Absicht legitimieren,
1623 3669 2563 3750 Zugereiste. Da gibt es Anarchisten, Theosophen.
536 3704 695 3755 hronik
697 3709 1621 3785 von dieser Zeit, die sie hinter sich (dem Loser)
1618 3714 2559 3789 Journalisten, allerhand Reformer Schwindler
524 3744 700 3787 ab von
702 3756 1616 3806 lassen, auch was mitzunehmen. Für den Loser.
1628 3749 2560 3817 und Narren; eine russische Fürstin, die lauter
524 3777 694 3820 ien sein
707 3787 1625 3850 Die gewiß noch näher liegende Fordorung, daß
1620 3789 2563 3866 geniale Bilder malt, ein junges Mädchen, eine
527 3810 691 3853 alten
707 3822 1622 3887 die Schriftsteller von der Zeit mitgenom¬
1628 3824 2571 3898 Art beiliger Pippa, die zum Mondschein tanzt,
545 3844 693 3888 igieson
714 3862 1614 3921 men wären, unterdrückt sich dem Besprecher
534 3876 698 3920 he Ge¬
1628 3862 2566 3940 und einen verkommenen baltischen Baron, der
533 3908 703 3956 alische
704 3903 1619 3956 von selbst, woil ja diese Forderung doch nur
1625 3895 2571 3960 diese Gesellschaft zusammenhält. Tragisches,
2429 3931 2567 3993 alles
2388 3945 2442 3981 —
543 3941 695 3994 r Solb¬
701 3935 1622 4003 einen Schrei nach dem modernen Dichter mar¬
1635 3952 2370 4013 Gemeines, Wunderliches begibt sich
547 3974 699 4022 om An¬
708 3970 1634 4035 kiert, nach dem Glückslall also. So ein Glücks¬
1628 3975 2570 4051 symbolisch vertieft — der junge Mann hat an
548 4009 693 4057 n Ein¬
706 4011 1631 4068 fall ist, beispielsweise, Joseph Roths: „Flucht
1728 4004 2567 4066 „ sein Teilehen gehaht, dann wandert er
533 4032 698 4088 t Over¬
