3344 4224
155 235 2375 364 Buch der Snrneche und Bedenken box 35/3
2631 685 2894 768 Seite 31
1809 704 2280 787 25. Dezember 1924
781 720 1482 797 Neue Freie Presse.
107 752 454 820 en Donnerstag
2436 893 2619 983 2
2215 897 2443 989 BOS
1658 860 2123 1011 M
2515 959 2630 1046 30
2618 1012 2714 1089 32
2728 1031 2795 1075 178
2621 1063 2696 1109 T
2615 1086 2695 1143 022
126 1065 2463 1231 nachtsbenage der „Neuen Atlen Presse
2615 1150 2677 1186 1
1560 1195 1641 1245 TRETN
1358 1202 1474 1257 S
1478 1158 2590 1257 enen ete
2148 1223 2592 1267 DAPIPATPAPAC=1122.
1724 1233 2091 1287 er
2516 1243 2669 1299 AS
281 1226 392 1302 F
1501 1257 2377 1330 R
1217 1224 1280 1302 725
1205 1309 1316 1366 ENE
954 1319 1430 1407 Sr
1861 1397 2952 1462 Es ist immer noch besser, wenn sich zwei Menschen über
578 1410 1782 1495 eine Stirn so mächtig ballt, als könnte in jedem Augenblick
232 1413 590 1511 (Nachbruck verbolen.)
1776 1431 2951 1508 den tiefen Abgrund ewiger Fremdheit hin kühl die Hände
605 1479 1768 1554 ein flammender Blitz von Wirklichkeit daraus nieder¬
1786 1485 2963 1560 reichen, als wenn sie einander über den trügerischen Wirbeln
611 1525 1509 1612 fahren, um zu leuchten oder um zu vernichten.
1789 1541 2626 1627 des Verstehens gerührt in die Arme sinken.
111 1522 317 1634 gen.
122 1603 571 1715 he und Bedenken.
1874 1630 2961 1731 Was das Leben so mühevoll und oft so hoffnungslos
692 1658 1783 1755 In jeder wirklich guten Anekdote steckt der Keim zu
113 1696 398 1790 ht erschienen.)
1801 1721 2964 1785 macht, das ist nicht einmal die Existenz des Unsinns und der
612 1735 1785 1811 einem Mythos, jede dichterische Allegorie nimmt die Richtung
2837 1750 2967 1820 das
1800 1752 2799 1839 Lüge in all ihren Formen und Graden;
118 1774 323 1866 hnitzler.
627 1793 1090 1880 nach einem Symbol zu.
1805 1785 2968 1877 Schlimmere ist, daß wir immer wieder genötigt, ja
1800 1838 2980 1924 manchmal sogar geneigt sind, uns mit dem Unsinn
129 1852 621 1945 Menschen haftet meist
1796 1896 2964 1963 auseinanderzusetzen, als wenn ihm ein Sinn zu eigen — und
121 1913 615 1994 etwas Schrullenhaftes,
689 1902 1798 2009 Wir sind in jedem Falle verdammt, unsere Neben¬
1792 1936 2979 2011 mit der Lüge zu paktieren, als wenn sie guten Glaubens oder
122 1962 622 2025 s an, so daß man sich
619 1960 1800 2042 menschen auszunützen; nicht nur aus sogenannten egoisti¬
1797 2014 2417 2090 gar die Wahrheit selber wäre.
124 2005 631 2079 berzen doch nicht erfreuen
631 2016 1795 2098 schen Gründen, sondern in einem tieferen Sinne: zur Er¬
123 2055 629 2120 nicht nur fade schmeckt,
626 2068 1797 2151 füllung unseres durch unsere Anlagen bedingten Schicksals.
117 2102 628 2173 hal den Durst zu stillen
621 2112 1790 2190 Die Menschen, die wir zu diesem Zweck nicht
1881 2101 2984 2224 So mancher glaubt, immer noch einem verlorenen
133 2145 621 2213 Sinne verunreinigender
624 2153 1807 2249 brauchen können, entfernen wir unwillkürlich aus unserer
1798 2189 2973 2272 Glücke nachzuweinen, und es ist längst nur mehr der abge¬
140 2196 628 2266 überhaupt genießbar zu
131 2201 1805 2316 Seele dem Reinen etwas Nähe, und mit unbewußtem Scharfblick wählen wir aus der
1801 2233 2863 2332 schiedene Schmerz darum, dem seine Tränen fließen.
631 2254 1800 2335 Menge der uns Begegnenden eben diejenigen aus, die
127 2289 639 2358 ein irdisches, wenn nicht
623 2298 1802 2398 ihrem Wesen nach dazu geschaffen sind, uns das
131 2335 622 2402 Tugend aller Tugenden:
642 2338 1803 2439 unsere entdecken und entfalten und so unser Schicksal
1897 2334 2983 2432 Im Herzen jedes Aphorisma, so neu oder gar paradox
126 2378 637 2440 lich von Lüge beigemischt
633 2416 1017 2499 erfüllen zu lassen.
1821 2419 2794 2489 es sich gebärden möge, schlägt eine uralte Wahrheit.
125 2426 631 2498 icht nur zu ideeller Ent¬
122 2473 634 2558 er Wirkung in die Welt
728 2488 1819 2594 Daß wir enttänschen, das mag uns oft genug
1978 2532 2833 2655 Parabel vom Schmied.
639 2557 1822 2641 ohne eigene Schuld begegnen; — es genügt dazu, daß
644 2597 1827 2693 Menschen, die uns überschätzt oder auch nur nach Verdienst
147 2620 635 2708 ihnen auch Gegensätze
2021 2634 2787 2742 (Aus einem Zyklus „Das Dorf“.)
646 2650 1818 2744 gewürdigt haben, sich von uns fort oder über uns hinaus
130 2693 625 2753 unausgleichbar scheinen —
643 2684 1822 2776 entwickeln, oder daß sie sich das auch nur einbilden. Be¬
2096 2715 2704 2812 Von Anton Wildgans.
146 2725 635 2804 1 durch die Unendlichkeit
647 2743 1822 2833 stätigen aber müssen wir uns immer wieder aufs neue,
229 2778 643 2846 sie dürfen noch so
639 2794 1589 2879 mit jedem Tag — aus eig’ner Mühe und Kraft.
1833 2809 2998 2903 Heute gab mir der Schmied am Ende des Dorfes zu denken;
129 2824 643 2896 sind doch immer Ehren¬
1870 2852 3001 2922 Eben kam ich des Wegs, als einen Hengst er beschlug.
133 2873 648 2947 nen ausgetragen werden
1823 2902 2883 2995 Fichtenstämme, gewaltige, hatte der Wagen geladen,
141 2915 653 2993 hätte sich selbst eine oder
733 2928 1824 3016 Die Eigenschaften unserer Nebenmenschen wie unsere
1874 2922 3005 3037 Der vor der Schmiede hielt, fest durch ein Steinstück
142 2969 647 3039 gesetzt — stehen einander,
652 2968 1837 3069 eigenen sind uns immer nur ihrer qualitativen Bedeutung
2571 2998 2792 3061 gebremst.
140 3013 651 3076 nur Worte ins Gesicht
661 3034 1829 3110 nach offenbar; und es ist kaum vorherzusehen, bis zu welchem
1830 3033 3008 3128 Im gelockerten Riemzeug standen die wuchtigen Braunen.
140 3056 640 3143 Faust in der Tasche, als
657 3074 1829 3158 Grad irgendeine Eigenschaft unter bestimmten Umständen
1871 3094 2930 3160 Aber Mähne und Schweif hatten sie falber als Korn.
669 3112 1829 3199 sich zu entwickeln vermag. Wenn sich uns also das
1846 3125 3021 3220 Warfen die Häupter klirrend im messingfunkelnden Kummet.
661 3154 1827 3257 Bild eines Wesens durch solche unvorhergesehene Weiter¬
1885 3176 3013 3283 Peitschten die Fliegen von sich, scharrten und stampften den
658 3203 1832 3312 entwicklung einer Eigenschaft zu verändern, sich manchmal
2588 3231 2773 3295 Grund.
133 3211 653 3297 aher auch die absolute
655 3252 1839 3341 geradezu in sein Widerspiel zu verwandeln scheint, dürften
149 3272 655 3351 e Idee bleiben; zwischen
1836 3267 3023 3357 Doch da nahte der Meister mit Eisen und Werkzeug, der
668 3293 1839 3389 wir nicht von Enttäuschungen, sondern müßten eher
2581 3324 2830 3387 Fuhrmann
146 3326 649 3395 ß und Liebe, ja zwischen
664 3325 1847 3432 von Bestätigungen reden; und es tut nichts zur
133 3369 658 3440 ische Linie, unserem Auge
1890 3338 3122 3446 Hob nun dem Hengste das Bein, legte den Huf sich aufs —
675 3393 1850 3477 Sache, daß solche Bestätigungen, die unserer Menschen¬
139 3403 667 3478 n aber vermag auch der
2578 3418 2743 3480 Knie.
668 3431 1846 3525 kenntnis doch nur schmeicheln sollten, uns viel schmerzlicher
153 3461 665 3538 s zu wandeln, daß er nicht
1848 3463 2922 3541 Mit dem Messer zuerst gereinigt, geschnitten, geebnet
664 3494 1846 3570 berühren, als es die eigentlichen Enttäuschungen zu tun
155 3502 657 3583 und, wie die menschliche
1893 3512 3006 3579 Ward das mächtige Horn, knirschend flog weißlicher Spahn.
168 3555 665 3622 meist nach der übleren
1857 3552 3012 3644 Jetzt mit der Zange ergriff der Meister das glühende Eisen,
663 3566 860 3641 pflegen.
140 3599 663 3673 kommt es, daß menschliche
1882 3602 2843 3671 Preßte dem Hufe es an, rauchend zischte es auf.
136 3647 671 3715 cht sich öfter für strenges
1849 3625 3029 3726 Doch da entriß sich der Hengst mit gewaltigem Rucke, beinahe
752 3634 1837 3741 Politische Ueberzeugung —? Das ist oft nichts anderes
142 3691 674 3764 ks, daß sie geneigter ist, zu
1894 3694 3028 3767 Wären Fuhrmann und Schmied unter die Räder gestürzt.
678 3696 1841 3782 als die bequeme Larve, hinter der ein Lump seine widerliche
160 3745 663 3807 daß das Renegatentum
1861 3755 2972 3825 Aber sie duldeten nicht die Laune des störrischen Tieres
675 3732 1850 3833 Fratze verstecken möchte, um — unter dem Schutz der Masken¬
139 3786 679 3876 enverfassung vorstellt als
1896 3770 3035 3849 Und mit mutiger Kraft ward es bald wieder bezähmt.
673 3788 1858 3893 freiheit — auf dem politischen Faschingsrummel, den wir !
1867 3843 3044 3916 Klingend traf nun der Hammer die Nägel, es stoben die
689 3837 1846 3926 am Aschermittwoch Weltgeschichte zu nennen lieben, un¬
2609 3885 2806 3945 Funken
687 3879 1807 3998 gestraft oder gar bejubelt sein feiges Unwesen zu treiben.
1896 3915 2967 3994 Und das Eisen saß fest und das Werk war getan.
140 3927 678 4024 ns wirkt, das ist gleichsam
155 3966 704 4069 ichkeiten, das sich um
1865 4024 3037 4108 dingungen geknüpft, aber es gehört zu deren Natur, daß sie
680 4048 1855 4152 ablegt, tritt die Leidenschaft hervor, wie sie im Leben dieses
1867 4080 3050 4146 nicht an den Tag gelegt, ja kaum angedeutet werden,
673 4103 1854 4178 Mannes, aus dem von ihm geliebten Mädchen hervorbrechend,
1321 4128 3036 4202 rasende unbedinate Liebes= sondern nur durch ihre Erfüllung zur Erkennbarkeit gelangen.
2918 4153 3014 4186 70
171 4127 535 4248 ssommer“
