3436 4256
480 130 1058 203 Das Maerchen
1200 126 1568 219 box 7/2
311 133 1056 239 3 m  n
201 870 488 926 0
193 900 497 977 Dabei erörtert
205 954 494 1026 lenhof die
203 1057 485 1127 in tiefster Seele
200 1108 488 1171 ien der Schau¬
188 1156 481 1217 en, in dem die
205 1199 490 1269 sind. Er hätte
492 1202 910 1290 au C.
194 1240 1299 1314 kebe zur Schau=treffende Schriftsteller und der Abgeordnete
1360 1252 1481 1319 saty
189 1294 1492 1359 Kampfe die alten steben auf derselhen Sife der Oliestiel#7 1##
469 1332 552 1377 s4b¬
196 1338 475 1406 hann wieder er¬
471 1362 560 1424 sem
189 1390 471 1457 tte da anfangen
683 1347 1494 1465 Theater, Kunst und Literatur.
485 1410 554 1459 as
210 1427 467 1500 Dieser Fedor
473 1452 567 1513 ehn
637 1431 1671 1519 (Deutsches Volkstheater.) Das dreiaktige Schau= öffe
207 1480 461 1546 ohne Saft und
560 1494 1671 1572 spiel „Das Märchen“ von Arthur Schnitzler, das wir ans han
1566 1543 1669 1610 Be
560 1545 1570 1612 anderer Stelle ausführlich besprechen, wurde gestern
195 1560 545 1650 flogenen frei=ten
1570 1586 1690 1660 lei
565 1584 1567 1662 Abends mit gemischten Empfindungen aufgenommen. Die
199 1629 549 1713 r Widerspruch, 213
560 1641 1577 1722 ersten zwei Akte fesselten, fanden sogar sehr lebhaften
209 1673 466 1734 l. — Also ein
1568 1681 1667 1736 unst
538 1684 1561 1753 Beifall und der Dichter wurde wiederholt gerufen. Der
1579 1727 1667 1775 schri
207 1717 1669 1803 Problem, mit es letzte, langwierige Akt hingegen wurde entschieden abgelehnt. her
195 1759 456 1826 Zuckungen uns
470 1787 1557 1850 rn] Den Hauptdarstellern waren nicht sehr dankbare Rollen
1562 1797 1670 1851 verk
197 1811 449 1870 r dünn dahin¬
466 1833 533 1884 ar
555 1829 1552 1894 zugefallen. Fräulein Sandrock gab die Schauspielerin
1579 1838 1678 1886 ist!
195 1859 467 1924 inen, in denen
1579 1877 1671 1924 und
545 1868 1554 1948 Fanny Theren mit eindringlichem Verständniß, hatte auch
1563 1915 1662 1963 Fra¬
197 1901 458 1967 üht, und mit
470 1922 537 1977 nd
545 1918 1548 1992 hie und da Gelegenheit, einige wuchtige Akzente erklingen
1565 1945 1678 1999 verst
198 1952 457 2016 Wunder nun,
541 1971 1552 2039 zu lassen, vermochte aber gleichwohl kein tieferes Interesse
1560 1991 1676 2049 geric
226 2002 464 2064 nicht recht
463 2008 528 2077 In
1569 2030 1674 2075 Hri
540 2013 1550 2072 zu erwecken Herr Nhil hatte eine recht unerquickliche Auf¬
190 2043 468 2110 ber gleichwohl
1562 2063 1682 2112 diese
535 2060 1547 2127 gabe zu bewältigen. Er spielte den unglückseligen Raisonneur
1560 2099 1679 2154 Bett
193 2092 459 2151 nliterarischen
536 2104 1674 2190 Fedor Denner, „den Dritten im Bunde“, und es war nicht stant
200 2139 454 2201 auch frostigen
460 2149 529 2220 7n
539 2148 1548 2225 seine Schuld, wenn seine tragischen Anläufe im letzten Akt
1557 2178 1674 2230 nisse
194 2178 455 2246 und ein Milien,
532 2204 1545 2279 ein leises Kichern im Pablikum hervorriefen. Die drei vom
192 2239 1556 2321 bachtungsgabe 6. Dichter vortrefflich gezeichneten Wirner Typen wurden von
191 2279 539 2350 Uen Episoden 9,
537 2281 1547 2366 den Herren Kutschera, Giampietro und Tewele
196 2330 462 2398 Herr Schnitzler
530 2333 1548 2404 mit köstlichem Humor gegeben. Diese drei Gestalten weckten
208 2373 460 2434 begreiflichen
527 2387 1550 2463 schallende Heiterkeit. Herr Weisse (Friedrich Witte)
1593 2377 1691 2465 I
196 2415 462 2490 n lassen. Aber
526 2440 1553 2516 arbeitete die feinen Nuancen seiner Rolle mit klugem
192 2470 446 2533 hen nach Geist,
524 2469 1548 2569 Verständniß heraus. Fräulein Geibl trank als eine
203 2518 453 2584 Dauer ver¬
518 2508 1545 2604 Wiener Grisette mit naturalistischem Eifer einige Gläschen
1546 2538 1681 2648 10
190 2564 457 2625 hter an die
522 2573 1538 2643 Cognac. Sonst wäre noch Fräulein Bock hervorzuheben,
193 2611 462 2685 Künstler, rede
522 2625 1549 2691 die zum erstenmale im Deutschen Volkstheater in einer
529 2662 1550 2722 kleinen Rolle auftrat und durch ihr bewegliches Spiel und
178 2695 430 2792 broeiner.
519 2703 1508 2793 ihre klare Diktion einen sympathischen Eindruck machte.
423 2747 526 2824 A
1357 2739 1687 2858 m. 5.  U
1978 317 3136 460 2uns Theater= und Kunstnachrichten.
1986 441 2133 503 er Be¬
2290 445 2932 526 Deutsches Volkstheater.
2135 509 3151 577 („Das Märchen“ Schauspiel in drei Akten von Artbur Schnitzler. O
1978 532 2123 593 Kubik=
2304 535 2933 589 Zum erstenmale aufgeführt am 1. Dezember.)
3124 551 3173 622 A
2198 570 3118 625 Es war einmal! So fängt bekanntlich jedes
1988 585 2137 643 ntnern
2137 615 3120 668 Märchen an. Auch durch Arthur Schnitzler's
1984 631 2119 692 dert,
2138 664 3112 705 „Märchen“ klingt im Anfange das hergebrachte „Es
1984 679 2124 738 nerten
3112 693 3184 748 A
2141 702 3117 742 war einmal“. Es war einmal, daß wir Männer uns
2010 727 2129 789 Zum
2129 730 3179 805 das Recht anmaßten, „Unnatürliches zu fordern — ein sa
1983 786 3181 834 er und Weib zu verachten, weil es gewagt, zu lieben, bevor al
2129 816 3188 872 wir um ihre Liebe warben — ja ein Weib, für das #n
1982 814 2120 881 ie Um¬
2137 849 3185 912 wir weiter gar nichts empfinden, einfach aus der g
1986 867 2127 927 losion,
2137 885 3101 932 Gesellschaft unserer Mütter und Schwestern auszu¬
3121 909 3190 963 W
1976 914 2123 981 in von
2125 932 3110 983 schließen, sie hinabzustoßen und sie zu verderben, um sie
3113 952 3194 1001 kr.
2126 965 3104 1014 dann eine Verlorene zu nennen?“ Das ist das Mär¬
2124 998 3198 1068 schen und der schwärmerische Träumer Fedor will es ge
2018 1016 2126 1074 Aus
2139 1028 3118 1082 „aus der Welt schaffen dieses Märchen von den Ge¬
1974 1063 2119 1114 neldet:
2141 1068 3191 1135 fallenen, denn Sehnsucht nach Reinheit — was ist sie ko
1978 1101 2127 1153 3. Be¬
2131 1113 3204 1161 denn? — Wir wollen nur die Ersten sein, diese Rein¬te
1977 1141 2116 1191 wend
2133 1150 3120 1213 heit zu besudeln.“ Auf dieser These baut Schnitzler sein
3121 1171 3196 1227 ger
1982 1193 3116 1245 einem Schauspiel auf, und da er sie mit so geistvoller
2008 1218 2124 1263 d die¬
2127 1216 3203 1288 Dialektik vorbringt, erwarten wir natürlich, daß im
1974 1261 2784 1306 gerichte er uns, wenn nicht überzeugen,
2819 1257 3157 1322 odoch wenig¬ 9
2126 1283 3199 1366 stens blenden, einen Augenblick lang in unserer gib
1979 1342 3197 1387 iener= eigenen Ueberzeugung schwankend machen wird. Allein un
1977 1382 3208 1440 Sohn der Dichter täuscht uns, wie Fedor die Heldin des par
1972 1422 3118 1474 r mit Stückes, die kleine Vorstadtschauspielerin Fanny Theren,
1982 1458 3198 1511 Ister= enttäuscht, sie, die Gefallene, die sich an der Liebe Fedor's kat
1972 1500 3119 1538 tzterer, aufrichten will und dann im entscheidenden Augenblicke
3113 1514 3210 1568 Jef
1983 1538 3120 1578 Zistel= von dem beredten Anwalt der freien Liebe mit den
1986 1562 3203 1632 spektor grausamen Worten zurückgestoßen wird: „Es gibt keinen ein
3111 1601 3200 1650 ka
2139 1616 3111 1661 Kuß keusch genug und keine Umarmung glühend genug
1981 1614 2115 1661 nger
1968 1646 2121 1699 dete in
2137 1653 3220 1700 und keine Liebe ewig genug, um die alten Küsse und die un
1987 1683 3210 1745 omitat alte Liebe auszulöschen. W#s war ist! Das ist der tiefe zu:
1989 1730 3219 1768 aum= Sinn des Geschehenen.“ Fanny ist wieder einmal ver¬ Se.
1981 1752 3110 1810 es er= lassen worden. „So muß es nun weiter gehen.“ Also
3110 1767 3230 1825 fähr
1980 1798 3098 1859 hnhofe das „Es war einmal“ klingt in Schnitzler's Märchen
3120 1817 3190 1863 in
1975 1847 3097 1888 rsten= ganz wider Erwarten in dem „Es ist einmal so“ aus,
3109 1855 3227 1912 Nich
1996 1880 3105 1923 ver= und das Schlimme ist, wir wissen am Schlusse nicht,
3114 1902 3202 1955 die
1977 1912 3100 1979 rde in wollte der Autor uns mit seinem Stücke sagen: Es soll
3125 1947 3226 1996 dure
2118 1959 3113 2017 so sein, oder es sollte nicht so sein, wie es war und ist.
2186 1989 3216 2038 Arthur Schnitzler ist eines der Häupter der jungen Red¬
1988 1995 2162 2058 Nach=g
2129 2031 3232 2081 Dichterschule in Oesterreich. Das würde nicht viel be¬ Kuri
1973 2056 3111 2125 Zirkus sagen, denn die Jünger dieser Schule fühlen sich alle
3118 2077 3237 2130 Poli
1969 2104 3226 2169 behörd= als Häupter. Schnitzler jedoch ist mehr, er ist ein Kopf, Ran
1980 2150 3108 2196 müsse. und zwar ein seiner Kopf, der die Probleme der
3116 2155 3232 2218 misdh
1972 2177 3105 2240 us der Frauenseele mit scharfem Auge erfaßt und ihre innersten
3112 2203 3224 2258 bund
2128 2227 3100 2273 Vorgänge so klar und auch so muthig bloßlegt, daß er das
3113 2246 3232 2302 Bün
1965 2235 3116 2313 i Ende Vorurtheil der Gegner niederzwingt, und zum Mindesten
3110 2291 3239 2351 einer
1968 2293 3104 2346 gedenkt fesselt, wo er nicht bekehren kann. Doch er will gar nicht
3117 2334 3227 2392 Jesu
1969 2343 3105 2392 der Be= bekehren, und darin eben liegt die Schwäche des
3120 2375 3231 2440 russe
1965 2369 3098 2434 ing der Märchens. Das mit so glänzender Beredsamkeit und
1968 2421 3096 2473 en sind überlegenem Geiste geführte Plaidoyer für die Er¬
2117 2450 3105 2506 hebung der gefallenen Frauen nimmt plötzlich eine
3105 2460 3211 2521 keit
1971 2489 3104 2538 en aber solche Wendung, daß, wie jener Klient seinem Ver¬
3107 2505 3245 2571 Pflich
1990 2531 3099 2589 Heute theidiger, die Verlorene des Stückes am besten thäte,
3101 2551 3228 2617 fall.)
1960 2561 3100 2621 but der ihrem Dichteranwalte zuzurufen: Um Gottes willen.
2123 2606 3105 2656 Herr Doktor, hören Sie auf, sonst bekomme ich fünf
3118 2629 3225 2690 v. H
1960 2633 3100 2691 chent= Jahre mehr. Wenn der Autor schon seine These in
1974 2670 3235 2734 kani= Stich läßt, so hätte er diese Treulosigkeit doch dra= Rad
1964 2718 3106 2778 n und matisch begründen, die Handlung so führen müssen,
3103 2723 3243 2786 Zentr
2126 2761 3107 2809 daß der Umschlag durch äußere Vorgänge verständlich
2134 2799 3102 2840 wird. Aber an die Stelle einer dramatischen Entwick¬
3106 2796 3255 2863 für zu
1958 2799 2119 2873 „Her¬
2122 2838 3099 2883 lung setzt Schnitzler das Wort, und das Wort allein,
3109 2857 3238 2907 fend
1966 2860 2107 2914 zens¬
2135 2875 3100 2924 sei es noch so geistvoll, kann der Bühne herab
3114 2897 3250 2948 samn
1968 2895 2112 2949 1 Saal¬
2133 2919 3094 2962 nicht wirken. Darum zerflattert auch das Märchen
1963 2937 2111 2985 2. Be¬
3109 2934 3257 2995 soeben
2134 2951 3096 2996 mit dem dritten Akte vollständig, trotzdem Fräulein
1953 2975 2115 3019 nie mit
2129 2989 3099 3040 Sandrock als Fanny eine künstlerische Glanzleistung
1951 3014 2113 3061 enkräfte
3113 3017 3245 3075 Abgeo
2125 3030 3095 3073 ersten Ranges bot. Auch der übrigen Darstellung läßt
1965 3050 2111 3120 trägniß
3106 3062 3252 3118 Platze
2132 3066 3102 3115 sich viel Gutes nachrühmen. Herr Nhil wußte an dem
2117 3106 3100 3157 zerfallenen Charakter des Fedor die wenigen sympathi¬
3105 3100 3257 3159 ruf die
1970 3121 2110 3196 schuß.
2129 3141 3096 3192 schen Seiten mit anerkennenswerthem Feinsinn voll
3110 3147 3254 3203 furcht.
2129 3187 3093 3227 auszuprägen, die Herren Kutschera und Giam¬
1982 3178 2112 3227 Wien
3107 3193 3249 3243 giösen
2024 3214 2118 3260 und
2121 3220 3094 3260 pietro boten als junge Wiener Lebemänner ein gar
1960 3225 2113 3302 daselbst
2130 3260 3093 3304 geradezu köstliches Genrebildchen, und die Herren
3103 3276 3271 3334 bekomm
1961 3291 2116 3344 schusses
2128 3283 3089 3335 Tewele, Meixner, Weisse, Eppens sowie
3157 3321 3281 3380 Dai
2125 3327 3097 3376 die Damen Berg, Gribl, Bock und Hell führten
2009 3329 2110 3379 frei¬
3106 3352 3262 3413 Nachder
1992 3365 2111 3428 dabei
2132 3370 3097 3411 ihre episodischen Rollen durchwegs mit schönem Erfolge
2116 3403 3093 3446 durch. Die Darsteller und die Direktion des Volks¬
3112 3405 3262 3456 (Freisin
2124 3449 3262 3512 theaters verdienen alles Lob für die Sorgsalt, die sie (Nation
1954 3431 2113 3504 njährige
2135 3481 3096 3527 an die Aufführung des zwar unfertigen, aber von be¬
3112 3493 3255 3549 rungse
1952 3493 2119 3546 zerstraße
2126 3520 3094 3565 deutendem Talente zeugenden Werkes eines jungen
1959 3530 2107 3582 Kranz“
3105 3535 3247 3583 des
2123 3565 3094 3609 Wiener Autors gewandt haben. Was Arthur Schnitzler
1960 3570 2119 3621 wurde,
3107 3570 3244 3631 Jest
1955 3600 3098 3648 r. Die heute noch nicht ganz ist, ein fertiger Bühnendichter,
3113 3617 3232 3670 mit 1
2117 3636 3098 3689 das wird er zweifellos werden, und dann wird es ihn
1953 3639 2113 3694 . Land¬
2127 3676 3095 3727 wohl auch nicht mehr schmerzen, wenn er von seinem
1954 3680 2119 3728 Abends
3097 3700 3198 3763 die
2124 3712 3085 3777 „Märchen“ wird sagen müssen: Es war einmal. Bz.
3097 3747 3218 3805 2 Ki
1989 3758 2133 3807 Pferd
1944 3758 1998 3800 e
2266 3772 2941 3845 Tristan und Isolde.
3106 3788 3215 3843 sinn
1948 3791 2122 3845 iber der
1954 3831 2135 3899 icke und
3089 3833 3204 3902 Ver
2354 3833 2872 3906 (Fünster Abend im Wagner=Cyclus.)
