3484 4256
290 125 1558 211 3. Das Maerchen box 7/2
462 182 926 251 A     e e e e e
885 753 1171 845 Unsittlich.
530 794 1612 880 Die Jury der Ausstellung von Aquarei, hat dem
442 885 1615 932 jungen Wiener Maler Josef Engelhart ein Bil fusirt. Sie
459 911 1609 967 betonte, daß es künstlerisch ohne Bedenken. Ta, oder Fehl,
456 949 1624 1030 ja das beste Werk sei, das noch ie dem eifrigen Künstler
461 999 1621 1066 geglückt. Aber sie bedauerte, daß sein Stoff nicht zulässig
452 1048 1343 1134 sei, weil er die guten Sitten verletzen könnte.
534 1090 1614 1146 Diese Entscheidung ist ein Documet, das bleiben wird.
455 1133 1614 1191 Ich finde sie sehr pfiffig von den Herren. Sie rechnen offenbar,
455 1188 1613 1248 durch diese Blamage unsterblich zu werden. Anders gelänge
466 1217 1620 1292 ihnen das doch nie. Ihre Werke verhüten es. Lver so wird
455 1268 1044 1336 man sich ihre Namen merken.
540 1291 1616 1366 Man kann aus diesem Falle Manches lernen. Erstens
452 1365 1623 1425 lehrt er, was unsittlich ist. Das Bild stellt eine nackte Schöne
467 1397 1619 1455 dar, die im Walde Früchte pflückt. Das gilt jetzt plötzlich für
467 1443 1626 1506 gemein. Die Herren würden auch Tizian, Correggio, Rubens
457 1490 1624 1544 refusiren. Es wird plötzlich eine wunderliche Sittlichkeit
470 1527 1617 1599 Mode. Alles scheint vertauscht. Wer aus gerechter Entrüstung
459 1572 1628 1629 ein kräftiges Wort holt, wird geächtet; aber geschmeidige
465 1625 1625 1681 Kitzler liederlicher Triebe sind gepriesen. Ueber die wüsten
464 1658 1628 1730 Zoten des „Mauerblümchen“ johlt man trunken; aber man
474 1711 1618 1770 schilt das „Märchen“, das eine dunkle Frage mit kräftiger
482 1748 1626 1813 Strenge verhändelt. Lüsterne Schmieragen speculativ pikanter
461 1795 1625 1856 Blätter sind in jedem Café; aber was immer die große
462 1846 1631 1894 Heil igung der Künstler war, die ehrfürchtige Freude am
459 1879 1622 1934 menschlichen Leibe, wird verpönt. Schön ist häßlich, falsch ist
458 1921 1578 2005 wahr, Alles wird verkehrt. Und die Künstler selber helfen.
554 1985 1626 2029 Dann kann man lernen, daß in Wien für die Wiener
470 2022 1627 2074 ein anderes Gesetz und ein anderes für die Fremden
461 2052 1630 2125 gilt. Dem Fremden wird Alles erlaubt, dem Wiener gar
469 2094 1625 2161 nichts. Herr Rochegrosse mag von Buhlerei erschöpfte Dirnen
472 2144 1629 2210 häufen — das findet man samos. Dem Heimischen wird kein
477 2208 1627 2262 „Act“*) gestattet. Aber dann wundern sich Manche, daß wir
467 2243 1630 2292 nur noch Möbel= Porzellan= und Invalidenmaler haben —
470 2286 1134 2351 alles Andere ist doch „unsittlich“!
574 2305 1625 2376 Und man kann lernen, was in Wien sich Künstler und
470 2376 1636 2420 Genossenschaft der Künstler nennt. Auch anderwärts ist bis¬
473 2405 1635 2476 weilen Schilda. Auch anderwärts hat man Goethe confiscirt
480 2464 1631 2514 und Canova verboten. Es lebe Düsseldorf und Creseld! Aber
484 2497 1625 2552 dort thut das irgend ein Staatsanwalt und Censor, der
470 2536 1640 2599 eben nichts als nur das bischen Verstand seines Amtes hat
546 2588 1635 2643 mein Gott, was kann man da verlangen? Hier sind es
477 2624 1636 2680 Leute, die sich Künstler nennen möchten. Diese Ehre, das
490 2681 1426 2726 Recht auf diesen stolzen Titel haben sie verwirkt.
579 2721 1642 2774 Ich bin ein guter Kerl und lasse alle Fünf gerade, be¬
488 2739 1648 2833 sonders in Wien. Aber ich möchte doch um etwas mehr
502 2801 1642 2864 Ordnung bitten. Man soll Jeden stellen, wohin er gehört.
495 2847 1644 2905 Und dann mag ich die falschen Meldungen nicht leiden. Die
492 2897 1644 2952 Zwetschke soll sich für keine Orange, Schnittlauch nicht für
483 2953 1638 2994 Caviar halten. Auch der Esel ist ein liebes Thier, wenn er
482 2980 1647 3032 nicht vergißt, daß er eben ein Esel ist. Alle Menschen
481 3021 1641 3086 taugen, wenn man sie in die rechte Rolle bringt. Aber sie
496 3063 1652 3148 schaden, wenn man ihnen Pflichten gibt, welchen sie nicht
490 3115 1655 3172 gewachsen sind. Als Maler schaden die Herren, welche die
496 3150 1649 3213 Genossenschaft der Künstler leiten, weil sie bekanntlich von
501 3202 1644 3265 Zeichnung und Farbe nichts ahnen. Aber sie beweisen jetzt,
502 3244 1647 3308 daß sie sich auf die Moral desto besser verstehen. So soll
498 3283 1641 3345 man ihnen bei der Polizei doch Stellen geben und soll die
501 3325 1647 3406 Sicherheitswache durch sie vermehren. Sie würden da sicherlich
497 3387 1646 3445 nützen, recht im Sinne der besten Tradition. Und die Kunst
489 3424 1256 3506 könnte kräftiger nicht gefördert werden.
1309 3437 1622 3538 Mepherl.
2125 170 3036 329 „Cheatet, Kunst, Schristhum.
2126 248 3087 409 Tensches Bolhiheter, Gin mnner an.
2106 289 3084 441 An un van iei der ein tntenicher einnag,.
2092 363 3076 503 dn u in Keuschen Volkohenter anspesumn,
2076 387 3067 534 Wo0 vll. Nah den Kontniers Mrunentgal.
2070 434 2489 531 und Kadelburg
2540 494 3075 579 ein Dilettant mit einem
2073 497 3078 635 w00 winsigen Lanhen! Her- Aerseihe i9d
2071 528 3079 685 en don 2. Uhr Schniglen, dem emigel
2060 582 3061 745 800, wie ar Gat als der Fiher ingn Aegliche.
2001 738 2964 819 * Praxis die nöthigen Mußestunden abkargte, un
2060 774 3059 878 Schweiße seines Angesichtes den Lorbeerwald der
2075 848 3060 907 „Modernsten“ zu entblättern, und zwar mit einem
2072 899 3060 952 Schauspiele, das aus unterschiedlichen Dramen von
1976 934 2047 1003 11I8
2065 948 3068 999 Ibsen, Dumas und Sardou zusammenge¬
2065 996 3070 1042 schnitzelt ist und ein Protest sein soll gegen die
2047 1038 3070 1102 söffentliche Moral, vie es der männlichen Welt ver¬
2057 1090 3064 1150 bietet, gefallene Schauspielerinnen durch die Ehe
2057 1132 3073 1185 emporzuheben und der Tugend wieder zurückzugeben.
2059 1190 3070 1239 Das dreiaktige Schauspiel Schnitzler's, das an
1983 1205 2049 1253 ust
2060 1232 3073 1285 Langweiligkeit nichts zu wünschen übrig läßt und
1978 1244 2058 1288 der
1982 1283 2052 1332 zal
2066 1271 3073 1343 gestern trotz der Beifallspenden von Schnitzler's
1980 1324 2056 1377 ng
2062 1335 3063 1392 zahlreich erschienenen Berufscollegen abgelehnt wurde,
1983 1367 2045 1412 der
2061 1391 3074 1438 nennt sich „Das Märchen“ und dreht sich um
1979 1398 2057 1446 id¬
2055 1423 3080 1485 eine Liebesgeschichte der gefallenen Schauspielerin
1981 1433 2049 1488 8.
1977 1479 2045 1526 rn
2063 1474 3074 1525 Fanny Theren mit dem Schriftsteller Fedor Denner,
1977 1518 3076 1595 der der sich mit Pathos zum Anwalt der gefallenen
1978 1568 3079 1639 ze. Mädchen aufwirft und schließlich, als es gilt, seine
2068 1620 3080 1675 modernen Theorien in die Praxis umzusetzen, seine
1976 1638 2048 1678 en
2061 1667 3067 1725 zweimal gefallene Geliebte verläßt. Nach siegreicher
2069 1719 3082 1775 Ueberwindung der Gewissensbisse, mit denen er drei
2068 1761 3074 1817 Akte lang sich, seine Geliebte und das Publikum ab¬
2065 1811 3071 1870 gequält hat, zieht er von dannen wie ein Henker,
1984 1825 2060 1875 zift
1992 1865 2053 1919 ub
2060 1859 3076 1925 der einen Unschuldigen um einer That willen köpft,
2047 1907 3079 1986 die er selbst begangen hat, und der nach einigen
2050 1953 3077 2030 unruhigen Stunden der Ueberlegung schließlich ruhig
2060 2012 3073 2067 schlafen geht, indem er sich sagt, die gesellschaftliche
2057 2062 3076 2116 Moral, die er doch selb“ ein „Märchen“ nennt,
2056 2099 2581 2165 hätte ihn beauftragt, an
2619 2097 3071 2158 # armen Sünder das
1969 2112 2046 2165 on
2065 2152 3075 2213 Urtheil zu vollstrecken. Offen gestanden ist das so
1969 2192 2033 2245 ike
2065 2204 3072 2251 elend, so feig, so unwahr, daß Einen vor einem
1980 2231 2055 2286 zu
2068 2246 3068 2306 solchen Helden ekelt. Wenn man solche Thesen drama¬
1963 2286 3082 2376 den tisch behandelt, um Wandel in der konventionellen
1963 2335 3083 2403 um Moral zu schaffen oder um unbegründete Vorurtheile
1978 2401 3060 2453 be= zu beseitigen, dann gilt es so oder so, entweder —
1970 2435 3080 2500 henoder! Entweder hat die gefallene Schauspielerin durch
2049 2487 3078 2539 ihre Liebe zu Fedor Denner wirklich die verlorene
1973 2524 2050 2573 eute
2074 2538 3075 2597 Tugend und Keuschheit wieder erlangt, und sie steht
1957 2550 2074 2620 iten
1965 2578 3069 2642 genfrein und verehrungswürdig, enn schon nicht vor der
2066 2624 3076 2690 Gesellschaft, so doch vor Dam da, der sie aus Liebe
1970 2677 3074 2725 frä- heirathen und retten will. Fedor Denner will seine
1957 2734 3076 2787 ur- Geliebte zwar heiraten, klagt sie aber zugleich als
1971 2770 3079 2841 Le. Anwalt der öffentlichen Moral an. O, Schnitzler,
1970 2825 3080 2885 den welch' ein Schnitzer! Fedor Deuner hatte kein
2043 2854 3084 2932 Recht, das zu verlangen, was die öffentliche Moral,
1966 2917 3075 2980 ber-die er doch verwirft, verlangt. Er mußte angesichts
1962 2963 3075 3021 Nio der Qualen, die er seiner armen Geliebten bereitet,
1959 3017 3079 3073 an“ den stummen Auftrag, den ihm die übliche Moral
1962 3049 3067 3134 ikelgegeben, von sich werfen und sein Henkeramt zu ver¬
1961 3114 3070 3158 troß walten sich weigern! That er das aber nicht, so war
1958 3144 2062 3188 iden
1965 3153 3078 3208 dasjer noch elender als Jene, die er verläßt, oder aber
1957 3202 3078 3277 elche ein erbärmlicher Dummkopf, der sich, um besser wie
2054 3247 3071 3316 seine Mitwelt zu erscheinen, mit der Gloriole eines
1976 3289 2061 3346 der
2066 3309 3079 3362 Tugendretters umgibt, und der Dramatiker hatte ihn
1968 3337 2063 3384 ral¬
1972 3347 3087 3424 Be. fals solchen zu kennzeichnen. Oder aber: die öffentliche
1973 3393 3078 3467 der Moral hatte Recht, dann durfte der empörte Lieb¬
1966 3447 3084 3501 eim haber die gefallene Schauspielerin ohne sonderliche
2065 3495 3078 3556 Gewissensbisse verlassen und ihrem Schicksale preis¬
1969 3504 2059 3580 der
2049 3534 3072 3608 geben. Schnitzler that aber weder das Eine noch das
1944 3585 3068 3659 awer Andere. Ee drückt beiden feindlichen Gewalten ver¬
1954 3653 3072 3703 isen stohlen und lügnerisch die Hand, erkühnt sich aber
1962 3697 3069 3753 tur trotzdem, sich den Anschein zu geben, als hätte er
1952 3730 3021 3796 volle weiß Gott was im Dienste der Wahrheitg
1957 3785 3069 3849 racht leistet. Die Figuren, die Schnitzler auf die Bühne
1954 3806 2058 3861 hres¬
2074 3834 3069 3893 stellte sollen dem Wiener Leben entnommen
1944 3852 2056 3910 le in
2059 3880 3075 3932 sein. Sie sind aber nichts Anderes als Produkte
1951 3932 3067 3988 ltene eines verbrannten irns und entstammen der
1956 3957 3072 4042 Beise wüsten, zermarferten Pyu asie eines im Grunde phan¬
1953 4010 2059 4062 Igio¬
2074 4019 3070 4075 tasielosen Mannes, der zu dem Ruhme, de. Sohn
1956 4053 2055 4099 Die
2073 4071 3070 4132 eines „berühmten“ Arttes zu sein, um jeden Preis
1941 4088 2053 4150 fsent¬
2064 4107 3070 4164 noch den Ruhm eines modernen Dichters ergattern
