3436 4352
421 201 1024 281 Das Maerchen
1092 201 1538 310 box 7/2
258 205 1025 332 3. uus Rachcnen
1810 955 2618 1037 —Soneten OKnursichliicher.—-
164 989 2983 1102 runnieg, deelichten gewesen! Wie sagt der gepreute Teuser im „Faust“: wenigstens aus einer Rede des Abgeordneten Dr. Ebenhoch
1688 1061 2983 1153 geschlossen werden, in welcher er unter Anderem sagte: „Die
161 1090 1329 1169 chwüle eines Ein großer Aufwand, unnütz, ist verthan.
555 1142 2990 1195 Man hat eben wieder einmal gesehen, was man längst liberale Partei möchte gerne den Grafen Badeni zum Kampfe
170 1143 484 1218 Schatten das
167 1197 2986 1282 huscht, welche weiß, daß die Franzosen nämlich für überseeische Unternehmungen gegen die sogenannten radicalen Elemente aneifern, worunter sie
179 1204 2983 1299 gleich, nicht so wenig Geschick wie Glück haben. Sie lieben sie, genau so natürlich nur die Christlch=Socialen versteht. In einem solchen
168 1249 2997 1356 Kraft, fraßen wie das Werkzeug dazu, ihre Marine, ohne daß sich diese doch Kampfe würde er uns wohl nicht an seiner Seite finden können;
2781 1308 2993 1376 nndnrmmen
2279 1314 2622 1375 S
1141 1339 1325 1403 Sn Meaken
548 1345 3003 1448 Das Zuhause nun, aus welchem Schnitzler seine Heldinnen Genau so muß man ein keimendes Empfinden in sich gläubig
431 1398 3006 1528 nimmt, ist die Vorstadt. Niedrige Häuser; weite Höfe, auf denen reisen lassen. Dessen ist Anatol nicht mehr fähig. Er ist nervös:
450 1467 2997 1556 noch hie und da Bäume stehen und einen Garten lügen. Enge ist müde und dabei von der Unersättlichkeit der Erschlafften und
438 1542 2999 1612 und kurzathmige Gassen führen zum Flusse, der, von Bäumen dabei immer noch Erregbaren. Eine gewisse Aehnlichkeit mit dem
168 1599 3001 1666 Burgtheaters! umsäumt, in tiesem Einschnitt ein schmutziges und dürftiges Wasser Don Jnan-Typus fällt sofort auf. Die ganze Weltbildung
172 1647 2995 1708 k das alte und dahinführt; lange Häuserzeilen deuten aufs Grüne, auf die Land= unserer Gesellschaft und besonders der Franzosen hat er in sich
177 1646 3005 1761 ir, dem sich vor luft. Die Verhältnisse sind einfach und durchsichtig; fast dörflich aufgenommen. Und dreierlei springt dabei in die Augen: einmal
158 1694 2997 1807 Eten aufgethan inmitten der Großstadt. Die Töchter sind übel behütet; nicht so hat Anatol keinen Familiennamen — denn er heißt nun so, nun
154 1747 2998 1871 Echnitzler aber leichtfertig, als leicht gewährend. Auf ihrem Grund leben sie, in anders; dann ist er ein bischen geziert, wie Jeder, der sich selber
1714 1798 3002 1876 so wichtig ist, daß ihm selbst an der Art, wie er sich gibt und
166 1807 1729 1913 irt dieser Stadt der Stadt gehen sie ihrem Berufe und ihren Abenteuern nach.
172 1840 3008 1927 Er dankt sein Kommen vornehmere Gäste zu ihnen, dann lockt sie die Schönheit äußert, sehr viel gelegen ist; endlich aber — Anatol hat keinen
181 1937 3000 1997 bei uns. Es der Mädchen. Das Verhältniß aber bleibt immer das zwischen Beruf. Die Weiber bei Schnitzler haben mindestens zum Schein
171 1943 3000 2057 bei uns, wo zwei Kasten. Vermischung ist möglich, Vereinigung nicht. Sie ist einen Erwerb; seine Männer haben das Gottlob nicht einmal
174 2011 1995 2071 Bedeutendsten in der Regel auch nicht einmal in der Absicht der Betheiligten; nöthig....
1828 2035 3003 2138 In die Seelenzustände dieser seiner eigensten Schöpfung
179 2057 1740 2156 die Sache der und wenn im Manne einmal doch ein solcher Wunsch auftaucht,
1710 2106 3002 2176 nun vertieft sich Schnitzler mit aller Hingebung. Er bespäht sie
182 2110 1730 2201 man besprach so erstickt ihn die Vernunft oder die Erkenntniß der Unmöglich¬
200 2153 3011 2246 man ahmte keit. Das gibt dann eben einen schmerzlichen Riß, der allerdings unablässig und es gelingt ihm, dies unablässige Schillern, dies
459 2200 3002 2285 niemals den Eindruck des Unheilbaren macht. Am erschöpsendsten Gaukeln und Schwanken wiederzugeben, Seelenregungen anzudeuten,
166 2249 3012 2352 leichem Wollen sind diese Zustände behandelt im „Märchen“; und hier trägt die die man vor ihm nicht einmal gekannt hat. Er müht sich mit
158 2289 3004 2408 der fielen ab, Heldin die Gewähr der Genesung in sich. Denn sie ist eine dem Fleiße des echten Künstlers, seine Sprache immer noch ein¬
1721 2356 2998 2422 dringlicher und dabei schlichter zu gestalten. Ursprünglich merkte
176 2343 1733 2441 der Eine in Kinstlerin; und wie sie hre Begabung am Schlusse des Stückes
1722 2398 3003 2471 man da noch die Vorbilder. Das ist schon in „Sterben“ gänzlich
162 2394 1726 2497 Hournalistik, die hinaushebt über die Enge, in der sie verdumpft ist, in die
1724 2445 3001 2516 überwunden. Da geleitet er Anatol zu Grabe. Man denke, dieser
148 2434 1729 2558 eren Aufgaben weite Welt, so wird sie ihr auch über ihr Leid hinweg¬
1725 2494 3006 2568 Mann, dessen Lebenszweck eigentlich der Genuß war und sein mußte,
145 2514 634 2604 ürbt; Andere heisen.
1721 2544 3013 2623 ist von unheilbarem Siechthum heimgesucht. Er ist schwindsüchtig
575 2518 1468 2608 Schnitzler's Männertypus aber heißt Anatol.
162 2575 483 2652 nd vergaßen so
568 2596 3006 2659 Bezeichnend ist hier schon die Wahl des Namens. Anatol und ohne Rettung verloren und Schnitzler läßt uns nun sehen,
185 2626 500 2698 Verzicht auf
1726 2637 3004 2707 wie er seinen Weg zu Ende taumelt. Frauengunst, an der es
149 2649 1739 2742 durch; getragen ist französisch; und so bekennt denn der Dichter offen den Ein¬
159 2691 3009 2785 Harren. Und er fluß, der am mächtigsten auf ihn gewirkt. Weil aber die Wiener ihm und seines Gleichen niemals gemangelt, verklärt und besonnt
167 2726 3007 2831 t man's nach= Lebewelt mit der von Paris noch das Meiste gemeinsam hat, so auch dies letzte Stündchen seines Pfades. Nun flammt eine Hoff¬
1714 2781 3010 2871 nung auf, nun verlischt sie; mitten im Verzagen erwacht auf's
151 2806 1485 2883 der ein jugend= beirrt und schädigt diese Anlehnung durchaus nicht.
574 2839 2998 2916 Anatol ist der moderne Lebemann. Er ist ein wenig Neue die Begehrlichkeit Die Eifersucht des Wehrlosen, der um
163 2863 499 2933 So scheint denn
484 2884 3014 2980 spöttisch, ein wenig blasirt. Aber die Gefühle sind doch in ihm, das Weib seiner Neigung nicht mehr kämpfen kann, spricht in
183 2921 484 2991 ei uns immer
470 2924 3014 3026 wenn er sie sich gleich durch Grübeln darüber stört und manchmal seiner Seele; sie steigert sich bis zum Wunsche, das blühende Leben
150 2964 489 3040 lung... Denn
159 2973 3017 3088 en Erscheinungen selbst zerstört. Man kennt den Volksaberglauben: ein Leben, das neben sich lieber vernichtet zu sehen, als daß sich ein Anderer
461 3023 3019 3149 im Schoße der Mutter sich regt, kann „besprochen werden“. daran erfreuen durfe, wenn Alles vorüber sein wird. Mit un¬
