3436 4256
853 182 1433 273 Neues Wiener Journal
1857 193 2252 285 3. April 1894
2720 201 2968 291 Seite 5
420 259 3031 383 wie gehilfen wurden wieder enthaftet, einer namens Anton Gris= geschobene Posten war. Es ist unwahr, daß Fräulein Sandrock seit
377 317 1272 404 hausesbach jedoch in Haft behalten.
1756 345 2527 414 geraumer Zeit systematisch chikanirt wird.
375 352 524 420 vurde
613 363 1768 455 Zur Stunde, da wir dies schreiben, sind sämmtliche Werth¬
381 402 519 468 haus,
1850 383 3021 458 Es ist unwahr, daß „von Oben“ die Parole ausgegeben wird.
491 424 1767 484 papiere bis auf die ungarischen Kronenrenten zu 1000 Kronen
1854 447 3022 512 Es ist unwahr, daß man Fräulein Sandrock überhaupt oder in
506 481 1756 546 Nr. 55.234 und Nr. 55.242 bereits aufgebracht und gelang es
1752 458 3026 574 der kleinlichsten Weise insultiren lasse. Hochachtungsvoll noe Emerich
398 483 525 556 Zeit
503 526 1750 585 auch schon dem Commissär, die 76jährige Theresia Wunsch und
397 534 510 585 t Be¬
1747 534 2093 595 v. Bukovics:
2459 547 2989 606 Dr. Heinrich Loewy.
415 576 1770 616 cta= den Drechslergehilfen Anton Grisbach trotz ihres geradezu ver¬
1848 561 3023 655 Die Direction des Deutschen Volkstheaters scheint guter Laune
374 607 513 666 jebene
516 617 1753 682 stockten Leugnens der Thäterschaft zu überweisen. Jedenfalls
1753 611 3026 695 zu sein und mißbraucht die Bestimmungen des Preßgesetzes zu
363 649 508 703 iger
504 667 1757 734 wird es nur mehr einige Stunden dauern und es werden auch noch
362 679 510 748 hr im
1754 679 3033 750 kindlichen Scherzen. Sie spricht von Unwahrheiten und ist in ihren
364 731 1749 785 en er die fehlenden 2000 Kronen zustande gebracht werden. Die Behörde
1757 729 3020 803 Berichtigungen unwahr. In der vorgestrigen Stilübung des Deutschen
370 771 1765 833 ger's hat mit glänzendem Erfolge gearbeitet und Herr Dr. Bittner hat
1746 769 3026 841 Volkstheaters wurde zum Beispiel Arthur Schnitzler's
370 802 512 855 itende
506 807 1756 896 durch seltene Energie einem blutarmen Menschen die glückliche
1758 822 3022 896 „Märchen“ als eines der Stücke angeführt, deren Haupt¬
371 850 514 911 perrt.
518 859 874 939 Erbschaft gerettet.
1738 871 3024 925 rolle für Fräulein Sandrock geschrieben
361 892 516 955 1 pro¬
1753 927 3033 1013 [Burde. Dieses Phantasiegebilde der Direction wird wiederlegt durch
938 911 1337 997 Mühlenbrand.
368 945 519 995 rende
1748 975 2272 1049 die nachfolgende Zuschrift:
366 978 532 1048 en er¬
611 982 1766 1058 Wiener=Neustadt, 2. April. (Priv.=Tel.) Heute Nachmittags
367 1011 515 1070 ößten
2508 992 2989 1098 Wien, 1. April 1894.
500 1006 1767 1105 brannte die sogenannte Kotzenmühle in Hof bei Wr=Neustadt, welche
370 1065 509 1107 immt
1982 1037 2781 1119 Sehr gehrter Herr Redacteur!
509 1085 1772 1156 Eigenthum der Firma Seidl's Erben ist, total nieder. Der Schaden
1854 1098 3010 1179 Auf die in der Zuschrift des Dr. Heinrich Löwy enthaltene Be¬
395 990 513 1187 i1
505 1132 3022 1232 beträgt über dreißigtausend Gulden. Es wird eine Brandlegung, merkung, daß Fräulein Sandrock in mehreren Stücken beschäftigt war,
369 1149 738 1256 Com= vermuthet.
1724 1203 3027 1279 [deren weibliche Hauptrollen von den Autoren
361 1214 517 1287 dieses
739 1205 1559 1299 Selbstmord eines Verurtheilten.
1738 1251 3014 1322 speciell für Fräulein Sandrock geschrieben wurden
604 1260 3031 1398 Prag, 2. April. Der im „Omladina“=Processesso im „Märchen“ von Schnitzler 2c., erlaube ich mir Folgendes zu
495 1307 1966 1422 zu vierzehnmonatlicher Kerkerstrafe verurtheilte 18jährige erwidern.
501 1370 1774 1446 Schneidergehilfe Jaromir Hlad stürzte sich aus einem
1848 1388 3013 1468 Das „Märchen“ ist im December 1891 vom Berliner Lessing.
497 1418 3017 1487 [Fenster seiner im zweiten Stockwerke gelegenen Woh= Theater angenommen und erst im Sommer 1893, also um etwa ein
353 1460 1761 1558 tal“.) nung auf dem Wenzelsplatze in den ersten Stock herab. Er erlitt
1745 1494 3018 1568 und einhalb Jahre später, dem Deutschen Volkstheater überreicht
512 1521 1151 1595 schwere Verletzungen.
354 1517 522 1591 fahren
1746 1545 3016 1603 werden, was der löblichen Direction sehr gut bekannt sein mußte, da
348 1574 519 1640 vohnte
618 1568 1652 1658 Kampf zwischen Soldaten und Civilisten.
1736 1583 3026 1646 ich Herrn v. Bukovics gegenüber ausdrücklich davon Erwähnung
348 1630 517 1688 te mit
610 1630 3011 1686 Laibach, 2. April. Gestern Nachmittags 5 Uhr fand vor dem machte, und dieser den für mich sehr schmeichelhaften Wunsch aus¬
352 1669 511 1739 esia
501 1682 3017 1763 Gasthause des Jakob Terpinz in Laibach, Triesterstraße, ein Exceß sprach, das Stück vor dem Lessing=Theater zur Aufführung zu
366 1725 511 1795 sogar
499 1741 3025 1806 zwischen Soldaten des 27. Insanterie=Regiments und Civi= bringen. So glücklich ich nun auch in dem gegebenen Falle war, daß
363 1766 502 1836 1, Um¬
507 1784 3016 1852 listen statt. Ein Soldat wurde schwer, ein anderer die Hauptrolle von einer so ausgezeichneten Künstlerin wie Fräulein
358 1823 510 1884 seiner
511 1830 3017 1903 leicht verletzt. Ein Arbeiter und ein Knecht wurden Sandrock dargestellt wurde, so muß ich doch die in der Zuschrift des
341 1858 506 1930 egerin,
508 1885 3020 1955 ebenfalls schwer verletzt. Die Ursache des Conflicts ist noch nicht Herrn Dr. Heinrich Löwy klar enthaltene Zumuthung, als wenn es
345 1904 514 2000 Kinder
508 1926 728 1995 festgestellt.
1723 1946 3032 2007 meine Sache wäre, bei Abfassung eines Stückes an Rollen für
835 1939 1415 2036 Eine Raubmörderin.
1750 1979 2961 2072 bestimmte Schauspieler zu denken, aufs Entschiedenste zurückweisen.
343 1992 527 2088 Dachs¬
586 2012 1756 2097 Zeitz, 2. April. (Priv.=Tel.) In Kayna wurde ein Raub¬
2188 2036 2543 2112 Hochachtungsvoll
342 2080 1776 2141 id den mord in der Wohnung der Höckerin Höfer verübt. Die Frau
2324 2067 2986 2153 Dr. Arthur Schnitzler.
356 2118 1777 2192 onsta= wurde getödtet, die Magd lebensgefährlich verwundet.
369 2172 1770 2257 einer Als verdächtig wurde eine gewisse Caroline Fritzsche
2114 2165 2611 2255 „Auf Theilung.“
357 2211 703 2274 in der verhaftet.
1976 2216 2765 2303 (Das Ende der Direction Giesrau.)
347 2259 522 2332 beim
1851 2269 3022 2362 Im Theater in der Josefstadt wird seit gestern nur
355 2307 531 2384 ich ein
785 2223 1461 2412 Preioräse Nr. 18.
1719 2328 3019 2415 mehr nominell unter der Firma der bisherigen Direction gespielt.
367 2358 527 2418 Herr
1722 2391 3005 2451 Director Giesrau, der sich die ganze Saison über nur schwer über
357 2401 536 2478 bruck,
918 2398 1334 2496 Räthsel.
1727 2430 3000 2490 Wasser gehalten, erklärte sich gestern Abends, nachdem die Sonntags¬
351 2454 545 2537 phisch
1740 2482 3007 2532 einnahme über alle Maßen schlecht war (im Parterre sollen blos
716 2455 1401 2540 Mit vier Zeichen, im Frankenland,
730 2530 1418 2589 War einst ein Bündniß so genannt;
1725 2529 3011 2591 26 Sperrsitze verkauft gewesen sein!) außer # de, weitere Zuschüsse
363 2525 524 2628 ier,
717 2563 1385 2621 Verdreh' jetzt dieses Wörtchen hier,
1727 2584 3013 2640 zu leisten. Die ersten Mitglieder, denen der Director die Sachlage
723 2600 1349 2680 Bist Du's — ich gratulire Dir.
366 2597 535 2677 nger
1734 2626 3007 2681 klarlegte, waren im ersten Augenblicke betroffen. Vertragsmäßig sollten
353 2650 512 2729 1 und
610 2676 3007 2732 Aus der Reihe der richtigen Einsendungen wird behufs Preis= sie noch bis 30. April in Gage stehen. Gestern Abends erfuhren sie,
497 2719 3013 2762 zuerkennung eine ausgelost Der Gewinner, dessen Name veröffent= daß Director Giesrau bereits die behördliche Erlaubniß habe, schon
354 2747 3008 2797 ischen licht wird, erhält einen Preis von zehn Kronen. — Nur solche am 15. April das Theater zu schließen, und während de. Vor¬
355 2799 3019 2891 Wal= Lösungen, welche auf Correspondenzkarten geschrieben sind und bis stellung wurde ihnen die obenerwähnte, deprimirende Mittheilung
498 2834 1762 2901 Mittags des nächstfolgenden Tages einlaufen, können beachtet werden.
344 2844 509 2907 Dieser
498 2859 1926 2950 Die Anflösungen sind an die Redactien zu adressiren, können aber gemacht.
348 2905 1743 2976 rdacht auch in unseren Filialen hinterlegt werden. Die Lösung des Preis¬
1832 2891 3003 2986 Im Anschlusse an diese Eröffnung erklärte Herr Giesrau, daß
370 2949 1745 3023 wach räthsels Nr. 137 und die Nennung des Preisgewinners erfolgt in der
1735 2962 3008 3027 er sein ganzes Geld zugesetzt habe. Er könne nur noch über 2000 fl.
355 2979 922 3063 ut die Mittwoch=Nummer.
1722 3003 3012 3086 verfügen, welche als Caution bei der Gasgesellschaft erliegen. So weit
352 3040 514 3119 en im
1732 3054 3005 3125 die Gesellschaft sich nicht für die aufgelaufene Gasrechnung schadlos
598 3053 1729 3137 Der Preis von zehn Kronen für das Preisräthsel
1745 3111 2969 3176 halten werde, sielle er das Geld den Mitgliedern zur Verfügung.
483 3085 1740 3185 Nr. 136 ist an die Gewinnerin Frau Julie v. Milan, Wien,
348 3128 507 3200 malen
498 3158 1617 3237 18. Bez., Kreutzgasse Nr. 10, Thür 4, gesendet worden. —
1647 3164 1747 3237 Die
1840 3158 3005 3216 Die Schauspieler einigten sich nach kurzer Besprechung dahin,
359 3184 511 3249 alten
497 3187 852 3266 Auflösung lautet:
1725 3203 3008 3266 daß sie in Würdigung der traurigen Umstände, unter denen Herr
357 3225 514 3316 am er
960 3220 1283 3291 Eris — Sire.
1725 3251 2988 3320 Giesrau vorzeitig abdiciren müsse, ihn jeder weiteren Ver¬
1004 3276 1108 3340 kPsuh
344 3283 522 3352 nachte,
1707 3286 2994 3378 pflichtung entheben. So erwünscht es ihnen wäre unter
331 3335 509 3401 eFrau
1698 3359 3005 3428 solchen Verhältnissen sosort die Vorstellungen einzustellen, ziehen sie
687 3338 1566 3455 Theater und Kunst.
336 3385 508 3443 sie aus
1728 3400 3001 3468 ses vor, bis 15. April, eventuell bis 30. April die Vorstellungen unter
343 3432 519 3510 rohend
1726 3447 2992 3500 folgenden Umständen fortzusetzen: Es werden von den laufenden Ein¬
828 3449 1420 3556 Der Fall Sandrock.
366 3482 520 3558 beim
1716 3484 3009 3561 nahmen zu allererst die technischen Arbeiter und
598 3503 1747 3603 Die Direction des Deutschen Volkstyeuiers
1733 3541 3003 3608 [Choristen voll bezahlt. Ergibt sich ein weiterer Ueberschuß, ierden
334 3565 500 3638 saiorte,
492 3583 2995 3653 sendet uns neuerlich eine Berichtigung, der wir, im Sinne des Preß= die Schauspieler, und zwar von den mit den kleinsten Gagen Be¬
328 3613 501 3691 ten sich
497 3632 1741 3700 gesetzes, Aufnahme gewähren müssen. Diese Berichtigung lautet: „Löb¬
1732 3639 3005 3711 dachten aufwärts steigend, bezahlt. Erst wenn die Einnahmen weitere
331 3670 509 3739 nußten
495 3682 1732 3745 liche Redaction! Die Direction des Deutschen Volkstheaters ist neuer¬
1737 3690 3003 3768 Ueberschüsse ergeben, sollen auch die zweiten und ersten Mitglieder
337 3734 1738 3792 id das lich genöthigt, Sie infolge der in Ihrer Zeitschrift vom 31. März 1894
1730 3745 2999 3818 Theilzahlungen erhalten. Mit der Führung der Geschäfte wurde ein
335 3775 1743 3847 iusch Nr. 155, unter der „Rubrik: „Theater und Kunst", „Hinter den
1736 3786 2989 3845 aus den ersten Mitgliedern des Theaters bestehendes Comité betraut.
481 3808 1727 3904 Coulissen“ angeführten Behauptungen unier Hinweis auf § 19 Preß¬
1741 3836 3004 3902 Die Mitglieder sind entschlossen, falls die Einnahmen nur halbwegs
330 3862 1392 3938 it. Es gesetz um nachstehende Berichtigung zu ersuchen:
1721 3882 2991 3948 die Bedürfnisse (nach dem erwähnten Schlüssel) decken, die bei der
344 3918 506 3978 echs¬
602 3922 2990 4007 Es ist unwahr, daß die Direction Fräulein Sandrock los Gasgesellschaft erliegende Caution nicht anzugreifen, sondern Herrn
337 3973 2143 4024 chsler= werden möchte. Es ist unwahr, daß Herr Kadelburg nur der vor= Giesrau zu belassen.
936 4014 1110 4070 WEEI
334 4049 454 4129 200
605 4065 1565 4126 „Nein, das nicht,“ murmelte Neumüller, „aber -
1706 3994 2999 4137 Gen. ich fuhte nicht die Anst bat. Der strnge Bick den
608 4107 1621 4150 Welches Aber kann es aeben?““ fuhr das ####
