3436 4256
288 125 1025 215 3. Das Maerchen
449 175 1041 246 D C  e ee aeae uen 2 an
1172 115 1551 216 box 7/2
1598 843 1871 931 Ein Märchen.
2297 857 2416 934 369
1045 916 2417 1010 auch gar keine jungen Mädchen aus der Gesellschaft, die sich da kompromittirten,
1057 996 2422 1063 sondern dienende, denen Niemand nachfragte, ob sie reinlich und zweifelsohne
1053 1044 2416 1100 waren. Max Halbe hat so ein Drama geschrieben, das „Freie Liebe“ hieß.
1051 1090 2430 1156 Aber mir scheint, daß da der Accent ganz mit Unrecht auf Liebe gelegt ist.
1052 1122 2423 1190 Freier Hausstand hätte eigentlich viel besser den Temperaturgrad zwischen den
1041 1175 1573 1241 beiden Leutchen ausgedrückt.
1148 1223 2430 1275 Und die Frage wanderte weiter und sie kam nach Wien, ganz unberupst
1050 1259 2424 1344 von ihrem Theorienschmuck. Herman Bahr hat sie oft behandelt, aber leicht¬
1049 1320 2427 1368 sinnig. Das hieß nun aber gleich das Ganze verschütten. Darum that auch
1039 1369 2424 1430 Niemand, als hörte er auf ihn. In der Behandlung eines so tief ethischen
1049 1415 2419 1479 Probiems darf auch nicht die leiseste Frivolität hervorschimmern, wenn nicht
1044 1464 2416 1526 Alles verdorben werden soll. Eher schon eine größere Dosis Pedanterie, Das
1044 1512 2424 1577 schadet einer solchen Sache gar nichts. Die freie Liebe ist nicht zum Spaß
1039 1563 2412 1610 da; sie ist ein „sittliches Prinzip“. So hat auch Max Halbe sie verstanden.
1049 1606 2431 1656 Es galt, eine reinliche Scheidung vorzunehmen zwischen jenen schwächeren
1037 1644 2422 1715 Naturen, die die freie Liebe schon möchten, und jenen energischen Thecretikern,
1045 1700 2418 1752 die sie auch praktisch anschaulich machen. Max Halbe hat den nüchternen Blick
1041 1740 2417 1792 des Ostpreußen auf Menschen und Dinge, er verfliegi sich nicht ins romantische
1046 1793 2415 1842 Land, er bleibt auf dem Boden der trivialen Wirklichkeit. Und wie es in der
1046 1834 2423 1900 Wirklichkeit auch zu sein pflegt: die schwächeren Naturen sind ganz unterhaltende
1036 1887 2425 1944 Leutchen, der sattelfeste Theoretiker aber und deis freie Mädchen seiner Wahl,
1038 1930 2416 1977 Das sind Leute, die aus Prinzip langweilig wären, wenn es ihnen nicht schon
1045 1980 2418 2037 # Natur bescheert wäre, so zu sein. Max Halbe hat Das so im Leben ge¬
1046 2027 2409 2096 funden und als gewissenhafter Naturalist in seinem Stück wiedergespiegelt. Als
1043 2072 2414 2123 sich dann eines Tages der Schutzmann einfindet, um sich nach den Beziehungen
1037 2120 2406 2158 des Paares zu einander zu erkundigen, da sagt der Doktrinär der persönlichen
1030 2167 2412 2226 Freiheit: Jetzt heirathen wir erst recht nicht. Es wäre unmoralisch. Wir sind
1044 2223 2417 2281 allerdings durch Temperament und Bequemlichkeit so verheirathet wie möglich,
1035 2263 2409 2308 aber aus Prinzip sind wir freie Menschen; wir wandern aus! Wenn die
1044 2306 2407 2356 Polizei wieder kommt, findet sie nur ein leeres Rest. Dieses Stück ist doch
1042 2358 2404 2415 durch die Neigung des Norddeutschen zur Abstraktion mehr eine ehtische Syn¬
1032 2404 2415 2452 these. Im Leben lassen es auch die reinlichsten Theoretiker nicht ganz so weit
1038 2450 2416 2501 kommen. Sie heirathen die Jungfrau, mit der sie „gegangen“ sind, nach einer
1040 2500 2415 2560 kürzeren oder längeren Probezeit. Es werden meist die friedlichsten Ehen.
1034 2541 2410 2585 Der Gatte ist kein Phantast; er verlangt nicht zu viel, weder von der Ver¬
1036 2591 2399 2655 gangenheit noch von der Gegenwart, und da Kindersegen meist prinzipiell, in
1035 2637 2413 2680 Anbetracht der schlechten Zeiten und der Verantwortlichkeiten der Erziehung,
1037 2682 2407 2731 ausgeschlossen ist, so kann die Theorie nicht einmal für die Gesellschaft ge¬
1031 2732 2099 2800 fährlich werden, da sie mit ihren Erzeugern wieder ausstirbt.
1145 2773 2441 2841 So stand die Frage, als sie nach Wien kam. Im Norden war sie unter
1026 2822 2410 2885 den Händen unbändiger Dichter ein theoretisch begründeter Anarchismus des
1024 2873 2402 2933 Bluts, in Berlin war sie ein durch besonnene Menschen, aber unbesonnene
1026 2916 2406 2979 Schriftsteller ordentlich klassifizirtes und etiquettirtes Vernunftprinzip geworden
1023 2960 2401 3017 und als solches präsentirt sie sich in der einleitenden Debatte über diese Frage
1031 3009 2397 3064 in Arthur Schnitzlers kürzlich erschienenem dreiaktigen Schauspiel: „Das
1032 3059 2404 3104 Märchen“. Aber diese jungen Wiener Schriftsteller, die, ganz wie die Berliner
1036 3100 2405 3163 jungen Schriftsteller, im ersten Akte über die Sache in einem über allen Dialekten
1024 3159 2412 3215 schwebenden Schriftdeutsch theoretisiren, sind doch wunderliche Menschen; sie
2181 3197 2277 3248 24.
