3484 4352
325 214 1076 289 3. Das Maerchen
1194 204 1588 303 box 7/2
481 254 1059 329 a Ga
1259 810 1655 903 Telephon 12801.
495 988 599 1058 *
588 981 1639 1079 Knrte Eerrernresshnn
499 1049 587 1098 —
505 1085 1664 1143 ● l. österr. behördl. konz Unternehmen für Zeitungs-Ausschnitte
674 1134 1564 1232 Wien, I., Concordiaplatz 4.
893 1210 1341 1275 Vertretungen
554 1255 1656 1335 in Berlin, Budapest, Chicago, Christiania, Genf, Kopen¬
493 1300 1654 1359 F hagen, London, Madrid, Mailand, Minneapolis, New-Vork,
521 1343 1642 1406 0 Paris, Rom, San Francisco, Stockholm, St. Petersburg.
915 1384 1324 1449 (Quelienangabe ahne Gewähr.
502 1430 988 1507 = Ausschnitt aus:
836 1501 1128 1579 1- 10.1907
501 1544 734 1615 E vom:
626 1648 1874 1697 (Bürgertheater.) Es war einmal eine Niete und ist auch
519 1705 1887 1756 heute noch nichts, „Das Märchen“ von Artur Schnitzler. Daß“
514 1742 1886 1822 Schnitzler trotz diesem total verhauten, durch und durch papierenen
515 1799 1871 1848 Stück, in dem der Redebach endlos plätschert, seinen Weg gemacht
512 1859 1877 1910 hat, daß er heute der feinste Kopf, der sinnigste Dichter unter den
520 1894 1876 1966 wiener Modernen ist, läßt die Ungeschicklichkeit nur um so peinlicher
522 1949 1876 2020 empfinden, die in der Ausgrabung dieses Stückes liegt. Es ist die
525 2002 1859 2049 Jugendarbeit eines gärenden Geistes, alles darin unklar und ver¬
520 2054 1868 2123 schwimmend, die Charaktere flach, die These nicht präzisiert und
507 2105 1879 2174 nicht verfochten, die Handlung fadendünn und ohne jede Spannung,
519 2142 1877 2192 ein totsicherer Durchfall, ein Stück zum Anblasen gemacht. Was
510 2178 1873 2265 für den Literaturforscher von Interesse, der darin tausend Keime
517 2246 1878 2304 findet, die dem Dichter später prächtig aufgeschlossen wurden,
514 2293 1875 2372 tausend Anläufe, die der Dichter später kräftig zu Ende geschritten,
509 2342 1877 2399 sozusagen der Urschleim, aus dem später alles Feine und Tiefe, das
507 2394 1880 2449 uns der Dichter geschenkt, gekeimt ist.: Darum aber erst recht kein
518 2435 1880 2499 Wer für die Bühne, keines für die Menge, die es nie mögen
512 2483 1879 2531 wird und auch an dieser Stätte räuspernd und gähnend abgelehnt
524 2535 1877 2595 hat. Dabei war noch die Aufführung verfehlt. Drei wienerische
518 2588 1869 2648 Figuren, die wichtigsten des Stückes, mit durch und durch nord¬
518 2635 1871 2685 deutschen Kräften besetzt. Herr John ist ja ein moderner Lieb¬
519 2687 1867 2740 haber, der über alle Gefühlstöne verfügt, von der Prachtgestalt
518 2739 1879 2822 ganz abgesehen, und der sicherlich in die erste Reihe gehört, aber
411 2839 1770 2925 hm fehlt einfach der Lokalton für den Fedor Denner, genau so
418 2901 1773 2973 wie er der Olga Weede fehlt, die sich als Fanny in sehr vor¬
410 2954 1780 3020 teilhafter Weise einführte. Ebenso war der Dr. Witte des Robert
402 2995 1764 3055 Hartberg durch den Mangel an wienerischer Weichheit unver¬
416 3038 1773 3110 ständlich. So eigentlich echt waren nur die beiden Lebebürscherln
402 3070 1774 3168 der Herren Berger und Seitz, während Frl. v. Brenneis die
401 3134 1766 3219 Härte der Klara nicht aufbringt. Brückner, Schwartze, Stoll¬
402 3180 696 3254 berg und I
792 3178 1782 3269 wissen stets das Rechte zu treffen, auch wenn
403 3235 1340 3321 sie nur zur ind wieder zu reden haben.
1519 3251 1667 3317 Fr 11
2706 812 3120 900 Telephon 12301.
1961 981 3111 1107 P MI WTTEAKBANN
1972 1074 3117 1149 O l. österr. behördl. konz. Unternehmen für Zeitungs-Ausschnitte
2138 1133 3024 1226 Wien, I., Concordiaplatz 4.
2362 1195 2814 1268 Vertretungen
1969 1217 2077 1279 2
1995 1222 3126 1348 □ in Berlin, Budapest, Chicago, Christiania, Genf, Kopen¬
1974 1283 3131 1361 hagen, London, Madrid, Mailand, Minneapolis, New-Vork,
1986 1328 3100 1413 0 Paris, Rom, San Prancisco, Stockholm, St. Petersburg.
2395 1377 2791 1436 (Quellenangabe ohne Gewähr.)
1983 1410 2796 1518 * Ausschifft GET WIPe
1978 1481 2060 1562 12
2365 1511 2668 1590 28. 9. 1907
1969 1549 2214 1620 E vom:
2157 1620 3118 1669 k. 8. Bürgertheater. Arthur Schnitzlers.
2119 1669 3097 1724 Schauspiel „Das Märchen“ sah man gestern nach
2116 1713 3099 1764 langer Zeit wieder. Er hat es gleich nach seinem
2128 1758 3099 1808 „Anatol“ geschrieben, als ganz junger Mann,
2123 1794 3105 1856 und es ist vor vierzehn Jahren im Deutschen
2128 1852 3103 1906 Volkstheater aufgeführt worden. Damals schrieb
2121 1888 3101 1948 ein Wiener Kritiker, dieses Stück sei „das Werk
2120 1930 3103 1996 eines begabten Dilettanten...“ Ein anderer
2130 1969 3100 2024 schrieb, diese Aufführung freue ihn, „denn mit
2126 2018 3096 2075 derselben fand die sogenannte Moderne ein
2129 2069 3102 2115 Fiasco, wie wir es nicht besser wünschen könnten.
2125 2105 3102 2160 Für das dramatische Unvermögen dieser jungen
2122 2146 3102 2202 Herren... usw. Ein anderer meinte, daß „aus
2120 2195 3110 2249 der Sprache (des Dialogs) eine erschreckende
2121 2235 3109 2298 Greisenhaftigkeit starrt". Wieder ein anderer
2129 2271 3118 2347 erklärt, die Direktion „hätte diese brutale:
2866 2326 2901 2346 #
2125 2331 3098 2378 Cochonnerie überhaupt nicht zur Aufführung ge¬
2123 2364 3102 2424 langen lassen dürfen, und ein literarisches Publi¬
2118 2423 3103 2465 kum hätte diese ekelhafte Ausgeburt einer krank¬
2128 2466 3106 2517 haften Phantasie schon nach den ersten Szenen
2135 2501 3111 2564 energisch ablehnen sollen“. Wieder ein anderer
2124 2541 3115 2604 nennt Schnitzler einen „Ola Hanssen in Taschen¬
2130 2588 3105 2640 sormat“ und ... „stannt über die furchtbare sitt¬
2129 2630 3101 2682 liche Verwahrlosung, die aus dem Werke spricht“.
2190 2668 3107 2739 Man sieht, der wertvollste und feinste drama¬
2130 2716 3117 2776 tische Dichter, den Oesterreich heute besitzt, ist bei
2131 2772 3109 2817 seinem ersten Erscheinen wohlwollend empfangen
2136 2801 3119 2857 worden. Wohlwollend und verständnisvoll. Wer
2134 2847 3121 2932 „Das Märchen“ jetzt sieht, jetzt, da wir so viele
2112 2958 3103 3033 wundervoll tiefe und meisterhaft lebendige Werke
2119 3008 3094 3077 Schnitzlers kennen, ist überrascht von der Deut¬
2113 3041 3100 3125 lichkeit, mit der sich Schnitzlers Eigenart schon
2112 3100 3100 3155 in diesem frühen Anfang ausspricht. Im Bürger¬
2118 3135 3104 3217 theater wird dieses Schauspiel sehr anständig.
2110 3182 3092 3251 gespielt. Am besten von. Herrn John, der den
2121 3232 3081 3299 Fedor Denner gibt, und sehr viel Innerlichkeit
2104 3259 3084 3340 zu haben scheint. Fräulein Olga Weede inter¬
2112 3319 3083 3382 essierte als Fanny. Ihrer eigentlichen Begabung
2113 3358 3083 3424 nach ist sie wohl eine Konversationsschauspielerin
2105 3390 3086 3485 ohne Sentimentalität und ohne Kraft des
2103 3438 2286 3505 Affekts.
