3436 4256
497 232 1045 299 Das Maercher
1236 220 1599 323 bor 7/2
324 233 1074 347 3.
927 1018 1406 1115 Dr. Max Golas¬
936 1071 1526 1167 Büro für Zeitungsausschn.
1291 1103 1602 1175 Telefon: Not¬.
745 1153 1036 1222 BERLIN N4
1033 1312 1624 1433 Bessische Seilung, Berlin
1156 1471 1576 1572 1 # Marz 1925
763 1596 1754 1706 Schnitzlers „Märchen.
763 1704 1746 1803 Erstaufführung im Lessingtheater.
678 1778 1835 1856 Vor etwa einem Menschenalter — noch bevor ihm der dra¬
640 1838 1846 1899 matische Meisterwurf „Die Liebelei“ gelungen war — schrieb
644 1879 1850 1937 Arthur Schnitler das Schauspiel „Das Märchen“, das auf
641 1928 1852 1981 mancher Bühne heimisch geworden, aber merkwürdigerweise erst
637 1969 1851 2013 vorgestern zum erstenmal in Berlin gegeben wurde. Das Milien
646 2013 1850 2072 der Wiener Halbwelt (was man beileibe nicht mit Demimonde
645 2067 1841 2126 übersetzen darf), die Voraussetzung eines bürgerlichen Kreises von
642 2099 1846 2173 bequemeren und freieren Lebensformen als die sogenannte „Ge¬
638 2140 1849 2202 sellschaft“, ist in diesem Märchen ebenso glücklich getroffen wie
647 2185 1856 2240 in der „Liebelei“; aber das Kernmotiv ist schwächer gefaßt und
636 2231 1850 2279 tritt zu stark gegen das Zuständliche zurück. In der ergreifenden
636 2293 1848 2345 Tragödie des geopferten Mädchens wurzelt die ganze Entwicklung,
649 2319 1845 2370 in den Charakteren, im Verhältnis zwischen dem törichten Lebe¬
631 2359 1849 2417 jüngling und der in Wahrheit „süßen“ Geliebten. Im „Märchen“,
635 2422 1837 2473 einer Gesellschaftssatire gegen das klätschige Vorurteil, das der so¬
647 2455 1838 2513 genannten „Gefallenen“ den Anspruch auf ein einheitliches Lebens¬
633 2487 1850 2562 und Liebesglück bestreitet — zugleich einer literarischen Satire
633 2555 1848 2593 gegen die französische Komödie, die sich ausschließlich um die anato¬
646 2587 1839 2634 mische Unschuld dreht —, wird die Tendenz lehrhafter und red¬
646 2638 1836 2680 seliger, so daß die Menschen ihr nur zu dienen scheinen. Das
635 2674 1847 2734 schwächt, zumal in dem schwanken, unmännlich=mönnlichen Ver¬
644 2705 1674 2779 treter der „Gesellschaft“, die entscheidende Wirkung ab.
663 2750 1837 2805 Der Dichte läßt sich immer mehr auf eine Ebene mit dem
641 2810 1845 2865 schwächlichen Typus drängen; er legt dem angeblichen Reformator,
642 2857 1833 2902 der das Poructeil gegen das Weib mit einer „natürlichen“ Ver¬
637 2892 1836 2954 gangenheit für ein Märchen erklärt, die überzeugten Worte einer
634 2943 1839 3003 freieren Anschauung in den Mund und läßt ihn doch unter jedem
645 2998 1833 3047 Anhauc, einer Lebensprüfung, die ihm seine angebliche Ueber¬
636 3026 1846 3075 zeugung auferlegt, so kläglich erzittern, daß wir allgemach jedes
641 3076 1839 3138 Interesse an diesem Scheinhelden verlieren und ohne das Gefühl
631 3115 1836 3176 eines Kampfes an die Seite des Mädchen treten, das ein ehren¬
635 3159 1843 3211 volles Engagement in der Ferne einem Leben der dauernden
636 3191 1835 3245 Buße und Demütigung vorzieht. Als Halbtragödie greift dieses
640 3250 1837 3297 Schauspiel nicht eben tief, aber als Sitten= und Lebensbild von
640 3291 1840 3340 echt wienerischem Kolorit hat es mit der „Liebelei“ und mit den
635 3337 1837 3396 Anatolstücken Vorzüge der Wahrhaftigkeit und des Witzes gemein,
638 3373 1840 3427 die das Interesse an den Vorgängen nie völlig erlahmen lassen.
636 3416 1852 3470 Es ist auch, beiläufig bemerkt, in der satirischen Tendenz nicht
636 3467 1845 3521 gealtert, wenn auch manches jüngere Stück das Motiv des Gesell¬
634 3500 1846 3559 schaftsmärchens im pathetischen Wort radikaler zu fassen scheint,
645 3545 1860 3595 ohne indes einen so feinen Sinn für die märchenbildende Sub¬
646 3590 1443 3653 stanz des sozialen Vorurteils zu bekunden.
692 3631 1848 3688 Was an diesem Schauspiel gesund ist — die echt Schnitzlersche
645 3691 1850 3734 Ironie in der Darstellung der kleinbürgerlichen Lebenskreise, die
657 3713 1854 3805 sich an der Schwelle des Theaterruhms zusammendrängen —, hat
1867 1572 3082 1650 vorgestern auch in Berlin durchschlagend gewirkt und die Teil¬
1868 1634 3074 1688 nahme immer wieder aufgerüttelt. Das war im Rahmen einer
1869 1688 3066 1742 nichts weniger als vollkommenen Aufführung durch die inter¬
1869 1728 3066 1769 essante Darstellung der jungen Schauspielerin, die im Mittelpunkt
1879 1765 3068 1818 des Märchens steht, ermöglicht. Camilla Spira hat dieser
1870 1809 3071 1867 Fannr, die zwischen bußfertiger Ergebung in das Märchen und
1859 1857 3065 1907 einem letzten Rest jugendlich stolzen Freiheitsdranges schwankt,
1869 1906 3073 1961 in Erscheinung und Ton etwas zuviel von einem Trutzmädel mit
1870 1950 3064 1988 einem kindlichen Bubenkopf gegeben, so daß man an die Mo¬
1867 1991 3073 2037 mente ihrer willfährigen Demut nicht recht glauben konnte, aber,
1861 2039 3074 2096 so sehr sie auch die nur kämpfenoe Streitbarkeit zu einer alle
1869 2074 3079 2120 Zeit sieghaften verstärkte und so einseitig sie in der leidenden Frau
1873 2122 3071 2174 das trotzige Kind von gestern betonte, so lag doch in dem ganzen
1865 2169 3068 2217 schauspielerischen Wurf der Gestalt eine innerliche Energie, ein
1866 2217 3075 2262 gewinnender Mut sich zu behaupten, der bieser jungen Künstlerin
1875 2256 3070 2292 Aufmerksamkeit und Sympathie sicherte. Es steckt in ihr eine
1859 2297 3071 2351 originelle Persönlichkeit, die sich nicht ganz mit der Rolle deckte,
1871 2339 3072 2381 die aber der Künstlerin eine Bühnenzukunft verheißt, eine Kraft,
1875 2377 3079 2439 die in der Energie des Gefühls das Theater vergessen läßt und
1873 2426 2835 2470 eben darum dem Theater Wesentliches bieten kann.
1892 2462 3065 2525 In der freilich weit minder günstigen männlichen Hauptrolle
1871 2527 3070 2578 war Kurt v. Möllendorff, ein unverkennbar sorgsamer und
1861 2567 3067 2607 verständnisvoller Schauspieler, nicht an seinem Platz. Zu schwer
1863 2611 3072 2663 in der Erscheinung, zu nachdrücklich ernst in der Reaktion auf
1873 2645 3070 2697 jede leichte Reizung, zu bedächtig in der Nachgiebigkeit eines be¬
1873 2697 3061 2751 stimmbaren Naturello, suchte er aus dem Schwächling einen in
1870 2737 3065 2783 sich beruhenden Mann zu machen und ließ dadurch die Pedanterie
1873 2781 3062 2825 des Mißtrauens um so antipathischer erscheinen. Auch für die
1870 2824 3073 2872 Regie des Abends fehlte diesem Darsteller offenbar die Leichtig¬
1859 2859 3070 2915 keit, hinter der sich die Arbeit verbirgt. Einzelne Gestalten, wie
1871 2913 3069 2960 der egoistische Lebemonn, den Erich Kaiser=Titz mit munterem
1863 2955 3070 3008 Humor darstellte, und der Philister Wandel, dem Lettinger
1878 3004 3076 3058 alle Kanten und Ecken des begrenzten Wesens gab, auch der
1870 3038 3065 3096 selbstzufriedene, gutmütig derbe Maler Otto Webers hatten an¬
1871 3082 3068 3135 nähernd Schnitzlerische Prägung; andere, wie etwa der Theater¬
1869 3126 3070 3181 agent Moritzki, der anstatt des von Schnitzler vorgezeichneten
1868 3171 3076 3215 leicht polnischen Akzents, die Andeutung des jüdischen Jargons
1873 3217 3067 3272 bevorzugte, schienen zumeist aus einer andern Welt zu kommen.
1864 3254 3063 3318 Trotzdem ging von den Hauptszenen eine starke Wirkung aus,
1863 3305 3069 3354 und das „Märchen“ Schnitzlers wird wohl kaum wieder von
1870 3339 2442 3401 unseren Bühnen verschwinden.
2874 3340 3035 3399 A. K.
