3436 4256
571 103 1531 149 macht Fedor seinerseits Fanny eine glühende Liebes¬
1540 120 1733 172 rauschend
499 127 1527 186 erklärung und beschwört sie, ihm zu sagen, daß sie ihn
1539 161 1719 215 Personal
488 188 1520 239 liebe. Damit schließt der zweite Act, welcher in Fedor's
1542 203 1705 250 beiden
499 222 1530 275 Wohnung spielt. Im letzten Acte ist Fanny mit einem
1538 239 1730 300 italienisdh
490 257 1532 316 Male durch die erfolgreich gespielte Rolle — natürlich
1540 285 1730 336 Sonst u
490 295 827 352 eine „Gefallene“
901 312 1522 358 zu Namen gelangt. Doch nagt
1537 327 1734 379 nicht vie
490 339 1531 382 etwas an ihrem Herzen. Fedor hat sich von ihr ab¬
1533 363 1723 415 von Em
494 377 1539 437 gewendet. Seine Anschanungen haben alfo anscheinend
1535 402 1721 477 Leistung
494 427 1282 475 den Rtitten Haulungoptoleß dnrchgensicht.
1298 423 1534 472 Uisere Er¬
1544 445 1715 494 (Wachti.
497 447 1533 520 wartungen haben uns nicht getäuscht; Fedor behandelt
1533 478 1730 536 Fräulein
493 495 1521 544 seine Geliebte mit gransamer Kälte, mit einer so
1526 524 1706 578 sanglich
491 543 1519 586 bodenlosen Verachtung, daß in Wirklichkeit jede Cour¬
1527 562 1716 612 Rolle de
483 582 1510 639 tisane einem derartigen Patron energisch die Thür weisen
1529 604 1714 656 Gelegen!
482 626 1514 680 würde. Fanny aber zuckt nicht allein nicht mit der
1521 643 1715 697 Nachthei
488 653 1510 739 Wimper, sondern benimmt sich, wie folgende Dialog¬
1522 689 1720 743 gezeichne
474 694 725 752 stelle zeigt:
1532 728 1704 797 wachsen,
539 736 1511 796 Fedor. Deine Rolle! Es muß sehr wohl thun, wenn
1530 770 1660 820 tischen
483 774 1512 855 man so seine eigenen Erlebnisse zu künstlerischen Zwecken
464 813 855 866 ausnutzen kann (1!).
1518 809 1703 864 mit Dill
1522 852 1705 905 das man
542 841 1515 909 Fanny. Herrgott, wenn ich Dich nur allein hätte!
1524 892 1703 950 v. Rutte
471 875 1505 955 Ich kann Dir doch hier nicht um den Hals fallen! Fedor,
463 923 1480 982 quäle mich, ja, ja, Du hast recht, ich bete Dich doch an!
1498 921 1699 989 dennoch
526 958 1179 1016 Fedor. Ich Dich auch — leider.
1515 974 1709 1025 dermale
529 998 1511 1073 Und später theilt Fedor der Dame seines Herzens
1518 1018 1685 1068 Theater
468 1041 1505 1109 mit, daß er nicht früher kommen konnte, denn „ich
1515 1056 1709 1112 Neuman
465 1073 1496 1140 mußte zur Hochzeit eines Deiner früheren Geliebten!“
1516 1101 1689 1151 genesen
465 1123 1500 1187 In diesem Kneipentone geht die Handlung fort und
1514 1139 1708 1191 Landesa
467 1160 1500 1232 man begreift es nicht, daß es trotzdem Fanny einen
1515 1183 1717 1248 über 189
470 1191 1502 1260 derartigen Seelenkampf kostet, aller Erniedrigungen und
468 1240 1504 1319 Zurücksetzungen ungeachtet, einen Engagementsantrag
467 1289 1512 1346 nach Petersburg anzunehmen, denn selbst dort kann sie
467 1315 1521 1400 unmöglich mit schneidenderer Kälte behandelt werden
448 1362 1009 1425 wie in Wien von Fedor.
1560 1385 1688 1444 Anto
508 1411 1696 1472 Die Nebenfiguren reihen sich mit wenigen Ausnahmen! Lesern so
456 1450 1684 1529 jenen fadenscheinigen Haupthelden würdig an. Die künstlert
465 1494 1698 1570 Freunde Fedor's befleißigen sich einer Sprache, die Theatern
476 1531 1695 1614 Einem, der auch die Prüderie nur vom Hörensagen! Verdiens
449 1570 1502 1658 kennt, die Schamröthe in die Wangen treiben muß. Die
1500 1594 1700 1651 der Ex)
445 1619 1492 1682 Frage, die einer dieser Gentlemen stellt, als er in die
1506 1639 1685 1693 literarise
439 1666 1685 1739 Familie Fanny's eingeführt wird, und die sich auf die System,
458 1693 1693 1781 Aspecten bezieht, welche der Verkehr in dem Hause! Eifer un
450 1736 1681 1810 eröffnet, wage ich nicht anzudenten. Wirklich hübschthätigen
435 1780 1676 1858 gezeichnet mit einer Empfindung, die im grellen Wider=1 Direction
452 1814 1496 1902 spruch steht mit der Frescomalerei der Anderen, ist nur
1493 1845 1690 1899 aufgefüh
453 1862 1481 1929 die Schwester Fanny's, Klara, die ehrbar ist und
1494 1886 1679 1936 Annoal
437 1895 1480 1970 Fanny's Charakter scharf verurtheilt. Um so verletzen¬
1498 1923 1688 1983 Als Ai
446 1938 1479 2013 der wirkt es, daß diese sich über Klara zu stellen ver¬
1488 1968 1642 2022 legte,
442 1977 1495 2054 sucht und ihr Vorgehen gegenüber dem der Anderen
1492 2006 1686 2065 Herrn Fr
433 2031 1471 2090 vertheidigt, die einem braven Manne ihre Hand reicht,
1485 2051 1682 2106 zu über
432 2062 1472 2138 wiewohl sie ihn so eigentlich nicht liebt. So wirkt
1488 2087 1677 2147 bereitung
431 2111 1472 2177 in dieser neuesten Seifenblase des Naturalismus
1494 2131 1678 2184 da trat
436 2146 1491 2227 alles zusammen, um abstoßend zu wirken Schade,
1487 2170 1679 2228 „Wallnei
433 2199 1680 2243 daß ein so begabter Schriftsteller, wie Schnitzler, sein Hasemar
433 2221 1476 2303 Talent an so unedle Aufgaben verschwendet, daß er die
1487 2253 1675 2313 des köni,
433 2268 1476 2348 Sache der Verlorenen zu führen unternimmt, die doch
1481 2299 1677 2359 der Jus
442 2318 1479 2385 immer — eine verlorene Sache bleiben wird. Schnitz¬
1475 2336 1595 2384 der
439 2346 1677 2415 ler's Vater war der bekannte Laryngologe Professori Als An
441 2405 1477 2468 Schnitzler; er hat den Leuten in den Hals gesehen —
1474 2420 1657 2469 des kön
438 2434 1676 2500 der Sohn bemüht sich, auf andere Art einen Einblick am seitt.
433 2476 1462 2541 in das Innere der Menschen zu gewinnen; seine Ob¬
1477 2498 1691 2557 währte R
422 2519 1460 2586 jectivität scheint ihn dabei jedoch im Stiche gelassen
1484 2542 1673 2599 Theaters“
420 2561 637 2622 zu haben.
1471 2584 1651 2639 bildung
492 2589 1466 2675 Es wäre ein falsches Beginnen, den sehr sympathi¬
1468 2625 1664 2678 Ensembl¬
417 2638 1468 2710 schen jungen Mann durch eine milde Kritik über seinen
1473 2667 1655 2721 Schöpfer
429 2683 1459 2766 Fehlgriff zu täuschen. Das „Märchen“ gelangt morgen
1467 2706 1670 2774 den Juse¬
418 2724 1383 2798 (Freitag) im Volkstheater zur ersten Aufführung.
1468 2748 1647 2806 schätzen.
498 2771 1636 2857 Ich war mein Lebtag nicht so sehr gespannt auf die arbeiter
419 2799 1462 2876 Wirkung eines Stückes auf das Publikum, wie in
1468 2822 1649 2888 einen Ne
416 2857 1453 2914 diesem Falle. Es ist eine Kraftprobe auf den ästheti¬
1468 2871 1662 2945 gestern a
411 2895 1021 2961 schen Sinn der großen Masse.
1276 2904 1437 2974 S. L.
1519 2916 1659 2968 „Sehl
1460 2944 1622 3002 Pflicht,
483 2954 1452 3049 Ueber die Aufnahme des vorstehend besprochenen
1459 2985 1635 3045 daß Her
408 3006 1190 3076 Werkes ehalten wir folgende Depesche:
1470 3022 1648 3074 einem E
482 3056 1455 3115 Im Volkstheater ließ sich bei der Aufführung des
1465 3057 1652 3113 schöpfung
1470 3098 1622 3144 Mitten
417 3095 1452 3160 „Marchen“ das Publikum von der geschickten Mache
1473 3129 1652 3183 Thätigkei
410 3143 1461 3201 und dem discreten mildernden Spiel des Frl. Sandrock
1464 3170 1654 3219 „Lessing=?
417 3177 1443 3236 (Fanny) und Nhil's (Fedor) Anfangs gefangen nehmen,
1467 3210 1652 3264 unterzeich
421 3216 1441 3282 so daß es moralische Einwendungen unterdrückte. Nach
1461 3244 1652 3300 und Frei
416 3251 1451 3325 den ersten zwei Actschlüssell mußte mit den Darstellern,
1467 3274 1656 3331 Arbeitsg.
408 3306 1440 3372 wenngleich nicht einwandsfrei, auch der Antor erscheinen.
1454 3316 1645 3373 Blume
401 3344 1459 3405 Die verletzende Entwickelung des Schlußactes rief
1503 3352 1629 3402 Dir.
402 3386 1452 3457 jedoch allgemeine lebhafte Entrüstung hervor. Der
1466 3384 1641 3447 bescheide
411 3420 1189 3505 Vorhang fiel unter einmüthigem Zischen.
1445 3432 1644 3499 eigenen
1453 3474 1651 3531 tische Hi
473 3485 1593 3570 Aus Prag, 30. November wird uns geschrieben: große
467 3539 886 3601 Nach einer längeren
935 3539 1637 3610 durch Indispositionen der Bühnen
362 3571 830 3655 — Mitalieder bedingten
997 3597 1611 3649 e brachte unser deutsches oder §
877 3582 1629 3717 avität z=Skowionnet'sl müller“
744 3619 874 3697 KAber
1926 151 2680 224 3. Das Maerchen
2834 148 3190 248 box 7/2
2103 203 2680 258 m. an e e e ere eren eenenen
1995 404 2735 477 h wurde, könnie nicht als stichhaltig getten.
1988 439 2062 476 *
2068 444 3049 528 Wiener Brief.] Aus Wien, 2. December, wird uns
1934 454 3037 562 geschrieben: „Gestern wurde im Volkstheater zum ersten
1939 520 3039 606 Male das dreiaktige Schauspiel: „Märchen“ von Arthur Schnitz¬
1934 545 3022 636 ler aufgeführt. Die zwei ersten Akte gefielen sehr, der Antor,
1938 590 3031 681 wiederholt gerufen, dankte; der dritte Aufzug aber wurde von einem
1935 635 3027 718 Theile des Publikums abgelehnt, vom andern beklatscht. Schnitzler
1934 672 3019 755 zist ein junger Arzt, der Sohn des kürzlich gestorbenen Leibarztes
1925 719 3028 801 Zder Frau Wolter, Professor Schnitzler, welcher sich weit und
1923 752 3027 835 Fbreit großer Beliebtheit erfreute. Diese ausgebreitete Bekanntschaft
1923 791 3023 872 Fhat der sehr begabte Sohn geerbt. Er gehört der modernen Richtung
1927 841 3012 907 gan und breitet in Hemicyelen Schicksale der Menschen aus. Er
1928 884 3029 944 führt vor und aus, was sich ereignet und was dabei gedacht, empfun¬
1916 906 3028 976 den und gesprochen wurde, er nimmt keine Partei und überläßt es
1929 953 3017 1031 dem Publikum, zu urtheilen. Also: er baut das Stück nicht wie
1931 1001 3024 1069 eine Pyramide und fordert nicht zur Antheilnahme für und wieder
1927 1039 3015 1105 auf. Das steht Jedem frei; aber solch Entsager darf nicht vom
1921 1066 3022 1148 Publikum, das beim Alten aufgewachsen ist, Triumphgeschrei er¬
1923 1104 3016 1198 warten. Der Duval im „Märchen“ hebt eine Gefallene auf, stößt
1933 1139 3011 1227 sie aber, nachdem er sie einige Zeit hindurch gekannt hat, wieder von
1933 1181 3023 1271 sich, weil er nicht vergessen kann, daß vor ihm auch Menschen gelebt
1923 1214 3019 1303 haben. Er predigt: „empor die Magdalena!“ und erniedrigt sie
1923 1253 3010 1342 dann. So sind wir Alle! will Schnitzler sagen; nun vielleicht hat
1919 1291 3007 1371 er Recht, aber diese kühle Objektivität darf nicht beanspruchen, er¬
1921 1351 3015 1423 wärmen zu können; wie gesagt, der Duval in der „Cameliendame“.
1917 1376 3015 1460 wirkt mehr, und Marguerite Gautier hat doch viel mehr gefehlt als
1919 1418 3010 1499 Schnitzlers Patientin, die doch nur einen Doppel=Beinbruch erlitten.
1918 1449 3011 1527 Das „Merchen“ ist Schnitzters Habilitations=Stück; der begabte
1945 1532 3030 1648 Autor wird wohl nicht Privatdocent bleiben, sondern ein berühmte
1936 1597 3027 1681 (Theater=Professor werden. Er wurde gestern brintant affistirt
1940 1611 2541 1724 Zbesonders von der Sandrock.“
2183 1742 2947 1897 M Ce
3217 2075 3328 2153 Novi
3212 2136 3315 2191 ein
2294 2119 2937 2191 Deutsches Volkstheater.
3211 2163 3315 2235 nicht
2119 2193 3222 2257 H—e. „Das Märchen“ ein angebliches Schauspiel in
3219 2217 3317 2267 6. d.
2007 2227 3214 2291 drei Acten von Arthur Schnitzler, einem jungen Arzte und
2015 2279 3211 2324 Sohne des verstorbenen Professors Med.-Dr. Schnitzler, ist kein
3230 2289 3318 2337 Prof
2009 2318 3211 2359 Theaterstück, sondern eine Sammlung von moral=philosophischen Ab¬
2005 2356 3209 2407 handlungen mit „vertheilten Rollen." „Das Märchen“ hat keine
3209 2361 3330 2418 wurd
2002 2403 3209 2451 Handlung; es gibt darin weder Spannung noch Entwicklung, son¬
3225 2409 3322 2457 akad
2014 2435 3208 2489 dern nur eine endlose Reihe von Gesprächen, in welchen der Ver¬
3222 2449 3318 2500 Dire
2006 2474 3198 2522 fasser seine Ansichten über die Stellung gefallener Mäochen und über
3218 2488 3318 2539 Proc
2013 2512 3204 2560 sonstige gesellschaftliche Probleme kundgibt — Ansichten, die mit¬
3215 2522 3313 2578 dung
2001 2547 3204 2609 unter nicht ohne Geist sind, die aber den Zuhörer bald ermüden,
3221 2565 3321 2616 in ei
2002 2588 3200 2632 namentlich, wenn sie mit so leiser Stimme und so schwer verständ¬
3220 2602 3324 2660 nehn
2005 2632 3197 2676 lich vorgetragen werden, wie dies im Deutschen Volksthater der Fall
2001 2667 3204 2727 war. Verständlich sprachen nur die Herren Meixner und Weisse;
3206 2682 3326 2738 land
2009 2712 3197 2758 alle Uebrigen, sowohl Herren als Damen, unterhielten sich mitein¬
3210 2721 3321 2772 Dor
2007 2740 3320 2802 ander in dem vertraulichsten Tone ohne die mindeste Rücksicht auf burg
2006 2779 3322 2851 das anwesende Publicum, für das doch eigentlich gesprochen und wese
2002 2819 3209 2872 gespielt werden sollte. Wenn „Das Märchen“ schließlich vom Publi¬
3208 2841 3305 2895 und
1999 2864 3203 2919 cum abgelehnt wurde, so ist daran nicht etwa blos die unglückliche
3203 2874 3316 2932 musi
2004 2902 3318 2972 Lösung des Conflictes oder das angeblich „Gewagte“ der Situationen, seine
2009 2936 3203 2988 sondern einfach der Umstand schuld, daß „Das Märchen“ ein
3204 2960 3299 3010 an
2011 2979 3192 3030 langweiliiges Stück ist, dem es an Blut und Leben fehlt. Auch war
3218 2991 3309 3046 nich
2011 3017 3199 3068 die Besetzung der Rollen keine glückliche. Den dritten Liebhaber ber
3213 3036 3306 3098 neue
2002 3059 3211 3102 Gefallenen“ hätte nicht Herr Nhil, sondern Herr Kutschera
2008 3086 3204 3155 spielen müssen, der sich dafür zu einem Gigerl zwingen mußte, das
2002 3142 3201 3187 ihm doch Niemans glauben konnte. Herr Giampietro war mit
2000 3171 3207 3229 seiner ewigen Frage, ob mit der oder der „etwas zu machen“ sei,
1996 3221 3213 3273 recht drollig. Die mehrfach gefallene Hldin spielte Frl Sandrock
2003 3257 3202 3299 bis auf das zu leise Sprechen recht gut. Warum hat der Autor diese
3215 3262 3303 3331 war
1998 3284 3187 3348 Gefallene zu einer Schauspielerin gemacht? Sein Thema hat dadurch
3215 3316 3314 3370 dure
2002 3314 3199 3378 an Schärfe viel verloren, da man mit Theaterdamen in diesem Punkte
3211 3358 3311 3408 Mu
2001 3366 3200 3418 überhaupt nicht zu strenge in's Gericht geht, indem man wohl weiß,
2000 3410 3200 3455 wie schwer es ihnen wird, ihre Tugend zu bewahren. In kleineren
3216 3437 3297 3483 Ni
2001 3444 3197 3503 Rollen wirkten Herr Tewele, köstlich wie immer, und die Damen
3215 3475 3288 3522 bei
1993 3486 3192 3535 Hell, Gribl und Bock verdienstlich mit. Das liebenswürdige
3208 3511 3312 3562 lang
1998 3533 3197 3581 Publicum des Deutschen Volkstheaters, obwohl durch die „geist¬
3209 3550 3316 3601 betit
2002 3565 3194 3609 reichen“ Gespräche sichtlich abgespannt, applaudirte dennoch nach den
3213 3589 3317 3642 hört.
1995 3604 3197 3662 ersten zwei Acten und Herr Schnitzler konnte wiederholt dankend auf
3212 3632 3313 3682 jede
1999 3644 3188 3707 der Bühne erscheinen. Der dritte Act aber wurde unbarmherzig aus¬
3202 3673 3310 3715 ima
1991 3675 2162 3741 gezischt.
3205 3701 3315 3773 und
3199 3739 3306 3799 Mo
2162 3766 3223 3851 „ „.0# aimens-
