3484 4256
1245 143 1605 232 box 7/2
351 154 1063 236 3. Das Maercher
665 692 1304 767 Dr. Max Goldschmiet
672 759 1289 823 Büro für Zeitungsausschnitte
466 802 747 860 BERLIN N4
1026 808 1462 857 Telefon: Norden 3051
923 1099 1283 1216 6. Halz 1925
795 1243 1231 1397 Das Märchen.
802 1386 1219 1460 Im Lissingtheater.
586 1461 1457 1525 Diese Schnitzlerische Jugendsünde hat so lange
555 1499 1457 1566 in der Rumpelkammer gelegen, daß die Staub¬
544 1547 1451 1625 schicht selbst nicht mit dem Vakuumeleaner fortzu¬
545 1597 1453 1675 blasen ist. Ob er wohl kurz vor dem Weltkrieg
543 1631 1459 1708 noch lebte, dieser Fedor Denner, der sich hart an
536 1697 1458 1756 der Grenze zwischen Boheme und Philisterium
545 1748 1452 1819 angesiedelt hat und verurteilt ist, unter Seelen¬
549 1787 1452 1872 qualen das „Problem“ zu lösen, ob man ein
543 1841 1449 1916 prächtiges Mädel, einen aufgehenden Stern der
536 1897 1446 1967 Bühne, liebhaben darf, ohwohl es bereits eine
530 1924 1445 2013 kleine Vergangenheit hat. Sollte heutzutage noch
532 1983 1445 2051 ein Exemplar dieser Gattung existieren, so erörtert
528 2045 1438 2118 er wohl seinen komplizierten Fragenkomplex mit
533 2080 1445 2154 den Kapalieren und Lokalreportern von Pose¬
533 2126 1443 2211 muckel, darf aber nicht erwarten, daß wir Zeit
532 2189 1437 2264 verschwenden, um uns seine Wichtigkeiten anzu¬
539 2229 673 2299 hören.
584 2281 1435 2362 Wenn die Direktion Rotter dieses Stück trotz¬
522 2327 1438 2405 dem in den Spielplan aufnahm, so geschah es
536 2385 1435 2455 wechl nur, um Camilla Spira Gelegenheit zu
534 2431 1429 2495 geben, ihr Können an der Fanny Theren auszu¬
530 2490 1432 2547 proben. Tatsächlich ist sie auch der einzige Licht¬
527 2531 1435 2594 blick des Abends. Mit der Kleinen aus der treuen
518 2573 1422 2655 Vorstädt hat sie zwar nichts gemein, gibt sich aber
518 2622 1435 2699 ansonsten mit soviel Frische und Natürlichkeit, daß
519 2663 1422 2757 ##an ihr zuliebe manche Unerträglichkeit des Dialogs
515 2732 1429 2798 über sich ergehen ließ. Der starke Beifall, den sie
523 2781 1433 2849 erntete, war wohlverdient und sie hatte keine Ver¬
511 2816 1418 2902 anlassung ihn, reizend bescheiden mit andern teilen
518 2875 731 2939 zu wollen.
555 2908 1422 2989 Ansonsten: Kaiser=Tietz in einer.
503 2968 1413 3047 leider allzukurzen, Episodenrolle routiniert und
518 3016 1416 3082 sicher wie steis! Von Rudolf Lettinger ist
510 3073 1420 3141 man eigentlich besseres gewöhnt. Kurt von
514 3112 1420 3200 Möllendorf, der auch Regie führte, soll — er
515 3170 1417 3230 war kurz vor der Premiere krank — mildernde
507 3217 1413 3291 Gründe in Anspruch nehmen dürfen. Von allen
503 3260 1413 3343 übrigen läßt uns — bis auf die stets zuverlässige
504 3313 1092 3387 Else Wasa — lieber schweigen
1229 3354 1451 3463 —
1996 904 2610 965 Dr Max Goldschmict
1998 956 2605 1013 Büro für Zeitungsausschnitte
2341 999 2785 1053 Telefon: Norden 3051
1790 989 2074 1055 BERLIN N4
2129 1086 2450 1147 Ausschnitt aus:
2064 1147 2528 1226 Die Zeit, Berlin
2169 1240 2597 1382 G. 53, 1925
2095 1453 2835 1562 Kunst und Wissenschaft.
2083 1551 2909 1619 * Das Lessingtheater grub Arthur Schnitz¬
2001 1589 2914 1644 lers dreiaktiges Schauspiel „Das Märchen“
2006 1647 2913 1703 aus, das nun schon dreißig Jahre alt ist, eine der
2014 1664 2913 1742 frühsten Arbeiten Schnitzlers, in der er noch recht
2019 1722 2910 1792 unsicher nach der eigenen Art tastet, um schließlich
2017 1762 2909 1832 das Ganze, welches das Problem vom Recht der
2013 1809 2919 1871 Gefallenen auf bürgerliche Ehren wie Liebe und
2009 1855 2907 1913 Ehe von allen Seiten betrachter, in einer Sardou¬
2013 1887 2910 1964 szene verknallen zu lassen. Weder Schnitzler noch
2007 1938 2915 1992 dem Theater erwies man einen Dienst mit dieser
2011 1980 2908 2052 Ausgrabung, denn das Stück ist unlebendig, und
2009 2021 2900 2087 die Aufführung war es erst recht. Die Gefallene
2003 2056 2894 2130 hätte sich wenigstens etwas Kummerschminke auf
1997 2117 2902 2173 die drallen, nur allzu lebfrischen Wangen legen
2006 2157 2900 2224 sollen. So glaubie man ihr den Seelenschmerz
2005 2207 2898 2259 nicht; und wenn sie empört oder ergriffen sein
1995 2246 2905 2304 wollte, hatte sie für beides nur den Ausdruck eines
1994 2291 2887 2353 bös=vorsichtigen Kätzchens, das eine Dogge an¬
1995 2321 2891 2379 bellt. Eine andere Darstellerin war nur zu zwei
1999 2378 2889 2438 Aeußerungen für ein Dutzend verschiedene Stim¬
1994 2422 2894 2474 mungen fähig: entweder zeigte sie lachend das
1990 2464 2898 2507 tadellose Gebiß oder zog bedeutsam die Stirnhaut
1987 2512 2901 2561 unter Schütteln des Bubikopfes auf und nieder
1990 2543 2890 2606 wie ein wacher Hase seine Nase. Der Liebhaber
1996 2601 2889 2661 der Gefallenen aus gutbürgerlicher Wiener
2000 2638 2886 2697 Familie, der nicht weiß, ob seine Liebe stark genug
1987 2681 2896 2726 zum Heiraten oder nur zum Liebeln ist, fand durch
1997 2723 2891 2771 einen wenig jugendlichen Schauspieler von un¬
1998 2770 2889 2827 entwegt blühendem Aussehen und dämonischem
1989 2818 2887 2865 Blick seine Wiedergabe, der alle fünf Minuten
1995 2859 2886 2910 stöhnend nach der Stirn griff, so daß man ihm
1997 2906 2897 2956 ein Pyramidon hätte schenken mögen, und mit
1983 2945 2884 2986 aller Kunst eines Routiniers die Stimme rollen
1992 2986 2882 3034 ließ. Ein anderer wehrte sich erfolglos gegen
1989 3032 2890 3077 einen schweren Zungenfehler, der nicht in seiner
1992 3070 2881 3122 Rolle stand. Als Prominenter aber bewegte sich
1977 3115 2889 3162 Erich Kaiser=Titz inmitten dieser Vorstellung,
1985 3161 2873 3216 mit der kaum eine mittlere Theaterschule Ehre ein¬
1990 3208 2880 3258 gelegt hätte, und ließ sich herbei, um das
1982 3250 2890 3302 Ensemblespiel nicht durch Talent zu stören, meist
1978 3286 2893 3355 nur lässig zu markieren. — Ein Trost aber war
