3484 4352
296 284 1041 357 3. Das Maerchen
1199 272 1556 360 box 7/2
455 323 1041 379 #5
1211 593 1597 682 Telephon 12801.
451 765 535 833 2
575 760 1576 865 MBETTSMnmn
486 824 532 869 6
464 877 1612 919 O l. österr. behördl. konz. Unternehmen für Zeitungs-Ausschnitte
628 904 1514 1002 Wien, I., Concordiaplatz 4.
851 988 1272 1051 Vertretungen
464 1038 1608 1098 ( in Berlin, Budapest, Chicago, Christiania, Genf, Kopen¬
442 1086 1611 1134 hagen, London, Madrid, Mailand, Minneapolis, New-Vork,
543 1115 1570 1159 Paris, Rom, San Francisco, Stockholm, St. Petersburg.
873 1162 1263 1223 (Quellenangabe ohne Gewähr.)
456 1205 933 1277 * Ausschnitt aus:
1075 1202 1362 1300 28 5001907
473 1247 553 1326 9
444 1323 671 1381 E vom:
1300 1308 1361 1382 □
819 1328 1284 1427 e
445 1409 1654 1467 + Arthur Schuitlers „Märchen“, das vor Jahren ohne
412 1455 1648 1521 Glück gegeben##de hatte, wie unser Wiener Korrespondent
408 1497 1658 1558 stelegraphiert, gestern im Bürgertheater großen Erfolg. Das Schauspiel
420 1533 1659 1590 hat sich nicht geändert und erwies sich als das alte folgerichtige und
422 1585 1663 1629 feinsinnige Problemstück. Aber das Publikum hat sich geändert, fühlte
426 1609 1656 1671 sich nun ergriffen und gepackt, spendete reichen Beifall und bereitete
422 1647 1669 1707 dem Dichter, der zum Schluß dem Hervorruf Folge leistete, große
410 1697 696 1769 Ehrungen.
1262 2444 1647 2521 Telephon 12801.
487 2619 1647 2712 P Min saunng
501 2715 1654 2779 Ο l. österr. behördl. konz. Unternehmen für Zeitungs-Ausschnitte
660 2754 1543 2846 Wien, I., Concordiaplatz 4.
526 2830 575 2890 4
898 2829 1327 2900 Vertretungen
510 2903 1650 2948 0 in Berlin, Budapest, Chicago, Christiania, Genf, Kopen¬
491 2934 1654 2989 F hagen, London, Madrid, Mailand, Minneapolis, New-Vork,
522 2967 1609 3028 0 Paris, Rom, San Francisco, Stockholm, St. Petersburg.
915 3007 1311 3073 (Quellenangabe ohue Gewähr.)
495 3056 541 3108 8
500 3045 953 3137 g Ausschnitt aus
728 3071 1623 3184 zestetgankfurter Zeiteng
493 3127 581 3178 935
498 3172 722 3234 E vom:
501 3278 738 3349 gepotet.
572 3335 1663 3417 X Wien, 27. Sept., 10.25 N. Schnile#sA####d¬
510 3375 1668 3446 wekt „Das Märchen“ fand heute inSenter einen
514 3413 1663 3505 statken, doch nicht widerspruchslosen Beifall. Unter den Dar¬
512 3443 1459 3510 stellern zeichnete sich Frl. Wrede als Fanny aus.
2782 246 3164 323 Telephon 12801.
2033 324 2093 392 6
2007 389 2082 455 6
2103 399 2437 498 MilnMH
2441 385 3153 499 Tprererar Ssannng
2055 449 2090 493 m
2020 501 3151 563 O l. österr. behördl. konz. Unternehmen für Zeitungs-Ausschnitte
2036 528 2087 575 70
2190 537 3049 636 Wien, I., Concordiaplatz 4.
1998 606 2098 666 2
2405 625 2853 688 Vertretungen
2024 670 3152 723 0 in Berlin, Budapest, Chicago, Christiania, Genk, Kopen¬
2001 712 3163 775 hagen, London, Madrid, Mailand, Minneapolis, New-Vork,
2104 749 3124 828 Paris, Rom, San Francisco, Stockholm, St. Petersburg.
2414 792 2816 848 (Quellenangabe ohne Gewähr.)
2028 825 3023 978 * Auschaßefffner Bürgoncon.
2005 905 2091 948 350
1993 941 2225 1001 E vom:
2546 932 2838 1009 28 9 1907
2142 982 2246 1049 1
2061 1058 3058 1140 Aus Wien telegraphiert unser Korrespondet: Im
1988 1126 3055 1171 Bürger=Theater erneuerte man heute die Bekanntschaft
2002 1159 2261 1225 mit S
2444 1172 3039 1230 or Jahren bereits im Volks¬
2000 1194 3046 1273 kheater gegedenen „Marchen“. Das nunmehr vom
2007 1240 3018 1286 Dichter knapper gehaltene Thesenstück von der Ge¬
1995 1278 3034 1337 fallenen und dem Manne, der sich nicht über ihre Ver¬
1982 1327 3039 1366 gangenheit hinwegsetzen kann, wirkte stark, wenh
1997 1362 3066 1430 auch nicht mit jener inneren Eindringlichkeit, die den
1973 1439 3069 1520 zispäteren dramatisch wie psychologisch reiferen und
2023 1497 3074 1565 seineren Werken Schnitzlers beschieden ist. Die Auf¬
2028 1531 3063 1610 führung im Bürgertheater war tüchtig, dem Ensemble
2033 1569 3073 1658 fügten sich ein paar neue Kräfte, Olga Welde und
2013 1617 2937 1699 die Herren John und Hartberg, gut ein.
2760 1889 3146 1970 Telephon 12801.
1972 2108 2057 2186 4
2010 2145 3148 2229 □ l. österr. behördl. konz. Unternehmen für Zeitungs-Ausschnitte
2004 2217 2081 2262 60
2169 2208 3044 2305 Wien, I., Concordiaplatz 4.
2389 2287 2829 2357 Vertretungen
2007 2330 3140 2424 ∆ in Berlin, Budapest, Chicago, Christiania, Genf, Kopen¬
1997 2376 3156 2446 F hagen, London, Madrid, Mailand, Minneapolis, New-Vork,
2110 2419 3114 2477 Paris, Rom, San Francisco, Stockholm, St. Petersburg.
2404 2462 2815 2525 (Quellenangabe ohne Gewähr.)
2015 2483 2083 2529 00
2015 2512 2472 2606 Ausschnitt au
2473 2540 3095 2639 ager Tagblatt
2005 2638 2241 2699 E vom:
2680 2627 2994 2710 28 9. 1907
2221 2695 2994 2804 Eich Schnitzler=Abend in Wien.
2278 2764 3065 2860 I. K. Wien, 27. Sept. (Telesh=Ver)
2183 2822 3100 2908 Das Bürger=Theater hat heute Artur Schnitz¬
2081 2868 3097 2945 lets Erstlingswerk „Das Märchen“, Schauspiel
2118 2919 3101 2988 insdrei Auszügen, gegeben, Das Werk behandelt
2107 2969 3082 3054 das Problem des gefallenen Mädchens. Ist es
2125 3004 3091 3087 Zit, daß das Märchen vom gefallenen Mädchen
2121 3038 3092 3135 gsstört werde? — So fragt der Dichter, und er
2128 3090 3090 3175 zeigt, wie der Held des Stucks, ein junger Schrift¬
2122 3145 3093 3208 steller, an seiner eigenen Theorie scheitert. Vor
2124 3193 3088 3255 vierzehn Jahren ist das Stück im Wiener Volks¬
2125 3226 3094 3292 theater gegeben worden (die Première hätte im
2130 3267 3101 3351 Deutschen Landestheater in Prag stattfinden sollen,
2141 3324 3099 3391 wurde aber damals von der Zensur untersagt.
2130 3361 3098 3433 D. Red.), erntete aber nur einen Mißerfolg. Heute,
2131 3407 3091 3471 da wir den reifen Dichter kennen, den Dichter der
2136 3439 3107 3526 „Liebelei“ und des „Anatol“ ist das Erstlingswerk
2058 3531 3058 3617 voppelr interessant. Und erst heute glauben wir
2089 3596 3062 3665 so recht zu verstehen, was der Dichter damals
2084 3639 3058 3707 wollte. Er hat es uns inzwischen in seinen spä¬
2085 3681 3052 3749 teren Werken klar gemacht. Heute hatte Schnitzlers
2088 3728 3064 3788 Märchen“ denn auch einen großen, lauten Erfolg.
2085 3751 3077 3827 Der Dichter wurde unzähligemal gerufen, ließ in¬
2076 3822 3067 3877 dessen die Rufe nach den einzelnen Akten un¬
2072 3865 3059 3913 beachtet und dankte erst zum Schluß für die stür¬
2071 3895 3057 3968 mische Ovation. Der feine Psychologe, der große
2075 3941 3061 4008 Menschenkenner und Techniker ist in dem Jugend¬
2064 3965 3076 4055 werk noch nicht zu erkennen, doch trägt das Märchen
2061 4017 3066 4096 die Merkmale des Talents, das uns später so reife*
2069 4063 3052 4144 Früchte schenkte. — Die Derstellung war fredlich“
2074 4119 2830 4195 bemüht, den Werke gerecht zu werden.
