3436 4352
567 233 984 304 Maerchen
1058 224 1483 322 box 7/2
227 238 992 342 3. Das
1134 557 1526 638 Telephon 12801.
377 720 461 794 2
454 715 1524 814 Mn mm
394 810 1537 892 O l. österr. behördl. konz. Unternehmen für Zeitungs-Ausschnitte
385 858 450 902 66
539 864 1416 940 Wien, I., Concordiaplatz 4.
363 933 474 993 2
779 941 1208 1011 Vertretungen
401 994 1520 1041 G in Berlin, Budapest, Chicago, Christiania, Genf, Kopen¬
364 1040 1531 1090 hagen, London, Madrid, Mailand, Minneapolis, New-Vork,
475 1082 1495 1125 Paris, Rom, San Francisco, Stockholm, St. Petersburg.
786 1122 1196 1166 (Quellenangabe ohne Gewähr.)
1041 1155 1172 1197 Daorig
384 1148 1456 1247 & Ausschnitt kfänkischer Coulier, Kürnberg
714 1235 978 1326 -9 10.190.
364 1272 610 1336 E vom:
602 1312 680 1368 1
944 1294 1390 1374 — Ligegen war es
317 1360 1387 1422 ziemlich überflüssig, das Schnitzlersche Mär¬
332 1404 1385 1479 schen auszugraben, das vor Vierzehn Jahren ziem¬
338 1450 1374 1522 lich heftig abgelehnte Erstlingswerk des Dichters.
348 1502 1386 1572 den man hier kaum noch erkennt. Damals wurde
349 1568 1399 1663 das Stück wegen seiner angeblich unmoralischen
349 1657 1395 1713 Tendenz abgelehnt. Nun, in dieser Hinsicht sind
354 1699 1401 1758 wir jetzt schon so ziemlich abgehärtet, aber keines¬
361 1741 1393 1792 wegs gegen eine verstauchte Gescheitheit und dra¬
367 1790 1399 1844 matische Hilfslosigkeit, wie sie sich in dieser An¬
353 1837 1414 1904 fängerarbeit bekundet, mit deren Ausgrabung man
348 1881 1381 1958 Bweder dem Dichter noch dem Publikum eine Freu##
356 1930 647 2010 bereitet hat.
746 2098 1197 2182 Vertretungen
396 2160 1503 2212 D in Berlin, Budapest, Chicago, Christiania, Genf, Kopen¬
354 2217 1505 2268 hagen, London, Madrid, Mailand, Minneapolis, New-Vork,
471 2253 1477 2298 Paris, Rom, San Francisco, Stockholm, St. Petersburg.
779 2296 1174 2354 (Quellenangabe ohne Gewähr.)
352 2336 841 2412 Ausschnitt aus:
891 2380 1379 2473 Grazer Tagespost
354 2409 883 2505 E vom: 10.0171907
858 2447 1372 2556 Minz, Steiermark
470 2533 1519 2611 „ Das Wiener Theater muß sich in jene schäbigen Restel
424 2553 1496 2672 der allgemeinen Aufmerksamkeit teilen, die Caruso übrig
440 2646 1491 2688 ließ. Damit soll nicht gesagt sein, daß es an Versuchen
443 2683 1489 2772 fihlt. Aber es sind meistens Versuche mit untauglichen
435 2738 1490 2820 Mitteln, wie die Juristen sagen. Noch hat sich nir¬
443 2794 1498 2859 gends ein ganz großer Erfolg eingestellt. Am ehesten
438 2843 1484 2901 kam das Pariser Lustspiel „Fräulein Josette — meine
442 2883 1495 2943 Frau“ im Volkstheater, diesem Direktoren=Ideale, nahe.
441 2942 1483 3013 Eine Scheinehe wird nach allerlei amüsanten Zwischen¬
433 2991 1482 3065 fällen zu einer wirklichen. Der Sexualwitz wird legitim,
437 3033 1491 3101 da er sich in einem ehelichen Schlafgemach aufhält.
429 3092 1488 3163 Auch Schnitzlers Jugendwerk „Das Märchen“ brachte
434 3150 1475 3206 es indBürgerkheäter zu einem hübschen Erfolg, wäh¬
419 3178 1481 3263 rend es vor vierzehn Jahren verhöhnt wurde. Ganz
435 3249 1477 3303 unbegreiflich scheint dieser Widerspruch nicht. Denn dies
431 3284 1487 3344 schleppende, viel redende und wenig gestaltende Schau¬
435 3346 1493 3413 spiel wird erst reizvoll, weil in ihm die späteren Werke
426 3394 1489 3456 unseres teueren Poeten keimen. Jenen Ausblick können
434 3446 1476 3502 wir aber erst jetzt genießen. Wir sehen die Entwick¬
427 3494 1484 3543 lung aller noch von Worten verschütteten, in Tendenzen
421 3543 1468 3610 vermummten Gestalten zu Menschen. Aber all dies
418 3605 1476 3662 kam nachher, ist im „Märchen“ erst angedeutet. Nimmt
427 3635 1278 3701 man es für sich, so hat es ein paar sehr
1088 3652 1490 3740 Ein D
397 3708 1470 3784 Scheinwerfer ins Dunkle leuchtende, ans Tiefste rührende
401 3773 1459 3829 Worte, läßt uns hie und da die zarte und doch uner¬
390 3816 1460 3881 bittliche Dichterhand fühlen, die unsere geheimsten Ge¬
394 3876 1459 3935 dankensünden, unsere schmählichsten und menschlichsten
408 3920 1460 3989 Eitelkeiten bloßlegt. Aber als Ganzes ist dies Schau¬
407 3972 1460 4033 spiel von der Verdammung der Gefallenen doch unge¬
800 4013 1467 4080 ein Versprechen, das erst dadurch
403 4014 801 4100 schickt, geschwätzig —
407 4064 1465 4142 wertvoll wurde, daß Schnitzler es so splendid einge¬
400 4125 588 4205 löst hat.
2690 276 3064 353 Telephon 12801.
1959 355 2005 410 6n
1946 388 2010 433 1n
1926 427 2335 529 2 M
2676 433 3030 539 SIN
1918 488 2012 546 —
1930 526 3079 590 O l. österr. behördl. konz. Unternehmen für Zeitungs-Ausschnitte
1961 563 2019 614 6
2101 592 2976 662 Wien, I., Concordiaplatz 4.
1912 644 2037 697 2
2313 648 2748 721 Vertretungen
1946 697 3054 776 9 in Berlin, Budapest, Chicago, Christiania, Genf, Kopen¬
1938 754 3071 812 hagen, London, Madrid, Mailand, Minneapolis, New-Vork,
1943 797 3043 860 0 Paris, Rom, San Francisco, Stockholm, St. Petersburg.
2344 833 2721 888 (Quellenangabe ahne GewülgL
1941 833 2006 876 00
2646 834 2949 941 Ta0K1. 1907
1922 861 2401 955 * Ausschnitt aus:
1918 948 2010 991 55
2263 933 2942 1040 Nedenal Zeitang, Derlin
1908 987 2155 1047 E vom:
1950 1020 3060 1125 al Wreklor Frons vem Burger=Theater darf nach der ver¬
1832 1070 3051 1166 unglückten Reprise von Schnitzlers „Märchen“ auf einen Erfolg
1875 1139 3052 1210 hinweisen: „Das Protektionskind, einen angenehmen, satirischen
1855 1187 3059 1260 Schwank aus der Feder des fruchtbaren Autorenpaares Engel
1840 1219 3052 1293 und Neidyardt. Er geißelt à la Karlweis mehr in milder
1846 1273 3053 1337 Bonhomie, als in loderndem Zorn das hierzulande in Beamten¬
1860 1332 3043 1387 kreisen besonders üppig wuchernde Protektionswesen, =Unwesen viel¬
1851 1376 3047 1421 mehr. Die Handlung ist sehr lustig ersonnen und weicht von der
1860 1412 3037 1478 alten Schwankschablone erfreulich ab. Diesmal heuchelt ausnahms¬
1863 1468 3043 1527 weise nicht ein im Grunde verfluchter Kerl bürgerliche Wohl¬
1857 1503 3041 1565 anständigkeit, sondern ein kreuzbraver älterer Herr, dem der Sinn
1856 1533 3039 1613 keineswegs auf des Lebens Genüsse steht, geht im Schweiße seines
1855 1587 3037 1649 Angesichts mit seinem Windhund von Vorgesetzten bummeln, um
1860 1641 3045 1712 dessen wertvolle Wohlmeinung zu gewinnen. Natürlich geht alles
1857 1672 2371 1733 gut aus, wie nie im Leben.
1876 1714 2310 1803 Wien, 12. Oktober.
2836 1709 3000 1809 O. B.
2039 1994 2151 2085 Rbr
2684 2039 3084 2145 Telephon 12801.
1948 2128 2988 2320 n
1918 2320 3077 2394 O l. österr. behördl. konz. Unternehmen für Zeitungs-Ausschnitte
2084 2365 2971 2449 Wien, I., Concordiaplatz 4.
2303 2446 2736 2502 Vertretungen
1966 2485 3056 2561 )in Berlin, Budapest, Chicago, Christiania, Genf, Kopen¬
1905 2535 3068 2598 hagen, London, Madrid, Mailand, Minneapolis, New-Vork,
1924 2575 3024 2634 0 Paris, Rom, San Francisco, Stockholm, St. Petersburg.
2325 2604 2710 2681 (Guelienangabe ohne Gewäßr.)
1917 2639 2389 2723 = Ausschnitt aus:
2292 2698 3116 2788 Osterreichische Rundschau, Wien,
3055 2730 3188 2814 2se
2212 2737 2492 2819 5. 70. 1907
1893 2723 2164 2847 E vom:
2281 2835 3039 2912 Das Bürgertheatgt versuchte sein
2198 2903 3041 2966 literarisches Glück mit der Wiederaufführung von
2203 2949 3047 3011 Artur Schnitzlers Schauspiel „Das Mär¬
2205 2991 3042 3056 chen“, d##ehn Jahren im Deutschen
2216 3037 3040 3107 Volkstheater abgelehnt worden war. Alle
2213 3068 3053 3146 Achtung vor der guten Absicht, das harte Urteil
2209 3131 3041 3182 von damals einer Revision zu unterwerfen.
2207 3175 3037 3234 Wohl war es interessant, in einigen Szenen und
2208 3216 3039 3282 Dialogen schon den späteren Schnitzler zu er¬
2205 3265 3053 3323 kennen. Was aber damals neu und kühn erschien,
2213 3310 3051 3371 dünkt uns heute verstaubt und überholt, und
2205 3356 3055 3425 doppelt unangenehm berührt in unseren Tagen
2208 3395 3057 3458 der schrankenlosen Freiheit in der Behandlung
2120 3508 2942 3583 sexueller Probleme die zaghaft zwiespältige
2105 3575 2952 3633 Tendenz, die Geschlechtsmoral der Gesellschaft
2105 3625 2940 3670 zu negieren und dennoch ihre Bedenken anzu¬
2110 3663 2943 3715 erkennen. Zudem war die Darstellung im
3001 3673 3091 3731 larl
2114 3692 2947 3758 Bürgertheater auch nicht von der Art, um
2106 3748 2956 3790 Schwächen zu decken und Vorzüge zu heben.
2101 3798 2949 3845 So konnte die verspätete Aufführung der miß¬
2106 3814 3022 3911 glückten Arbeit nicht mehr frommen. Aup¬
2110 3877 2841 3952 Ewigkeitswerke erstehen von den Coten?
