3436 4352
1148 189 1549 302 bos 7/2
420 191 1056 277 Das Maerchen
261 196 1012 324 J. Das nderenen
2839 1030 3359 1130 — Verforgungsanstatt o
451 1102 3366 1156 ist nicht gar so übel. Ich zweifle nur, daß der vornehme Dythramben glauben soll, die neuerlich diesem jungwienerskeine Pupillar#
436 1147 3359 1222 Geschmack des Herrn Direktors dem Publikum des Rai= Schriftsteller gesungen werden. Das „Märchen“ hat erl nach gesetzlich als Anh
450 1193 2896 1273 mundtheaters munden wird. Er hat auch die Darsteller schon vor vierzehn Jahren erzählt, daß der Mann beim
2971 1202 3354 1271 Falls der Ausg
454 1254 3358 1310 für solche Vijons nicht. Sie greifen mit groben Händen Weine über das „Gewisse“ nicht hinauskommen kann. kommt, so werden ohr
449 1303 3274 1364 zu, sind noch unfertig und verstehen es nicht, Stimmung Er bewies es in dem Stücke damit, daß der junge Fedor, im Werte sinken.
452 1346 3353 1415 zu machen. Wie soll auch Frl. Sitty plötzlich feines trotz seiner angeblich freien sittlichen Anschauung, die ge=svermögen abermals
441 1393 1019 1456 Gemütstiefe verkörpern .
1116 1402 3357 1464 Frl. Bünger ist wohl liebte Fanny wegen ihres Fehltrittes nicht heiraten kann! Nachlässigkeit der Adn
435 1443 3357 1507 trocken genug, aber auch sie läßt es am Schmelz der trauten und sie lieber nach Petersburg gehen sieht. Seit damals anstalt zuzuschreiben i
446 1497 2910 1565 Heimlichkeit fehlen, der in das Milien gehört. Unter den hat sich vieles geändert und Schnitzler braucht sich nur in
2972 1487 3352 1565 Ein möglicher H
448 1545 3356 1604 Herren verrät nur Herr Essek frischzugreifende Natür=seiner nächsten Umgebung umzusehen, um sich zu über=papiere seinerzeit von
442 1595 3353 1649 lichkeit, die anderen sind gekünstelt oder ungeschlacht. Ist zeugen, daß heutzutage „Fehltritte“ die Anwartschaft auf übernommen wurden,
450 1638 3354 1709 es nicht bezeichnend für den neuen Herrn und sein höchste Frauenehre nicht ausschließen. Sein Stück wird Versorgungsanstalt w
441 1696 3356 1747 Regime, daß gerade die Mitglieder des früheren Ensembles also nur mehr der Tantiemen halber aufgeführt. Es klingt, Besitzes, noch von der
443 1738 2813 1801 den ersten Erfolg hatten? Kirschner wurde bei was er predigt, heute wirklich wie ein Kindermärchen:
2867 1729 3351 1812 Hiermit wird wieder I
444 1783 3362 1846 offener Szene beklatscht und Frl. Lichten verbreitete mit Im Bürgertheater wird allgemach ein wenig besser der Interessenten verl
451 1834 2893 1903 zitterigem Altenteilhumor wahre Weihnachtsstimmung. Ja, Komödie gespielt. Eine junge Kraft, Frl. Weede, führte
2969 1829 3359 1906 Unser Advokat 4
448 1902 3359 1956 das Neue ist nicht immer das Beste, und ein bißchen Aus= sich sehr vorteilhaft ein. Die junge Künstlerin scheint Rechtsanwalt, sonder
442 1935 3364 1996 gleich könnte auch dem alten Heim in der Wallgasse nicht Temperament und Leidenschaft zu haben, in geschickter sorgungsanstalt. Dic
444 1999 3362 2048 schaden Dieser Herr Weinmann mit seiner aufdring=Hand kann sie zur Größe heranreifen. Herr John, ich mäßigen Obliegenheit
449 2033 1676 2102 lichen „umorlosigkeit könnte wohl das Opfer des Aus¬
1663 2034 3359 2109 glaube, er war in Prag vor ein paar Jahren ein guter, Rechtsanwaltes der A
443 2081 777 2168 gleiches sein.
2884 2093 3076 2172 werden.
1655 2076 2886 2155 natürlich wirkender Schauspieler, hat sich in Hamburg
556 2145 2890 2192 Das Intime Theater hat sich neu geputzt, was es Manieren angewöhnt, die St. Pauli gutheißen kann, die
2973 2116 3353 2208 Gegen diese nun
455 2180 3360 2264 sonst Neues hat, ist weniger freundlich. „Der Aushilfs=faber bei uns nicht wirken. Streift er diese unnatürlichen wurde vom Wiener I
448 2241 3320 2298 gatte“ von Artus, furchtbär schlecht übersetzt von Engel Eigenschaften ab, wird er auch in Wien gefallen. Die Versorgungsanstalt
519 2292 3362 2341 dieser Engel flattert aber auch überall herum gehört sanderen, mit Ausnahme des Herrn Jules, heißen nicht  Allgem. Versorgungs
455 2314 3352 2404 ins Josefstädter Theater, der Komiker Stärk gehört viel. Frl. Stoll zeigt gute Manieren, ihr Talent läßt wohlbegründeter Prof
446 2389 3357 2446 allenfalls ins Budapester Orpheum, die Damen Col=sich an der kleinen Rolle nicht beurteilen, Frl. Brenn=erforderliche Stimmen
450 2425 1676 2486 mar und Osten noch ein wenig in die Theaterschule und
1680 2433 2896 2505 eis, das süße Wiener Gesichterl, scheint allgemach auf die
2971 2437 3354 2508 Dr. Fidelis Rei
445 2476 3364 2555 in die Provinz, und mit den anderen will ich nicht rechten, Schauspielerei nicht viel Wert mehr zu legen. Im Volks¬ anwalt und Direktor
454 2530 2878 2592 weil sie die Rollen nicht darnach hatten. Die Direktion theater versprach sie viel, sie will offenbar nicht halten, was
2881 2538 3346 2596 des Hauses Ma
451 2567 3351 2651 des Intimen Theaters wird gut iun, bei ihrem Genre zu ssie versprach. Schade. Auch sonst ist's schade um das von der Allgem. Ver
456 2631 3360 2688 bleiben, mit den französischen Schwänken wird es Herrnungemein hübsche, intime Theaterchen. Wenn doch Direktor gegen der Bestimmun
464 2675 3357 2738 Jarno kaum Konkurrenz machen können. In einer Loge Fronz zur Einsicht käme und sich einen Direktor engagieren Versorgungsanstalt, §
467 2724 1864 2806 saß Herr Maran und hat sich wohl nicht wenig erbaut, wie würde:.
2982 2735 3361 2807 Dr. Reiner wur
463 2773 1203 2841 wenig Konkurrenz er in Wien hat.
1777 2771 3365 2843 Es war keine verlorene Woche, diese erste der eigent= der Allgem. Versorgun
557 2838 2798 2916 Zuletzt kam noch das Bürgertheater, diesmal mit lichen Saison, aber hoffentlich folgen ihr doch bessere.
2868 2828 3359 2897 Jahre 1903, als da
1260 2873 1701 2933 wenn man den
465 2851 1280 2952 Schnitzler, also jungklassisch
2735 2876 3363 2939 n. im Dienste der Anstall
2305 2884 2386 2985 —
3036 2939 3358 3024 mit etort un
3029 3013 3326 3083 antomatiech
1607 2959 2938 3157 -Schreibmaschine, die bestel
1185 2960 1449 3185 al
827 2958 1095 3185 de
3022 3083 3346 3232 hch. S
541 3168 1506 3288 B
1686 3154 2817 3306 Grösste Burchschlagstsbigkeit! 2 Serte Reiereamm!
3121 3201 3336 3312 Wien, II.
