3532 4256
415 61 1413 128 e eeett Aeen nete
419 110 1420 170 versprochen hatten. Der Held und die Heldin fingen an,
416 153 1421 211 miteinander zu zanken, als ob sie schon verheiratet wären,
418 191 1429 255 indeß wuchsen sie nur zusammen, um auseinander zu
421 234 1427 299 gehen. Er wurde brutal und sie unterschrieb aus Zorn
416 270 1427 329 einen glänzenden Vertrag nach Petersburg, worauf das
418 316 1429 381 Stück zu Ende war. Und in Rußland kann es nun geschehen,
414 363 1426 410 daß die von einem simplen Dichter verlassene Gefallene
419 403 1419 458 von einem Fürsten geheiratet wird, der sich über das
412 431 1417 506 Vorleben einer talentvollen Schausvielerin nicht die
401 484 1420 546 geringsten Skrupel macht! Die Begabung des Ver¬
421 523 1419 574 fassers ist jedenfalls bedeutender, als sein Stück,
410 568 1410 633 das sich mangels einer Handlung aus lauter, mit
403 615 1415 665 unter allerdings interessanten Gesprächen zusammen¬
409 643 1412 724 setzt. Auch ist es nicht so naturalistisch, wie sein
405 687 1407 759 Ruf, womit allerdings nicht gesagt sein will, daß
413 740 1415 785 „Das Märchen“ ein passendes Weihnachtsgeschenk
413 778 1413 844 für Kinder sei. Man kann es schlimmsten Falles ein
412 818 1405 890 Fächerstück nennen, ein Stück, in welchem junge, aber
402 864 1394 910 noch erröthende Damen ihren Fächer wiederholt in Ge¬
407 896 1407 977 brauch nehmen. Die Darsteller spielten gut. Fräulein
399 951 1390 1004 Sandrock gab die dreimal gefallene Schau¬
406 983 1392 1043 svielerin mit lobenswerther Discrection; nur die große
404 1036 1402 1081 Sceue im dritten Acte sprach sie zu leise, sozusagen
395 1075 1403 1124 mit gedämpfter Zunge. Herr Nhil redete sich von den
390 1125 1403 1188 zwei Seelen, die in seiner Brust wohnten, eine heraus,
389 1166 1402 1208 aber er that dies mit hohem Anstand. Ein gut ge¬
390 1196 1411 1260 zeichnetes Wiener Gigerlpärchen fand in den
392 1247 1400 1305 Herren Kutschera und Giampietro vor¬
395 1281 1386 1351 treffliche Interpreten; manchmal sprachen sie allerdings
392 1317 1395 1391 flüsternd, als ob sie sich genirt hätten, alle ihre Dialog¬
397 1366 1407 1435 wendungen öffentlich vorzutragen. In einer kleineren
397 1409 1408 1464 Rolle führte sich Frl. Bock, eine Ueberläuferin vom
391 1457 1405 1524 Burgtheater, angenehm ein. Die Herren Tewele,
399 1495 1412 1557 Eppens und Meixner 2c. trugen das Ihre zu dem
388 1542 1400 1591 Erfolge bei, der erst nach dem letzten Fallen des Vor¬
381 1586 1399 1648 hanges heftigen Einwänden begegnete. Warum mußte
383 1631 1398 1697 auch Dr. Arthur Schnitzler Alles auf einmal sagen
381 1669 1409 1735 wollen? In seinem Schauspiel wird so viel geredet, als
373 1713 1244 1777 ob er es in einer Sprechstunde geschrieben hätte.
1899 131 2641 199 3. Das Maerchen
2799 124 3151 211 box 7/2
2852 529 3140 576 Oesselsternose*
2186 535 3240 618 tung war bewundernswürdig und die Chöre klangen
2196 591 2684 649 selten frisch und prächtig.
2285 620 3203 693 (Deutsches Volkstheater. „Das Märchen",
2174 665 2880 720 Schauspiel von Arthur Schnitzler
2942 676 3226 731 Jung=Berlin
2179 700 3224 780 hat mit Proletarierdramen debutirt; Jung=Wien be¬
2175 740 3225 817 ginnt seine Laufbahn, indem es Themen aus dem
2175 789 3211 848 alten Theaterrepertoire modernisirt, dies ist bezeich¬
2179 833 3221 876 nerd für die literarischen Kreise der beiden Städte.
2234 872 3226 929 Ist es bloßer Zufall, daß die großen Dramatiker
2166 915 3219 971 Shakespeare, Schiller, Augier bis auf Hebbel, Anzen¬
2172 950 3209 992 gruber und Ibsen, alle insgesammt vom Leben in
2181 990 3212 1051 früher Jugendzeit schon mit rauher Hand angefaßt
2180 1021 3211 1084 wurden? Das Trama ist wohl eine ernste Kunst, die
2178 1062 3218 1129 der Ernst des Lebens am besten zu lehren vermag.
2166 1114 3206 1168 Das literarische Jung=Wien aber, das jetzt graziös und
2167 1146 3215 1195 lächelnd seine Hand nach dem dramatischen Lorbeer
2170 1179 3211 1247 ausstreckt, besteht aus verhätschelten Kindern Fortung's,
2172 1225 3211 1287 die Lustspiele erleben und Trauerspiele schreiben
2173 1266 3215 1320 möchten. Arthur Schnitzler, darunter der Besten
2173 1307 3210 1363 Einer, hat es nun an sich erfahren, daß von der
2170 1330 3210 1403 Canserie und dem Proverbe zu den steilen Höhen
2167 1380 3207 1440 des Dramas kein sicherer Weg führt. Sein Anatol,
2166 1417 3216 1470 der echt wienerische, liebenswürdige frische in seinem
2166 1472 3214 1502 Cynismus stets graziöse Held eines Cyklus von Ein¬
2168 1508 3212 1551 actern, dramatisirten Junggesellenabenteuern, wie
2167 1539 3218 1590 schwächlich nimmt er sich in dem neuen Stücke als
2170 1570 3213 1639 Fedor Denner aus, von dem Autor vor ein ernstes
2164 1616 3214 1681 Schicksal und eine ernste Frage gestellt! Die Frage
2164 1655 3215 1719 lautet: Kann man einer Gefallenen verzeihen? Das
2163 1705 3202 1750 klingt nun nicht sonderlich originell noch auch mo¬
2163 1739 3205 1794 dern. Hebbel hat darauf in seiner „Maria Magda¬
2167 1775 3202 1839 lena“ mit dem unbarmherzigen Vater geantwortet:
2171 1827 3201 1879 „Darüber kann kein Mann hinweg.“ — Dasselbe sagt
2159 1872 3204 1920 auch Fedor Denner, der Held des Schnitzler'schen
2165 1904 3209 1960 Stückes. Aber er sagt es erst zum Schluße, nachdem
2166 1937 3199 1987 er vorher das gerade Gegentheil gesagt und auch ge¬
2152 1985 3207 2034 glaubt hat. Dadurch wird die Sache wieder neu und
2164 2019 3205 2068 interessant. Die These verschwindet, die Wirklichkeit
2155 2047 3203 2114 kehrt uns ihr gleichmüthiges Antlitz zu und kündet
2158 2096 3196 2154 uns die bitter-ironische Wahrheit, daß man ein sehr
2156 2138 3194 2202 moderner Geist sein, und dabei doch der Vorurtheile
2159 2177 3194 2229 nicht jedig werden kann, die Einem von der Groß¬
2158 2219 3193 2281 vaterzeit her im Blute liegen. „Wir sind Alle für
2163 2256 3215 2316 unsere Welt nicht reif!“ sagt im ersten Act einer von
2155 2293 3188 2344 den Kameraden Fedor Denner's. Das könnte nur
2157 2335 3196 2378 der leitende Gedanke des Stückes sein — ist es aber
2149 2368 3198 2424 nicht, denn Schritt für Schritt weichen Autor und
2151 2417 3200 2497 Held zaghaft vor dem Problem zurück. Zuerst ver¬
2260 2445 2470 2500 Aereng.
2151 2515 3123 2587 d daß heißt wieder: die Aussicht, daß wir bald
2106 2579 3127 2622 In Pilsner zum Trinken haben werden. Unsere
2112 2616 3121 2666 kirthe haben ihr Herz für die Consumenten entdeckt
2119 2659 3117 2710 D wollen nicht, daß er sein Krügel „Pils“ theurer
3171 2660 3229 2722 pr
2110 2705 3118 2760 zahle und die gutmüthigen Wiener, gerührt von
2117 2737 3120 2793 eser Rücksichtsnahme für ihre Tasche und ihren
3142 2781 3236 2837 n0
2102 2779 3124 2827 urst, sind entschlossen, den Feldzug der Wirthe durch
2129 2814 3127 2869 e Enthaltsamkeit zu unterstützen. Wenigstens jetzt
2125 2854 3128 2900 lange noch die Vorräthe dauern, welche die klugen
2122 2890 3115 2934 irthe trotz ihrer kriegslustigen Stimmung einge¬
2111 2933 3114 2994 iert haben, ist die Strikelust groß. Und Alles trinkt
2107 2983 3120 3031 #t zum — Abschied Pilsner. Wer weiß, wann man
2115 3019 3119 3069 jeder ein so schäumendes Krügel „Pils“ vor sich
2113 3058 3117 3108 jen wird, sagt sich der Wiener, und gießt „immer
2104 3099 3121 3144 ch ein's“ hinter die Binde. Aber wir glauben, daß
2100 3132 3116 3183 ese Abschiedsstimmung, so zuträglich sie für die
2115 3166 3113 3212 egsführenden Parteien — die Wirthe und das
2120 3210 3108 3256 sner Brauhaus sein mag — doch unberechtigt ist.
2150 3255 3119 3300 wird gar nicht zur Schlacht kommen. Das alte
2114 3293 3109 3345 erichwort: „Wer den Frieden will, rüste zum
2116 3342 3107 3378 iege“ wird auch diesmal seine Wahrheit erweisen,
2117 3371 3108 3419 id die erfreulicher Weise stattlichen Lagervorräthe
3133 3395 3240 3470 fer
2123 3410 3119 3457 Pilsner werden hinreichen, um den streitenden
2123 3450 3110 3501 rteien Zeit zum Friedensschlusse zu lassen. Die
3139 3470 3231 3518 Ge
2129 3486 3109 3534 orgten Freunde des „Pils“ können also ruhig
3135 3512 3235 3559 art
2135 3533 3107 3578 en Durst auf das alte Quantum zurückschrauben,
3137 3551 3226 3602 haf
2169 3567 2215 3620 ist
2215 3569 3110 3634 alle Aussicht vorhanden, daß sie um ihren
3133 3589 3231 3640 Mi
2130 3615 2723 3659 nuß nicht gebracht werden.
3133 3630 3234 3680 bei
2190 3652 3115 3697 Eine galante Affaire.) Eine galante Affaire
3129 3663 3246 3722 vor
2187 3688 3105 3729 über die in den Kreisen der Eingeweihten ge¬
3134 3703 3240 3767 bre
2204 3726 3115 3776 t und gelispelt, gewitzelt und gewispelt wird;
3131 3750 3245 3805 Si
2506 3764 3124 3837 Sie ist ausgestattet mit allen
