3436 4256
652 134 1078 218 Maerchen
459 137 610 214 Das
1211 137 1573 232 box 7/2
302 148 1051 265 J. Dus nderene..
1807 173 3118 265 dem Volksverächter Coriolan entgegenstehen, jedes Tages schöner
1814 240 3111 312 Zufall kann uns einen Matkowsky bescheeren, einen Coriolau.. Jetzt,
1806 265 3120 365 im Lessingtheater, wo das Deutsche Theater gastierte, wurde er nicht
1796 330 2948 388 geboren, wurde das Shalespeare=Stück anständig begraben.
2428 378 2507 430 *
1880 412 3103 483 Ein ähnliches Schicksal bereitete abermals das Deutsche Theater
1854 462 3096 521 diesmal in seinem eigenen Haus — der „Kameliendame“.
1795 498 3109 575 Hola! Wer hat den drolligen Einfall, Shakespeare und Dumas
1815 549 3106 617 (Dumas père!) in eine Visierlinie zu stellen? Der Franzose war
1792 591 3106 661 gewiß nur ein Kind seiner Epoche, wenn auch, just mit der
1791 641 3108 700 „Kameliendame", der ersten dramatischen Rettung der Edeldirne,
1789 687 3109 748 ein Mitschöpfer seiner Epoche. An seiner begrenzten Zeitlichkeit
1788 735 3107 784 könnte es liegen, daß er den Schauspielern unserer Zeit entrückt
1788 779 3108 840 wäre. Doch stimmt es heute noch nicht. Das Schauspiel des
1793 809 3110 880 älteren Dumas hält noch immer mit den Klammern eines aus¬
1798 859 3102 914 gezeichneten Theaterstücks die Zuschauer gefangen, und es hat die
1785 908 3102 965 große Rolle, die vor und nach der Sarah Bernhardt und der Duse
1784 949 3094 998 die Königinnen der Bühne in ihr Diadem flochten. Aber nun in
1787 987 3094 1036 Berlin, wo man zufällig seit Jahrzehnten das Schauspiel nicht ge¬
1786 1036 3109 1088 sehen hatte, mochte die „Kameliendame einer jüngeren Generation
1786 1084 3103 1141 verblaßt und abgelebt dünken. Der zureichende Grund? Daß sich
1775 1129 3098 1187 die Modischen — die Schauspieler und ein „Bearbeiter“ — zwischen
1781 1168 3104 1229 das Publikum und den alten Dumas stellten. Es genügt nicht,
1783 1216 3096 1271 dieses Stück in der Kleidertracht der vierziger Jahre aufzuführen,
1792 1272 3102 1323 man muß es auch im inneren Stil des späteren Biedermeier geben,
1789 1301 3099 1372 mit allen kulturgeschichtlichen Formen seiner Gefühlswelt. Der
1785 1352 3085 1407 Modernisierung widerstrebt es, sie deckt das überholte auf und
1773 1393 3096 1442 distanziert uns. Daher ist die dramaturgische Bearbeitung
1777 1431 3094 1482 Theodor Taggers nicht etwa bloß „überflüssig“, sie ist schäd¬
1789 1476 3090 1538 lich und auffallend verständnislos, indem sie z. B. die entscheidende
1785 1518 3095 1589 Szene zwischen der Marguerite Gautier und dem Vater des Ge¬
1788 1566 3098 1619 liebten aus falscher Schen vor Empfindsamkeit derart kürzt, daß
1777 1615 3093 1679 das die Tragödie des Mädchens tragende Entsagungsopfer, die
1779 1656 3095 1711 Selbstverleumdung, dem Mitgefühl nicht erschlossen wird. Der
1773 1700 3095 1758 Regisseur (Bernhard Reich) verfiel derselben Verirrung;
1777 1744 3096 1805 superklug machte er aus dem Vater (Gronau) und aus dem
1781 1785 3088 1856 Liebhaber (Müthel) zwei moderne Skeptiker. Schließlich die
1777 1833 3094 1894 Hauptsache: die Marquerite der Elisabeth Bergnerl
1787 1883 3097 1935 Unserer wundervollen, im kleinsten klingenden Nerv lebendigen
1784 1922 3094 1977 Bergner! Auch als Kameliendame gab sie sich — und das will
1788 1968 3091 2032 sagen, daß es da und dort vom Himmel taute; doch sie gab nicht
1785 2015 3095 2067 die Marguerite, nicht das verlorene Kind im Strahlenglanz, nicht
1787 2057 3085 2111 das heroische Herz. Ein kleines, hilfloses Vögelchen zirpte und
1784 2095 3091 2145 slatterte, und die Sterbeszene, mit deren erhabener Qual und Glorie
1787 2137 3088 2204 der Sehnsucht die Duse, die Bellincioni uns überwältigt hatten,
1787 2184 3088 2252 schrumpfte ein zu einer klinischen Studie. Diese Aufführung be¬
1784 2231 2558 2295 wies nichts gegen die „Kameliendame“.
2386 2275 2478 2341 *
1846 2299 3085 2374 An mißglückter Darstellung scheiterte auch ein lobenswertes
1779 2358 3079 2423 Unternehmen des Rotterschen Lessingtheaters, die Ausgrabung von
1783 2403 3096 2471 Arthur Schnitzlers Jugenddrama „Das Märchen". Ein
1787 2461 3084 2513 Stück von Schnitzler, dem Meister — ein Experiment? Aber so
1781 2497 3082 2569 will es die urteilslose Erfolgsanbetung der Theaterdirektoren.
1781 2547 3088 2608 Ehe „Liebelei“ den Schnitzler hiebfest gemacht hatte, wurde „Das
1785 2582 3089 2656 Märchen“ vom Wiener Publikum abgelehnt. Das Odium blieb
641 2577 1290 2648 Dr. Max Goldschmiel
1788 2636 3085 2704 an dem nicht mehr überprüften Schauspiel haften, und man ent¬
647 2642 1280 2717 Büror Zeitungsausschnitte
1780 2679 3093 2750 behrte drei Jahrzehnte ang eine feine tragische Satire auf den
989 2669 1458 2734 Teleion: Norden 3021
453 2670 760 2748 BERLIN N4
1780 2724 3077 2798 „vorurteislosen“ Mann. Der ist im Stück sogar ein Dichter,
1781 2768 3090 2833 einer also, den gesellschaftliche Gesetze nicht drücken, und dessen
776 2769 1141 2851 Ausschnitt aus:
1782 2812 3089 2865 Feder für die Moral des Herzens streitet! Im Hause des von
531 2828 1389 2933 Schlesische Seitung, Breslau
1783 2859 3083 2917 ihm geliebten jungen Mädchens (und sie liebt ihn) streiten die
1774 2903 3081 2953 Gäste über weibliche Brautschaft ohne Myrtenkranz, und der An¬
1774 2940 3084 3001 walt höherer Gerechtigkeit, noch nicht ahnend, daß er in eigener
1773 2993 3086 3050 Sache spricht, bekämpft mit schöner überzeugung die egoistische
1782 3028 3079 3083 Engherzigkeit der Männer, die paritanische Strenge nur gegen
671 3037 1620 3145 Berliner Ur- und Erstaufführungen.
1781 3077 3082 3130 das andere Geschlecht üben und ein in der Seele rein gebliebenes,
1776 3121 3082 3173 einst der Verführung unterlegenes Mädchen nicht zu heiraten wagen.
482 3121 1769 3182 (Shakespeares „Coriolan“. — Dumas' „Kamelien¬
1783 3166 3076 3211 Die Szene hat die Schwäche eines Jugendwerks, noch steckt Schnitz¬
475 3167 1776 3241 dame“. — „Das Märchen“ von Schnitler. — Grabbes
1779 3207 3080 3260 ler im Debattierklub. Doch schon fallen die Streiflichter des
502 3216 848 3295 „Napoleon“.
888 3216 1749 3287 „überfahrt“ von Sutton Vane.)
1774 3246 3084 3310 Psychologen auf die „jungen Leute“ Wiens. Und dann, in einem
833 3271 1440 3340 Von Hermann Kienzl.
1775 3295 3079 3350 kurzen, stummen Augenblick, reichen uns Leben und Dichtung ihre
546 3316 1769 3390 Den Shakespeare'schen „Coriolan“ hatte man seit
1781 3341 3084 3396 Rose: Wortlos preßt das erbebende Mädchen einen heißen Kuß
480 3388 1773 3439 Matkowskys Tode in Berlin nicht gesehen. Wer jenes letzten Helden
1772 3386 3085 3441 der Dankbarkeit auf die Hand des Menschlichen. Eine Beichte
486 3427 1766 3495 (der Bühne) gedachte, fragte bang: wird der Römer wiederkehren?
1767 3418 3077 3490 von so tiefer und zarter Beredsamkeit, daß sie stärker ergreift
476 3467 1767 3534 Er ist als Fritz Kortner nicht gekommen. Der Empörer
1763 3461 3083 3526 als irgend Worte. Ein Märchen, dieses vom Schicksal frühzeitig
477 3515 1774 3577 Kortner ist kein Nobilis. Ist, welchen Text auch seine Lippen
1775 3516 3085 3585 mißhandelte Kino, eigentlich in Reinheit aus schuldvoller Ver¬
474 3550 1765 3609 sprechen, ein Genosse des Robespierre und der Volksrevolution. In
1776 3556 3077 3620 gangenheit emporgeblüht! Warm und hellblütig, war die kleine
1772 3603 3075 3658 begnadete Schauspielerin den Illusionen ihrer sehnsüchtigen
478 3604 1778 3659 dunklen Gründen wurzelt seine Kraft. Man wäre allzu rasch mit
470 3641 1774 3701 dem Wort zur Stelle: unsere Zeit könne keinen Coriolan hervor¬
1769 3643 3086 3698 Künstlerfeele zum Opfer gefallen, sie wird dem geliebten Mann
1771 3697 3075 3749 treuer sein als eine Wohlbehütete. Faltenlos breitet sie vor ihm
475 3681 1776 3757 bringen. Gerade von den Schauspielern gilt es am wenigsten, daß
1769 3741 3076 3778 ihre Vergangenheit aus: wie der Prinz ihrer jungen Träume sie
475 3736 1778 3803 ihr Geist durchaus vom Zeitgeist abhängt — es regieren andere
1773 3775 3073 3827 betrog und auch der zweite, in der Verlassenheit als Retter um¬
474 3776 1771 3834 nicht politische Sterne in ihrem Reich die Zeit. Nannte Prinz
475 3836 1769 3885 Hamlet die Schauspieler eine „lebendige Chronik“, so dachte er sie
1772 3830 3085 3882 klammert, sie verließ. Und jetzt? Der Ritter der schuldhaften
1773 3866 3079 3924 Unschuld, der Liebende, ist so klein wie alle. „Darüber kommt
480 3853 1784 3940 als Vermittler der Dichtungen, in denen der Saft der Zeit
477 3916 3080 3955 quillt. Ein Shakespeare=Mensch bleibt allezeit ein Stück Chronik:  kein Mann weg.“ Aus der Pein seines Zwiespalts reißt er sich
472 3947 3085 4031 Chronik der Menschheit. Wie immer Gegenwart und Zukunft] mit Brutalität. Ein Drama männlicher Selbstanklage. Es kommt
