3484 4256
1210 117 1585 212 box 7/2
492 134 1067 190 Das Maerchen
325 133 1075 237 3 . J n eenenen e e
928 468 1755 576 Theater, Kunst und Ziteraiur.
1864 562 1922 607 he
913 560 1839 633 Deutsches Vallstheater. Herr Arthur Schnitzler,
813 609 1856 681 der junge Wiener Auter, dessen dreiaktiges Schauspiel „Das
1865 638 1925 689 C
812 656 1848 725 Märchen“ gestern zur ersten Aufführung gelangte, gehört
821 698 1857 771 zu den „Modernen“. Wie man sich zu dieser Richtung auch
1858 717 1930 772 fü
819 756 1852 805 stellen mag, sie hat sich die Bühne erobert und man muß mit
1849 757 1941 817 72
821 806 1860 866 ihr rechnen. Aber selbst derienige, welcher der neuen Strömung
819 841 1928 905 das größte Wohlwollen entgegenbringt, muß zugestehen, daß 1 ##
827 897 1929 968 manche von den Neuen ein besonderes Geschick haben, sich ze
819 940 1848 1001 den Leuten im Vorhinein unangenehm zu machen. Bei dem
819 983 1847 1042 gestern aufgeführten „Märchen“ ärgert man sich schon über
1857 1004 1928 1052 na
819 1036 1851 1092 den Zettel. „Fedor Denner“, „Robert Well“, „Moritzky“
1854 1030 1937 1085 ui
1852 1076 1939 1120 un
825 1075 1842 1125 und so weiter steht da zu lesen, ohne jede weitere Neben¬
1867 1113 1934 1152 der
817 1123 1852 1189 bezeichnung. Das ist für das Publikum nun etwas ganz
816 1165 1850 1218 Ungewohntes. Was verschlägt es denn dem Antor, wenn er
828 1218 1843 1274 schreibt: „Robert Well, Maler“, „Moritzky, Theateragent",
825 1263 1855 1323 wie es auf dem deutschen Theater nun einmal üblich ist?
827 1310 1847 1353 Falls ein solcher Theaterzettel einmal ein Stück mit großem
1857 1325 1945 1387 die
822 1359 1841 1415 Personal beträse, so konnte man ebenso gut darauf schreiben:
1859 1383 1938 1437 Fa
820 1400 1845 1447 „Personen, siehe Wohnungsanzeiger“, da stehen die verschie¬
1867 1431 1942 1484 Dr
812 1444 1843 1513 denen Fischer, Huber, Müller, Meier alle verzeichnet, und in
1853 1475 1939 1538 sen
816 1495 1848 1542 Erwartung der Dinge kann sich der Leser einen heraussuchen,
1853 1519 1947 1579 wei
816 1546 1848 1600 der ihm gerade paßt. Gehört diese bloße Namensnennung
825 1577 1948 1649 auch zum „Prinzip“ der Modernen, dann ist das jedenfalls ein
1858 1618 1944 1667 Dr
816 1632 1855 1694 eine kindische Prinzipienreiterei, die mit dem Wesen der
813 1667 1947 1740 Sache gar nichts zu thun hat. Das neue Stück selbst seit
819 1708 1947 1793 behandelt das Thema von den „Gejallenen“ — siehe die unt
1849 1759 1954 1825 Pr.
814 1774 1839 1836 bekanntesten Franzosen und die Wiener „Gefallenen Engel“
1881 1809 1952 1862 ur
812 1814 1831 1885 Herr Schnitzler ist aber jedenfalls ein sehr gebildeter Autor,
1880 1855 1957 1905 hei
815 1864 1838 1930 das merkt man in dem Stücke; er vertheidigt seine Vorlage:
1859 1894 1950 1953 tref
819 1916 1845 1973 „Den Gefallenen muß verziehen werden“ mit Geist, seine
1865 1945 1945 2007 we
815 1970 1848 2022 Sprache ist gewählt und einzelne Wendungen sind von
1850 1990 1951 2046 sein
822 2011 1834 2054 frappirender Wahrbeit. Diese spielt selbstverständlich über¬
1852 2034 1958 2097 hoft
814 2052 1837 2106 haupt eine große Rolle in der Novität, und wir erklären
813 2102 1838 2151 uns vollkommen damit einverstanden, daß Direktor Bukovics
1846 2105 1936 2180 23.
822 2153 1845 2211 einem der Modernsten seine Bühne geöffnet, wir müssen aber
1866 2166 1950 2215 gun
1860 2206 1951 2251 vert
813 2187 1840 2253 alch konstatiren, daß einige allzu wahre, das heißt allzu
1860 2237 1957 2284 mite
817 2251 1833 2308 gewagte Dinge dem Publikum nicht sehr behagten. Als
1861 2277 1954 2319 End
821 2289 1834 2339 Bühnendichter hatte Herr Schnitzler leider keinen wirklichen
1862 2314 1947 2356 Ger
822 2334 1831 2399 Erfolg zu verzeichnen, sein Stück entbehrt der dramatischen
1854 2389 1954 2435 erbr
822 2389 1831 2431 Handlung, es wird nur immer gesprochen, sogar immer
1859 2423 1951 2479 Gelt
820 2424 1829 2485 wieder dasselbe, allerdings, wie schon erwähnt, gut gesprochen,
818 2470 1852 2537 aber es geht in dem Stücke nichts vor. Ebensowenig hat es
809 2523 1842 2585 einen, wir wollen nicht sagen „befriedigenden“, das wäre
810 2567 1851 2629 einem Modernen gleichgiltig, aber eigentlichen Abschluß. In
1851 2562 1943 2623 Gebr
1849 2604 1955 2657 Uebri
809 2621 1839 2671 der Darstellung traten die Damen Sandrock, Hell,
1858 2643 1942 2679 Zeit
1857 2666 1946 2706 Ihre
815 2664 1836 2711 Berg, die Herren Nhil, Cppens, Tewele, Weisse
1854 2699 1956 2742 chines
819 2711 1839 2764 hervor. Frl. Sandrock hatte die „Gefallene“ zu spielen,
1852 2728 1941 2762 Eine
1854 2754 1941 2788 Der
818 2746 1829 2815 von der Frl. Heli einmal sagt: „Es ist doch meine Pflicht,
1862 2812 1958 2857 militä
813 2806 1833 2868 über dies Kind zu wachen.“ Natürlich konnte Frl. Sandrock
814 2843 1844 2905 auch nur die schwer dramatischen Momente tressen, während
805 2902 1841 2962 die Rolle sonst nicht für sie paßte. Sehr hübsch führte sich
814 2942 1851 3006 Frl. Bock vom Burgtheater ein und ein ganz kleines
813 2990 1834 3044 Episodenröllchen fand in Frl. Gribl eine charmante Ver¬
805 3046 1835 3095 treterin. Den schauspielerischen Haupterfolg des Abends
805 3082 1836 3149 hatten aber die Herren Kutschera und Giampictro.
816 3127 1840 3194 Es geht einem jest wirklich schon in die Nerven, wenn
772 3182 1808 3256 man — im Schauspiel, im Lustspiel, in der Posse, im
773 3235 1813 3306 Ballet — immer wieder Gigerl auf der Bühne sieht, aber
772 3286 1819 3363 die beiden genannten Darsteller waren so köstliche echte
773 3316 1815 3398 Wiener Gigerl, daß sie mit jedem Worte Heiterkeit erregten.
779 3379 1817 3460 Nach den beiden ersten Akten wurde Herr Schnitzler mit den
766 3437 1811 3498 Darstellern mehrfach hervorgerufen, am Schlusse gab es leb¬
1651 3476 1791 3549 I. b.
767 3487 1099 3553 hafte Opposition.
2056 2340 2105 2388 te
2427 420 2887 515 Theaterzeitung.
2060 481 2152 564 92
2268 495 3156 572 Deutsches Volkstheater. Ein junger Wiener
2053 560 3163 626 rau Arzt, der sich als geistvoller Novellist einen Namen gemacht
2056 593 2138 647 e zu
2168 584 3158 654 hat, erschien gestern mit dem dreiactigen Schauspiel
2049 629 2142 689 chen
2157 644 3166 697 „Das Märchen“ auf dem Plane. Das Jahrhundert
2065 680 2137 725 ion
2169 672 3166 740 liegt in den letzten Zügen und die Aerzte gehen unter
2057 719 2141 773 ses
2158 716 3169 767 die Schriftsteller. Sie horchen auf den Puls¬
2061 765 2135 816 vei
2163 758 3156 832 schlag der Zeit, klopfen die Gesellschaftsordnung ab,
2070 805 2139 860 er¬
2156 792 3163 864 halten der Menschheit einen Spiegel vor und
2157 838 3158 905 schreiben unleserliche Recepte. Arthur Schnitzler, der
2069 846 2143 899 ich
2069 890 2139 933 er
2151 880 3159 951 Verfasser der gestrigen Novität, ist ein sehr begabter
2088 930 2134 984 6
2160 920 3148 979 Mann, dem wir an dieser Stelle wiederholt Lob und
2161 961 3145 1019 Preis gesungen. Nun betrat er zum ersten Male die
2153 996 3143 1071 Bühne und hielt dort, wenn man mit Rücksicht auf
2159 1042 3142 1116 die Ungenirtheit des dargestellten Schauspiels so
2155 1089 2582 1144 sagen darf, seine
2622 1098 3153 1166 dramatische Jungfernrede.
2142 1132 3149 1202 Wir haben es diesfalls mit einem Thesenstück
2154 1169 3149 1235 nach französischen Mustern zu ihun. Soll man eine Ge¬
2159 1215 3147 1273 fallene heiraten oder sitzen lassen? Das ist die Frage.
2155 1260 3146 1309 Ja, brennt denn diese Frage noch immer? Ei freilich,
2153 1302 2818 1357 dieweil sie auf dem Theater so
2819 1308 3145 1369 häufig geschürt
2146 1353 3149 1424 wird! Der Held des Stückes ist ein Dichter, der
2144 1391 3144 1454 in der Theorie über das gesellschaftliche Vorurtheil gegen
2144 1432 3144 1492 die Gefallenen hinaus ist, aber in der Praxis den Muth
2139 1460 3164 1535 seiner Ueberzeugung einbüßt. In der Theorie nennt er
2127 1535 3134 1607 dieses Vorurtheil ein Märchen und in der Praxis handelt
2131 1588 3131 1659 er genau so, wie die Anderen alle. Dieser wunderliche
2125 1635 3131 1688 Philosoph ist sein ersonnen, aber schlecht aus¬
2130 1663 3129 1722 gesponnen. Wol entschlösse er sich, bei dem
2119 1716 3127 1768 Mädchen seiner Wahl der Zweite zu sein, aber er ist der
2128 1759 3126 1800 Dritte, ach, der Dritte — und darüber kommt er nicht
2121 1802 3135 1861 hinweg! Die Heldin, eine wenig sympathische Dame vom
2131 1834 3138 1904 Theater, beschleunigt den Einsturz der aufgestellten Theorie.
2130 1883 3126 1942 Sie ist nicht unglücklich, wie Denise, sondern macht eher
2119 1921 3126 1985 den Eindruck einer gesund entlassenen, mit Koch'scher
2115 1975 3125 2031 Lymphe geheilten Cameliendame. Nach dem ersten Angriff
2116 2014 3133 2084 auf ihr Tugendkapital suchte sie Betäubung in
2111 2052 3113 2112 einer zweiten Liebschaft und will nun, bei einer
2118 2095 3117 2141 dritten angelangt, gewaltsam in die Ehe einrücken.
2116 2142 3123 2184 Durch das Beispiel ihres Philosophen aufgemuntert, redet
2114 2181 3113 2237 auch sie ein Langes und Breites über die verlogene
2121 2217 3126 2286 Gesellschaftsmoral und findet es sehr gemein, daß
2114 2264 3126 2316 sich ihre Schwester behufs Versorgung von einem
2106 2306 2512 2359 ungeliebten Manne
2545 2311 3121 2367 heiraten lasse! In ihrer
2105 2342 3117 2413 maßlosen Sehnsucht, unter eine ehrbare Haube zu
2112 2394 3118 2441 kommen, besucht sie den Helden in abendlicher
2109 2438 3120 2496 Stunde in seiner Wohnung, wirft sich ihm an den Hals
2100 2482 3128 2542 und macht ihn nach einer sehr bewegten Liebesscene zum
2109 2515 3113 2587 vorübergehenden Dritten! Die beiden Aufzüge, in
2110 2555 3124 2622 denen das Für und Wider erörtert wird, sind mit
2106 2598 3114 2660 Talent gearbeitet und trugen dem Verfasser stürmischen
2110 2641 3115 2706 Beifall ein. Im Hause wurde überdies so viel gehustet,
2098 2683 3122 2749 daß es factisch nothwendig gewesen wäre, den jungen
2104 2732 3106 2791 Doctor noch öfter zu rufen, als es ohnedies geschah.
2098 2774 3109 2823 Leider hielt der dritte Act nicht, was seine beiden Vorgänger
2107 2814 3111 2871 versprochen hatten. Der Held und die Heldin fingen an,
2103 2848 3126 2918 miteinander zu zanken, als ob sie schon verheiratet wären,
2103 2896 3111 2943 indeß wuchsen sie nur zusammen, um auseinander zu
2111 2942 3114 3002 gehen. Er wurde brutal und sie unterschrieb aus Zorn
2098 2992 3104 3046 einen glänzenden Vertrag nach Petersburg, worauf das
2098 3027 3107 3066 Stück zu Ende war. Und in Rußland kann es nun geschehen,
2094 3064 3112 3109 daß die von einem simplen Dichter verlassene Gefallene
2096 3108 3112 3150 von einem Fürsten geheiratet wird, der sich über das
2096 3141 3114 3193 Vorleben einer talentvollen Schauspielerin nicht die
2107 3192 3103 3249 geringsten Skrupel macht! Die Begabung des Ver¬
2099 3236 3113 3282 fassers ist jedenfalls bedeutender, als sein Stück,
2098 3271 3091 3340 das sich mangels einer Handlung aus lauter, mit¬
2098 3323 2880 3368 unter allerdings interessanten Gesprächen
2881 3325 3102 3376 zusammen¬
2106 3358 3102 3421 setzt. Auch ist es nicht so naturalistisch, wie sein
2092 3398 3115 3454 Ruf, womit allerdings nicht gesagt sein will, daß
2097 3456 3104 3508 „Das Märchen“ ein passendes Weihnachtsgeschenk
2091 3493 3101 3532 für Kinder sei. Man kann es schlimmsten Falles ein
2088 3530 3099 3590 Fächerstück nennen, ein Stück, in welchem junge, aber
2088 3574 3085 3623 noch erröthende Damen ihren Fächer wiederholt in Ge¬
2102 3616 3099 3672 brauch nehmen. Die Darsteller spielten gut. Fräulein
2096 3659 3090 3725 Sandrock gab die dreimal gefallene Schau¬
2102 3690 3087 3746 spielerin mit lobenswerther Discrection; nur die große
2095 3736 3095 3781 Sceue im dritten Acte sprach sie zu leise, sozusagen
2086 3786 3086 3835 mit gedämpfter Zunge. Herr Nhil redete sich von den
2095 3832 3086 3881 zwei Seelen, die in seiner Brust wohnten, eine heraus,
2085 3874 3090 3928 aber er that dies mit hohem Anstand. Ein gut ge¬
2090 3910 3091 3957 zeichnetes Wiener Gigerlpärchen fand in den
2086 3955 3089 4011 Herren Kutschera und Giampietro vor¬
2085 3996 3080 4047 treffliche Interpreten; manchmal sprachen sie allerdings
2095 4032 3090 4097 flüsternd, als ob sie sich genirt hätten, alle ihre Dialog¬
2033 4079 3097 4130 wendungen öffentlich vorzutragen. In einer kleineren
2207 4115 2315 4143 T#ute
3155 1285 3204 1366 1
