3436 4256
287 125 1029 204 3. Das Maerchen
1175 121 1538 211 box 7/2
441 176 1026 233 # C   e en e W
876 943 1762 1006 ehee verommen und das Publikum auch.
877 1135 1899 1183 schön. Und dann erschien ihr dieser Zweite als eine Er¬
879 1175 1894 1230 lösung vom Ersten. Auch ein sehr gewichtiger Milderungs¬
875 1225 1893 1280 grund. Aber dieser Zweite verließ sie lächelnd, da sie ja
880 1261 1894 1327 schon eine von Jenen war, die man ruhig verlassen durfte.
867 1312 1897 1372 Fedor Denner ist nun der Dritte im Bunde. Und von
865 1358 1895 1422 diesem hofft sie, daß er der Dritte und Letzte bleiben wird.
874 1408 1900 1469 Fedor theilt leider nicht diese Hoffnung. Er glaubt zwar
875 1452 1899 1506 an ihre Liebe. Aber die Vergangenheit! Diese zwei Vor¬
877 1505 1898 1565 gänger! Und besonders der Zweite, der Erlöser vom
879 1551 1895 1611 Ersten! Das Alles läßt ihm keine Ruhe, quält ihn, wühlt
865 1584 1890 1672 in ihm. Dieser Zweite — Witte heißt er — hat just ge¬
865 1634 1031 1707 heiratet.
962 1708 1889 1770 Wenn nun Witte, Arm in Arm mit seiner Frau,
860 1755 1888 1812 ihm — Fedor — mit Fanny begegnete! Wenn um Witte's
864 1801 1889 1863 Lippen ein vielsagendes Lächeln zucken würde, jenes
865 1840 1880 1903 Lächeln, das unwillkürlich um unseren Mund spielt, wenn
859 1893 1879 1955 wir ein Mädchen, das eine kurze Zeit unsere Geliebte war,
869 1944 1881 1994 am Arm eines Anderen sehen, der sie anzubeten scheint!
871 1993 1878 2047 Fedor erschauert bei diesem Gedanken! Und daran scheitert
859 2044 1884 2099 sein Glaube an die Beständigkeit ihrer Liebe in der Zu¬
867 2079 1885 2144 ku#ft. Wer weiß? Sie könnte ja wieder einmal auf dem
850 2122 1874 2196 Lande weilen im Sommer! Und da könnte ja ein Vierter
862 2170 1877 2233 auftauchen! Er sagt ihr das mit ziemlich deutlichen
866 2231 1880 2284 Worten. Er spürt das Zukunftsgeweih! Und Fanny? Sie
863 2275 1876 2323 ist sehr unglücklich, geht aber nicht ins Wasser, sondern
860 2322 1875 2387 unterzeichnet einen Vertrag, durch den sie mit glänzender
866 2369 1889 2430 Gage Mitglied des deutschen Theaters in Petersburg wird.
854 2412 1881 2471 Sie reist nach Petersburg. Ist das Alles? Ja wohl, so
858 2461 1130 2522 ziemlich Alles.
955 2551 1877 2645 Was hat nun der Dichter beweisen wollen? Daß
854 2601 1884 2678 das Märchen von den gefallenen Mädchen doch kein
855 2681 1882 2731 Märchen sei? Daß wir uns von unseren alten moralischen
862 2722 1874 2784 Anschauungen nicht loslösen können? Daß die Vergangen¬
854 2770 1887 2818 heit eines Weibes eine Macht sei, die man durch schöne
856 2811 1896 2899 Phrasen nicht wegdisputiren kann? Aber um dies zu be¬
1964 928 2950 990 Uiely. Sose de llelsr
1909 990 2950 1060 dem stehenden Heere zu vereinigen. Dabei erörtert
2937 1017 3014 1086 f
1917 1036 2935 1085 Abgeordneter Hofmann v. Wellenhof die
1910 1135 2933 1201 weisen, derart zu beweisen, daß wir davon in tiefster Seele
1909 1184 2939 1227 gepackt werden, hätte der Dichter dem Milieu der Schau¬
1922 1218 2956 1298 spielerin einen Mann gegenüberstellen müssen, in dem die
1914 1275 2938 1324 alten Moralbegriffe eine lebendige Kraft sind. Er hätte
2943 1297 3155 1345 ein Orzeri
1917 1321 2932 1372 uns zeigen müssen, wie dieser Mann aus Liebe zur Schau¬
2943 1330 3151 1382 treffende
1918 1367 3133 1436 spielerin und nach einem heftigen inneren Kampfe die alten „steben auf
1909 1410 3022 1486 Moralbegriffe abstreift und wie dieselben dann wieder er= em
1903 1463 2927 1512 wachen und ihre Gewalt offenbaren. Er hätte da anfangen
2931 1464 3021 1530 Jas
1906 1503 2926 1566 müssen, wo Dumas in „Denise“ aufhört. Dieser Fedor
2942 1530 3009 1586 ehn
1915 1557 2915 1629 Denner hingegen ist ein Stimmungsmensch ohne Saft und
3019 1554 3124 1624 spiel
2935 1578 3016 1632 zen,
1906 1596 2043 1658 Kraft!
2928 1612 3226 1677 etzt anderer S
1993 1617 2919 1705 Ein Schönredner mit einer angeflogenen frei¬
3018 1659 3334 1735 Abends mit gems
2930 1666 3011 1730 ten
1901 1700 2916 1763 geistigen Moral! Darum läßt uns auch der Widerspruch,
3016 1705 3336 1765 ersten zwei Akte
2927 1715 3009 1774 els
1912 1745 2927 1799 in den er mit sich selbst geräth, ziemlich kühl. — Also ein
3018 1753 3358 1819 Beifall und der D
1906 1784 2921 1858 Stück mit einem alten, sattsam erörterten Problem, mit
2942 1797 3352 1865 es letzte, langwierige 2
1901 1832 2922 1908 einer dominirenden Gestalt, deren sensitive Zuckungen uns
2936 1845 3355 1917 rn Den Hauptdarstelle
1902 1877 2915 1936 kein herzhaftes Interesse einflößen, mit einer dünn dahin¬
3009 1900 3360 1961 zugefallen. Fräulei
2931 1902 2998 1975 ar
1910 1923 2927 1996 sickernden Handlung, mit nur wenigen Szenen, in denen
3015 1941 3358 2002 Fanny Theren mit
1898 1967 2924 2047 etwas von einer echten Leidenschaft aufsprüht, und mit
3010 1984 3358 2048 hie und da Gelegen
2928 1987 3005 2051 nd
1895 2019 2922 2088 einem großen Fragezeichen am Schlusse, was Wunder nun,
2945 2033 3358 2105 ler zu lassen, vermocht
1898 2067 2922 2136 daß sich das Publikum an diesem „Märchen“ nicht recht
2929 2081 3350 2142 In zu erwecken Herr 9
1906 2110 2932 2195 zu erbauen vermag? Das Schauspiel hat aber gleichwohl
2975 2127 3349 2188 gabe zu bewältigen.
1900 2163 2928 2228 einige Vorzüge, die ihm einen vornehmen literarischen
2974 2173 3347 2237 z! Fedor Denner, „den
1906 2207 2924 2265 Charakter verleihen: einen geistreichen, wenn auch frostigen
3000 2218 3349 2282 seine Schuld, wenn
2929 2220 2989 2291 1n
1902 2259 2999 2322 Dialog, einige feingezeichnete Nebensiguren und ein Milien, ß¬
2997 2264 3346 2329 ein leises Kichern in
1898 2304 2917 2377 dessen Schilderung von eindringlicher Beobachtungsgabe
2990 2312 3352 2378 Dichter vortrefflich
1895 2345 2923 2406 zeigt. Leider laboriren auch die lebensvollen Episoden¬
3003 2358 3349 2427 don Herren Kutse
1911 2402 2917 2454 figuren an einer überfließenden Redseligkeit. Herr Schnitzler
3010 2406 3350 2475 mit köstlichem Hum
1903 2438 2933 2508 ist ein geistreicher Mann. Er fühlt einen begreiflichen
2991 2454 3354 2523 schallende Heiterkei
1895 2482 2976 2561 Drang, seinen Esprit schillern und glitzern zu lassen. Aber u.
2989 2501 3346 2564 arbeitete die feinen
1897 2539 2926 2606 er thut des Guten viel zu viel. Dieses Haschen nach Geist,
3002 2546 3347 2608 Verständniß heraus
1904 2593 2916 2641 nach pointirten Wendungen wirkt auf die Dauer ver¬
2989 2596 3348 2666 Wiener Grisette mi
2917 2612 2986 2702 er
1904 2633 2915 2700 stimmend. Wir möchten daher den Dichter an die
2994 2646 3340 2703 Cognac. Sonst wär
1899 2684 2985 2746 Goethe'sche Mahnung erinnern: „Bilde, Künstler, rede s#
2993 2690 3346 2750 die zum erstenmal
1898 2723 2037 2786 nicht!“
2999 2737 3343 2804 kleinen Rolle auftra
2998 2782 3352 2855 ihre klare Diktion e
2421 2767 2897 2868 Marco Brociner.
2945 2824 2992 2884 1
3161 3021 3296 3158 77
2402 3046 2683 3155 A
