3484 4352
637 283 1086 357 Maerchen
1111 277 1580 377 box 7/2
468 289 613 358 Das
310 291 1055 396 3
1661 891 1792 976 404
933 1055 1711 1127 Theil all' der um den Jammermenschen herum
1730 1056 2513 1142 ein echtes Dichterwerk kennen zu lernen. Nicht
927 1111 1714 1161 sich gruppirenden Gestalten: die Typen, deren
1728 1121 2511 1177 verschweigen willich, daß Alphonse Dandet dieselbe
922 1148 1709 1209 unverständiges Gebahren, deren Gedanken¬
1723 1161 2503 1215 Frage behandelt. und daher kommt es auch,
930 1183 1702 1249 losigkeit und brutales Ableugnen des that¬
1729 1188 2516 1260 daß eine gewisse Aehnlichkeit zwischen den
939 1229 1711 1280 sächlichen Elends in selbstüberschätzender Hoffart
1736 1240 2054 1291 Personen waltet.
2050 1233 2503 1299 Ob dem Dichter das
943 1278 1701 1317 seinen Untergang besiegeln hilft, wohl niemals!
1734 1277 2508 1337 schon aufgefallen ist? Fanny=Sappho [Fanny
933 1315 1707 1368 Mit köstlichen Strichen, mit dem Scharfblick
1730 1326 2516 1371 Legrand!, Feder=Jean, Rebert Well=Deche¬
927 1345 1705 1408 des tief= und weitsehenden Beobachters sind
1720 1356 2510 1406 lette 2c.) Aber das ist wohl zufällig. Uebrigens
933 1383 1613 1450 sie gezeichnet, diese straflos Schuldigen.
1721 1393 2508 1459 ist es Dandet sichtlich um den Stoff, Schnitzler
1012 1435 1706 1481 Möchte dann dech der Stimme des
1732 1441 2293 1497 aber um das Problem zu thun.
931 1466 1715 1513 jungen „Hilfspredigers“, der als versöhnendee
2186 1466 2489 1529 Max Wundike.
937 1510 1720 1564 Element den Genius der erbarmenden Liebe
1812 1510 2514 1564 Zur Richtigstellung: In der Kritik meines
937 1558 1701 1605 verkörpert, ein über „Land und Meer“ hin¬
1723 1541 2495 1600 Tramas „Eine?“ in Heft Nr. 15 der „Penaten“
928 1589 1708 1639 brausendes Echo, ein Echo von zündender und
1727 1581 2516 1640 S. 380 schreibt der Recensem Herr M. Wundtke
936 1635 1710 1682 läuternder Kraft erweckt werden! Möchten
1729 1629 2513 1686 „Für ihn d. h. den Helden des Stückes) giebts
922 1667 1711 1732 recht Viele sich um das Banner dessen schaaren,
1733 1672 2501 1714 eben „keine"; also im Grunde — Polygamie“.
925 1712 1714 1757 der, heuchlerischem und pharisäischem Wesen
1815 1717 2501 1768 Ich muß nun dem in diesem Satze zu
933 1740 1708 1802 die Maske vom Gesicht ziehend, voll arbeits¬
1734 1751 2510 1795 Tage tretenden Irrthum entschieden wider¬
932 1790 1715 1841 freudiger Thatkraft mit rettendem Bemühen
1736 1791 2505 1844 sprechen: Es wird zu Schluß des Dramas
935 1819 1711 1878 dem Uebel ringsum zu begegnen, seinen Fang¬
1727 1838 2516 1885 nur die Unmöglichkeit betent, Jemandem
924 1867 1704 1922 armen die Beute zu entreißen hofft. Begeistert
1723 1871 2508 1914 immerwährende Treue zu versprechen. Aus
936 1911 1706 1962 für dieses sein Ideal: durch den Eifer der
1717 1903 2504 1966 dieser Erkenntniß heraus sagt der Held: „Wer
930 1945 1711 1998 rettenden Liebe das drohende Unheil zu
1720 1947 2511 2009 es halten kann, der möge es versprechen, wer
935 1985 1707 2034 bändigen, das rothe „fin de siècle“=Gespenst
1717 1989 2510 2046 es aber nicht halten kann, der darf es
929 2022 1709 2079 alles Schreckens und der unheimlichen Macht
1721 2021 2518 2075 nicht .... wenn er zu der Einsicht gelangt
934 2063 1706 2114 zu entkleiden, ruhen seine Augen auf
1724 2069 2488 2117 ist, wie ich, und ein Ehrenmann bleiben will.“
936 2104 1708 2155 „Sodom“ das er nicht verloren giebt.
1807 2107 2503 2172 Also im Grunde — Chelosigkeit, Agamie,
936 2145 1712 2183 Segen über sein Werk, das ein Werk des
1720 2128 2173 2199 aber keine — Polygamie.
2326 2174 2480 2230 Prede.
2105 2162 2323 2238 Dr. iur. 5
933 2184 1558 2237 Friedens ist und zum Frieden führt!
2356 2222 2517 2286 Schte“
1281 2218 1672 2274 Editha von Reitenstein.
1779 2221 2313 2266 Dr. Arthur Pfungs: „Neue
1008 2235 1690 2314 „Das Märchen“ Schauspiel in drei Auf¬
1728 2262 2304 2317 Leipzig, Wilhelm Friedrich 1894
2348 2261 2504 2315 durch
932 2282 1709 2353 zügen von Arthur Schnitzler. Dresden, Pierson,
1719 2297 2312 2342 seine Laskarisdichtung wohlbekann
2305 2300 2511 2370 #arter
936 2341 1702 2390 1894. Am Ende des Buches hat der Ver¬
1724 2344 2525 2390 Dichter ist auch in diesen Neuen Gunder
935 2379 1697 2430 leger einige Preßurtheile über desselben Ver¬
1728 2371 2516 2426 Epiker und Philosoph, der mit einem Ansing
925 2416 1708 2471 fassers „Anatol“ mitgetheilt. Aus allen diesen
1729 2419 2514 2478 von Pessimismus über Welt und Menschen,
931 2463 1700 2508 geht hervor, daß Arthur Schnipzler ein geist¬
1725 2460 2520 2499 über Natur und Leben urtheilt. Die mit
933 2496 1705 2554 reicher Kopf, ein frisch gestaltender Künstler
1729 2487 2527 2549 beiden Füßen ins Leben springende prächtige
1720 2533 2519 2582 Lebenslust und Lebensfreude Lilieneronischer
934 2535 1706 2592 und ein Primakenner des Lebens sein soll.
927 2578 1701 2627 „Sein soll“, sag' ich; denn ich gehöre einmal
1733 2577 2507 2635 Lyrik ist ihm fremd. Auch jenen losen, flüchtig
1724 2615 2506 2670 erhaschten und eingefangenen Stimmungsbildern,
918 2616 1710 2670 nun zu den Leuten, die nicht glauben, ohne
1721 2654 2504 2708 wie sie einem in geiter und schlechter Auswahl
933 2654 1703 2702 gesehen zu haben. Ich habe die Gepflogenheit,
1722 2702 2510 2743 so oft in der modernen Lyrik begegnen, weicht
920 2696 1707 2737 und das ist Princip bei mir, solche Urtheile
933 2734 1701 2775 nie vor dem Werk zu lesen; aber es hätte
1725 2734 2510 2789 er aus. Partei und Tendenz kennt er nicht.
933 2773 1707 2817 in diesem Falle wirklich nichts geschadet, wenn
1720 2780 2509 2825 Er bietet nur gediegene, ausgereiste, aus reiser
933 2807 1703 2858 ich eine Ausnahme gemacht hätte. Ich kann
1720 2811 2511 2858 Lebensanschauung hervorgegangene Lyrik, die,
920 2853 1707 2890 mit den Censuren über „Anatol“ auch „Das
1717 2847 2510 2902 philosephisch angehaucht, in trüber Melancholie
924 2882 1711 2939 Märchen“ unterschreiben. Es ist dies der volle
1722 2900 2517 2941 ausklingt. Pfungst ist als Lyriker kein Sänger
936 2927 1704 2982 Griff ins Menschenleben, der ja nach Goethe
1719 2929 2512 2971 der Freude, sondern der trüben Betrachtung.
931 2962 1707 3015 immer Interessantes bietet, ein Griff ins Leben
1725 2962 2516 3023 Sein Lied ist Klage und Trauer, frostig kalt
924 3000 1703 3055 der bürgerlichen Gesellschaft. Man fürchte keine
1726 3004 2516 3065 umwittert ihn des Lebens Jammer und Er¬
930 3047 1701 3088 Abstractionen, keine Symbolistit! Die Frage:
1730 3033 2512 3091 bärmlichkeit. Das Große und Echte krankt an
1715 3082 2500 3138 der Kleinheit, das Ediestirbt, erdrückt von über¬
933 3087 1701 3137 Kann der Mann, auch bei idealstem Streben,
1727 3128 2501 3171 mächtiger Gemeinheit (Mein Lied. S. 38).
931 3123 1707 3176 über einen gewissen Punkt in der Vergangenheit
1721 3165 2509 3218 Was ist der Mensch? Was ist der Zweck
930 3169 1700 3213 seiner Geliebten hinwegkemmen? Wer hat dem
1713 3194 2504 3252 des Lebens? Der „Malstrom“ des Daseins?
930 3204 1704 3256 Dichter Stoff zu dieser menschlich=socialen
1719 3244 2510 3293 (Seite 2) fragt er sich. Nicht den Siegern in
941 3245 1703 3301 Tragödie geliefert. „Tragödie!“ Und damit
929 3282 1701 3336 hab ich die Antwert auf jene Frage schon an¬
1715 3282 2505 3345 der Lebensschlacht wendet er sich zu, sondern
1725 3328 2497 3373 den „Namenlosen“ (S. 4), den still Ver¬
929 3321 1705 3375 gedentet. Voll guter Gedanken, seiner Be¬
924 3359 1706 3404 obachtungen, in geistreichem Erfassen hat der
1720 3365 2517 3412 blutenden. Er fühlt sich als ein Fremdling
927 3404 1703 3454 Dichter seine Aufgabe gelöst. Und wie lebens¬
1722 3393 2503 3452 auf der Welt (S. 6). Tief fühlt er den
924 3440 1701 3491 wahr sind die Charaktere durchgeführt! Alles
1725 3438 2510 3489 Kampf des Daseins (Muß es denn sein? S. 10).
929 3479 1707 3533 in allem — Arthur Schnitzler ist eine junge
1729 3474 2518 3531 Dahin ist der Zauber der Jugend und der
932 3514 2513 3586 hochbegabte Kraft; es thut wohl, wieder mal Natur. Im Anblick der auf den Vergen
