3484 4352
330 225 1056 315 3. Das Maerchen
1245 231 1550 322 box 7/2
479 265 1047 344 a
1213 621 1624 718 Telephon 12801.
779 776 1617 903 SI S
462 895 1630 955 6 l. österr. behördl. konz. Unternehmen für Zeitungs-Ausschnitte
635 940 1522 1031 Wien, I., Concordiaplatz 4.
454 1001 547 1064 2
861 1007 1284 1082 Vertretungen
510 1063 1615 1131 in Berlin, Budapest, Chicago, Christiania, Genf, Kopen¬
448 1107 1612 1171 hagen, London, Madrid, Mailand, Minneaperfs, New-Vork,
553 1148 1580 1194 Paris, Rom, San Francisco, Stockholm, St. Petersburg.
867 1190 1270 1237 (Quellenangabe ohne Gen ähr.)
468 1204 1557 1303 7 Ausschnitt Dler Bühnenbote, Karlsruhe
445 1304 687 1399 E vom:
1012 1348 1065 1443 1
786 1492 1353 1615 Neue Stücke.
545 1624 1664 1687 Schnitzlers „Märchen“, das in der nächsten Spielzeit in
436 1667 1670 1730 Wien zur Alfführung gelangen soll, ist von den Dialogszenen
443 1723 1674 1787 des „Anatol“ abgesehen, seine erste dramatische Schöpfung. Mit
445 1762 1669 1818 der Angriffslust des jungen Schriftstellers gegen die bestehende
448 1811 1672 1882 gesellschaftliche Moral hat Schnitzler hier ein junges Mädchen
441 1871 1667 1919 mit einer Vergangenheit, Schauspielerin seines Zeichens, in den
452 1910 1666 1971 Mittelpunkt der Handlung gestellt. Das Stück spielt in Künstler¬
444 1968 1676 2021 kreisen und ist reich an ästhetischen und moralischen Kontroversen.
435 2014 1672 2074 Es wird vor allem gegen das „Märchen“ von der notwendigen
441 2063 1660 2122 Reinheit des jungen Mädchens, das in die Ehe tritt, polemisiert.
445 2109 1671 2177 Der junge Schriftsteller Fedor Denner behauptet: „Wir haben
442 2158 1660 2204 kein Recht, Unnatürliches zu fordern und für Natürliches zu
444 2208 1675 2265 strafen. Und ich finde es höchst anmaßend von der Gesellschaft,
441 2258 1693 2335 ein Weib einfach darum, weil es wahr und natürlich liebte, mit
448 2308 1675 2355 gedankenloser Verachtung aus ihrem Kreise zu stoßen. Merken
440 2373 1674 2416 Sie nicht, daß wir sie erst damit erniedrigen, ihnen damit die
444 2410 1667 2465 Rückkehr unmöglich machen, sie tiefer und tiefer stoßen?“ Aber
437 2448 1674 2524 die Wirklichkeit des Lebens straft seine freigeistigen Anschauungen
441 2517 1663 2575 Lügen. Als ihm die junge Schauspielerin Fanny Pheren bekennt,
433 2554 1663 2599 daß sie einst einen Fehltritt begangen hat, stößt er sie von sich.
433 2604 1668 2663 Er sagt mit Hebbels Sekretär aus „Maria Magdalena“:
437 2651 1673 2712 „Darüber kann kein Mann hinweg“. Die Liebenden trennen
443 2700 1668 2759 sich, die Schauspielerin nimmt in einem zweiten, gegen die erste
433 2745 1668 2799 tragische Fassung geänderten Schluß ein Engagement nach
441 2796 1672 2847 Petersburg an. Das Schauspiel ist noch sehr akademisch gehalten
431 2850 1668 2896 und leidet an einer Ueberzahl flüchtig gezeichneter Nebenpersonen.
434 2897 1685 2978 Immerhin dürfte es von Interesse sein, diesen dramatischen Erst¬
440 2947 1228 3008 ling Schnitzlers auf der Bühne zu sehen.
2766 333 3097 421 Telephen 12.801.
2234 460 2945 557 „UBexKVER
2049 535 3148 615 I. österr. behördl. kesz. Unternehmen für Zeitenge-Ausschaltte
2242 595 2981 669 Wien, I., Concordiaplatz 4.
2462 649 2792 718 Vertretungen
2055 686 3155 761 in Berlin, Basel, Budapest, Chicago, Cleveland, Christianis,
2062 746 3162 798 Gent, Kepeshagen, London, Madrid, Mailand, Minneapolls,
2060 785 3168 840 New-Verk, Paris, Rom, San Francisco, Stockholm, St. Peters¬
2460 822 2770 873 burg, Toronto.
2376 861 2836 925 (Gsel#sagebeh Gewähr.
2047 918 3070 1072 Auschnitt aus Wiener Bilder
2211 981 2488 1056 -2 10.1907
2065 1021 2254 1087 vom:
2019 1113 3052 1164 Wiener Bürger=Theater. „Darüber kommt
1943 1142 3051 1226 kein Mann hinweg!" Dieses Axiom bekämpft der
1947 1192 3050 1267 Held des Arthur Schnitzlerischen Stückes „Das
1947 1246 3055 1331 Märchen“ im ersten Akte mit großer Wärme und mit dem
1946 1301 3056 1373 Brusttone der Ueberzeugung. Aber als er das Problem mit
1945 1358 3054 1410 Einsetzung seiner eigenen Person durchführen soll, da versagt
1948 1400 3039 1462 seine Philosophie. Er wird der Geliebten gegenüber hart,
1953 1455 3051 1520 tyrannisch, brutal. Dieses Thema wird mit viel Geist und
1952 1504 3047 1573 Wärme ausgeführt. Das Werk sand am letzten Freitag eine
1960 1563 3052 1613 viel wärmere Aufnahme als vor vierzehn Jahren, wo es bei
1958 1597 3051 1666 seiner ersten Auffiehrung ziemlich unsanft abgelchnt wurde.
1954 1649 3102 1725 Heute revolutioniert es nicht mehr, wir können schon ohne
1966 1723 3059 1775 Leidenschaft solche Probleme vor uns aufrollen sehen. Die
1961 1750 3062 1814 Darstellung war im ganzen recht verdienstvoll. Die Damen
1957 1798 3067 1864 Brenneis, Olga Wede und Russek, sowie die Herren
1953 1846 3066 1918 John, Jules, Stollberg und Berger verdienen
1964 1917 2875 1968 fi #re künstlerischen Leistungen alle Anerkennung.
2899 1930 3089 2011 ——
2717 2276 3037 2387 Telephon 12.801.
2163 2437 2918 2538 „ODSERTER
2002 2504 3106 2589 I. österr. behördl. konz. Unternehmen für Zeitungs-Ausschultte
2186 2563 2928 2637 Wien, I., Concordiaplatz 4.
2398 2618 2727 2689 Vertretungen
2003 2667 3110 2733 in Berlin, Basel, Budapest, Chicago, Cleveland, Christianis,
1998 2714 3104 2762 Genf, Kopenhagen, London, Madrid, Mailand, Minneapolis,
2008 2766 3104 2837 New-Vork, Paris, Rom, San Francisco, Stockholm, St. Peters¬
2404 2797 2711 2849 burg, Toronto.
2327 2803 2779 2912 (Quellenangabe ohne Gewähr.)
1991 2908 2445 2983 Ausschnitt aus:
2421 2911 3129 3048 Die Wespen, Wien
2009 2996 2181 3066 vom:
2166 3005 2473 3121 B
2196 3101 3017 3209 Theater-Aespen.
2586 3157 2631 3206 3
2475 3230 2536 3332 6
2560 3458 2626 3500 2
2118 3564 3182 3625 Für das Bürgertheater als Novität wurde
2014 3620 3174 3677 am vorigen Freitag Schnitzlers „Märchen“ aufgeführt.
2015 3683 3173 3759 Das seinerzeit im Volkstheater gegebene Schauspiel fand
2018 3748 3183 3818 hier freundlichere Aufnahme, welche dem schönen Zu¬
2015 3803 3173 3864 sammenspiel der Herren Jules, Brückner, Stollberg
2010 3857 3194 3934 mit den Damen Weede, Stoll, Lorma, Russek
1999 3917 2524 3994 und Brenneis galt.
3123 1659 3173 1700 —
