3436 4352
1099 187 1515 300 box 7/2
240 196 991 299 3. Das Maerchen
404 249 992 311 Das laeicnen
1219 974 3321 1071 euhrsüts enstieg, dierlichten gewesen! Wie sagt der gepreute Teuser im „Faust“: wenigstens
559 1013 2740 1116 Wälder des Landes, in denen die dumpfe Schwüle eines Ein großer Aufwand, unnütz, ist verthan ..
3075 1061 3311 1123 geschlossen
560 1074 1865 1151 Treibhauses herrscht, deren dämmerige, dunstige Schatten das
1947 1079 3327 1162 Man hat eben wieder einmal gesehen, was man längst liberale Pa
567 1106 3309 1212 geheimnißvolle Geschlecht jener Halbaffen durchhuscht, welche weiß, daß die Franzosen nämlich für überseeische Unternehmungen gegen die
564 1168 3334 1223 man, den todkündenden Gespenstern der Römer gleich, nicht so wenig Geschick wie Glück haben. Sie lieben sie, genau so natürlich n
564 1226 3338 1326 umsonst Lemuren genannt hat, verzehrten ihre Kraft, fraßen wie das Werkzeug dazu, ihre Marine, ohne daß sich diese doch Kampfe wi
2570 1296 2747 1359 SRFa
1933 1357 3323 1409 Das Zuhause nun, aus welchem Schnitzler seine Heldinnen Genau so
820 1326 1619 1445 Feuilleton.
1813 1385 3324 1461 nimmt, ist die Vorstadt. Niedrige Häuser; weite Höfe, auf denen reifen lassen
1820 1434 3332 1516 noch hie und da Bäume stehen und einen Garten lügen. Enge ist müde um
923 1437 1502 1544 Arthur Schnitzler.
1817 1496 3333 1566 und kurzathmige Gassen führen zum Flusse, der, von Bäumen dabei imme
679 1504 3331 1607 Ein Neuling betritt heute die Bretter des Burgtheaters! umsäumt, in tiesem Einschnitt ein schmutziges und dürftiges Wasser Don Jnau¬
558 1544 1834 1642 Der Erste vom jungen Wien hält seinen Einzug in das alte und
1827 1578 3331 1662 dahinführt; lange Häuserzeilen deuten aufs Grüne, auf die Land= unserer Ges
550 1610 3337 1697 immer noch ehrwürdige Haus. Denn Rudolf Lothar, dem sich vor luft. Die Verhältnisse sind einfach und durchsichtig; fast dörflich aufgenomme
552 1669 3332 1754 ihm diese vielumlagerten, schwerbeweglichen Pforten aufgethan inmitten der Großstadt. Die Töchter sind übel behütet; nicht so hat Anatol
562 1714 3332 1762 haben, war niemals jung und niemals Wiener. Schnitzler aber leichtfertig, als leicht gewährend. Auf ihrem Grund leben sie, in anders; dan
556 1755 3336 1863 ist hier erwachsen; mit Liebe ging er der Eigenart dieser Stadt der Stadt gehen sie ihrem Berufe und ihren Abenteuern nach.sso wichtig
551 1806 3331 1892 nach und sog sie mit Innigkeit und Feingefühl ein. Er dankt sein Kommen vornehmere Gäste zu ihnen, dann lockt sie die Schönheit äußert, sehr
566 1862 3339 1954 Emporkommen der jüngsten literarischen Strömung bei uns. Es der Mädchen. Das Verhältniß aber bleibt immer das zwischen Beruf. Die
553 1893 3340 2008 ging dabei zu, wie in aller Weit, und nur nicht bei uns, wo zwei Kasten. Vermischung ist möglich, Vereinigung nicht. Sie ist einen Erwer
562 1965 3255 2048 sonst Jeder für sich allein steht, wo gerade die Bedeutendsten in der Regel auch nicht einmal in der Absicht der Betheiligten; nöthig.
553 2003 3102 2104 nebeneinander, nicht miteinander sich bemühen um die Sache der und wenn im Manne einmal doch ein solcher Wunsch auftaucht,
3177 2040 3336 2115 In di
560 2054 3340 2149 Dichtung. Man traf sich diesmal im Kasseehause; man besprach so erstickt ihn die Vernunst oder die Erkenntniß der Unmöglich= nun vertieft
552 2102 3328 2204 sich; man erörterte, was Einem wichtig schien; man ahmte keit. Das gibt dann eben einen schmerzlichen Riß, der allerdings unablässig u
554 2151 1218 2225 nach; man versuchte, man schuf.
1812 2159 3334 2256 niemals den Eindruck des Unheilbaren macht. Am erschöpfendsten Gaukeln und
668 2211 3334 2296 Vieie von Denen, welche sich damals mit gleichem Wollen sind diese Zustände behandelt im „Märchen“; und hier trägt die die man vor
553 2253 3081 2315 und ungleichen Kräften sanden, sind nicht mehr over fielen ab. Heldin die Gewähr der Genesung in sich. Denn sie ist eine
3074 2293 3327 2356 dem Fleiße
545 2311 3083 2378 Verzweifelnd an sich und seinem Können endigte der Eine in Künstlerin; und wie sie hre Begabung am Schlusse des Stückes
3081 2340 3324 2407 dringlicher i
547 2345 3082 2428 Berlin durch eigene Hand. Andere verschlang die Journalistik, die hinaushebt über die Enge, in der sie verdumpft ist, in die
3074 2389 3341 2465 man da noch
558 2405 3082 2494 gerade in Wien sehr viel Begabung, die auch höheren Aufgaben weite Welt, so wird sie ihr auch über ihr Leid hinweg¬
3067 2434 3341 2497 überwunden.
556 2451 1974 2501 gewachsen wäre, in Anspruch nimmt und zermürbt; Andere helfen.
3065 2486 3326 2552 Mann, desse
1919 2471 2805 2576 Schnitzler's Männertypus aber heißt Anatol.
545 2500 1846 2575 kehrten sich dem Alltag und seinen Pflichten zu und vergaßen so
3065 2527 3325 2600 ist von unhe
548 2547 1845 2629 den tiefen Schmerz, der in der Entsagung, im Verzicht auf
1908 2548 3340 2648 Bezeichnend ist hier schon die Wahl des Namens. Anatol und ohne R
549 2592 3332 2691 stolzere Ziele immer liegt. Dieser Eine rang sich durch; getragen ist französisch; und so bekennt denn der Dichter offen den Ein= wie er seine
546 2651 3340 2721 durch die Gunst der Umstände, durch träftiges Beharren. Und er fluß, der am mächtigsten auf ihn gewirkt. Weil aber die Wiener ihm und sei
545 2692 3328 2788 wird kaum einsam bleiben. Denn hinter ihm sieht man's nach= Lebewelt mit der von Paris noch das Meiste gemeinsam hat, so auch dies le##
547 2746 2815 2807 drängen: und aus dem Gewühle taucht schon wieder ein jugend= beirrt und schädigt diese Anlehnung durchaus nicht.
3049 2781 3340 2843 nung auf, un
548 2787 1832 2866 liches Gesicht auf, das eigene Züge trägt: Loris. So scheint denn
1901 2806 3326 2883 Anatol ist der moderne Lebemann. Er ist ein wenig Neue die B#
543 2839 3344 2931 einmal auch für das gesorgt zu sein, woran es bei uns immer spöttisch, ein wenig blasirt. Aber die Gefühle sind doch in ihm, das Weib se#
551 2894 3335 2953 gefehlt hat; für die Fortdauer in der Cntwickelung... Denn wenn er sie sich gleich durch Grübeln darüber stört und manchmal seiner Seele
544 2935 3342 3005 der Einzelne kann niemals eine Stadt in allen ihren Erscheinungen selbst zerstört. Man kennt den Volksaberglauben: ein Leben, das neben sich lich
555 2981 1103 3067 umfassen und ausschöpfen.
1789 3003 3339 3097 im Schoße der Mutter sich regt, kann „besprochen werden“. darau erfreu
685 3044 1627 3257 n- bneGliog
