3436 4224
674 132 1084 216 Maerchen
1245 130 1603 224 box 7/2
337 146 647 217 3. Das
561 432 1390 529 „OBSERVER
652 516 1346 579 I. österr. behördl. konzessioniertes
621 568 1364 623 Unternehmen für Zeitungs-Ausschnitte
684 617 1303 693 WIEN, I., WOLLZELLE 11
755 677 1233 738 TELEPHON R-23-0-43
558 795 940 887 Ausschnitt aus:
571 1027 709 1090 vom:
1022 1095 1411 1181 Der Morgen, Wien
925 1332 1494 1408 Wien, 5. November 1934.
1466 1383 1521 1455 *
705 1500 1498 1627 S
1001 1696 1170 1761 über:
692 1766 1505 1885 Der vaterländische Bahr
789 1902 1525 1951 Im Akademietheater spielt man seit
748 1944 1525 1992 einigen Tagen wieder mit großem Er¬
893 1986 1523 2038 #Kesser###von Hermann
751 1989 1528 2081 Führ. In diesem Stück des großen
752 2055 1530 2110 österreichischen Dichters tritt dos Werk
753 2110 1525 2155 vor den Dichter. In der nachfolgenden
741 2145 1525 2202 Skizze tritt der Dichter ver das Werk.
701 2223 1524 2275 Der Mann, der die dritt- oder viert¬
666 2277 1525 2329 millionste Beitrittskarte zur Voterländi¬
679 2316 1526 2390 schen Front empfangen wird, kan: siner
667 2369 1523 2433 goldenen Uhr mit feierlicher A#####iche
674 2411 1516 2477 sicher sein. Dennoch ist es schis##n ge¬
671 2461 1525 2522 wesen, der Erste als der Viermulionste
680 2503 1529 2570 zu sein. Der erste bewußte Österreicher
673 2572 1524 2627 unserer Epoche war vielleicht Her¬
677 2613 1530 2666 mann Bahr. ich hatte als regelmäßi¬
675 2663 1525 2730 ger, blutjunger Mitarbeiter der grauen
677 2710 1522 2774 „Zeit“, der vorbildlichen Wochenschrift,
676 2757 1530 2813 deren literarischen Teil er leitete, seine
682 2810 1520 2862 Wandlung vom bummelnden Europder
667 2855 1522 2921 zum angesiedelten und bewußten Öster¬
682 2900 1525 2969 reicher in der Nähe mitansehen dürfen
678 2948 1534 3015 und konnte ermessen, icas seine Wand¬
682 3015 1538 3068 lung und Werdung ihn an inneren Kräf¬
670 3048 1523 3113 ten gekostet hat. Er hatte jahrelang in
682 3103 1528 3165 Paris, in Petersburg, in Berlin herum¬
676 3146 1525 3213 zigeunert und war in diesen Jahren ein
685 3209 1533 3252 guter Europder geworden. Aber als er so
693 3253 1523 3309 in die Mitte der Dreißigerjahre kam,
694 3291 1537 3360 hielt er es weder in Puris, noch in Ruß¬
685 3341 1524 3397 land, noch in den kahlen Cafés der
686 3387 1527 3451 Friedrichstraße aus. Er übersiedelte nach
688 3434 1529 3504 Wien, brachte in die „Deutsche Zeitung“
683 3483 1534 3540 noch in den Neunzigerjahren das leben¬
682 3529 1529 3589 digste Blatt Wiens, elektrisierendes Le¬
692 3587 1528 3636 ben — besonders durch ein in Deutsch¬
697 3626 1525 3695 land und Österreich orrangiertes Rund¬
687 3681 1529 3730 interview über den Antisemitismus, das
697 3725 1521 3786 nicht allein durch die Persönlichkeit der
690 3775 1529 3827 Befragten, sondern auch durch die stilisti¬
684 3838 1533 3886 schen Kühnheiten des Schreibers Auf¬
692 3882 1528 3925 sehen machte. So beschrieb er einmal die
688 3922 1533 3983 unerwartete Straßenbegegnung mit zwei
693 3965 1534 4032 hübschen Mädchen auf dem Kurfürsten¬
690 4028 1541 4080 damm, „aber in der Nühe waren ste aus
676 4055 865 4141 Wien“.
1910 644 2706 726 Je länger der Heimgekehrte in Wien
1879 706 2710 777 blieb, desto fester war er entschlossen,
1885 757 2713 824 eine literarische Richtung hier zu be¬
1875 812 2718 875 gründen. Er gab die Parole aus: „Jung¬
1877 846 2712 922 wien“ er schuf Jungwien. Dabei war
1878 910 2719 970 er nicht engherzig, er warb um die weise,
1871 954 2723 1014 greise Ebner-Eschenbach und er
1875 1008 2727 1054 druckte in der „Zeit“ die letzte schöne
1868 1043 2730 1112 Novelle Ferdinand von Saars ab,
1876 1101 2716 1154 er würdigte die witzigen, mehr als witzi¬
1876 1147 2721 1193 gen Romane des Baron Torresani,
1877 1202 2702 1259 die den österreichischen Offizier von sei¬
1870 1248 2706 1299 ner heitersten Seite zeigen. Aber er kom¬
1881 1286 2717 1337 mandierte eines Tages auch, daß Wien
1880 1334 2709 1384 einen neuen Dichter, namens Loris, zus
1873 1382 2713 1454 bewundern habe, es war der damals nock
1874 1434 2710 1502 im Gumnasium werdende Hugo von Hof¬
1872 1484 2712 1528 mannsthal. Er sprach von Arthur dem
1874 1534 2710 1592 Dichter des „Anatol“ und erzwang eine
1869 1576 2721 1645 Aufführung seines ersten Stückes „Ein
1871 1622 2704 1680 Märchen“, in dem die junge Adele
1876 1675 2703 1730 Sandrock dem Wiener Dichter Artkur
1863 1717 2333 1798 Schnitzler dien#
1886 1765 2704 1852 Fähr Rannte sein vaterländisches
1866 1851 2705 1902 Unternehmen, dem die Spitze gegen Ber¬
1864 1887 2697 1940 lin nicht fehlte, „Jungwien“. Er war
1866 1932 2698 2003 nämlich trotz allem angeborenem Linzer¬
1864 1981 2712 2044 tum und später selbstbeiußtem Salzbur¬
1869 2041 2714 2091 gertum überzeugt, daß die geistigen Be¬
1870 2081 2710 2129 wegungen in den Großstädten wurzeln
1862 2131 2702 2192 und wachsen. So schön und s0 an¬
1854 2180 2699 2243 heimeind Salzburg ist, Bahr konnte es
1864 2230 2696 2289 erst beziehen, nachdem sein Jungwiener
1859 2276 2701 2348 Werk, das er zuletzt im Bunde mit den
1860 2325 2700 2397 Malern und Baumeistern einer neuen Ge¬
1858 2384 2696 2445 neration beendete, in Wien und vor ganz
1849 2434 2698 2490 Europa aufgegangen war. Von Ebensee
1849 2479 2698 2541 oder Hollabrunn, so schön sie liegen,
1849 2522 2709 2593 hätte er eine geistige Renaissance seines
1857 2569 2705 2639 Vaterlandes nicht in die Wege leiten
1855 2621 2693 2697 können. Panösterreich — das erbaute er
1855 2663 2146 2735 in Jungwien.
1885 2726 2688 2799 Heute wissen wir wie vielé junge
1852 2775 2687 2849 Kräfte Bahr damals entfesselt hat. Zu
1845 2828 2699 2894 seinen Lebzeiten wurde sein Buch über
1859 2883 2707 2950 „Wien“ konfisziert und viele Herren Ni¬
1852 2920 2694 2993 gert suchten ihm das Leben zu versauern.
1857 2977 2713 3039 Er ließ sich nicht stören, der erste Veter¬
1847 3020 2601 3094 ländische von europdischem Formct.
2245 3070 2661 3143 Stefan Großmern.
