3436 4256
-21 2148 39 2206 ne
-17 2845 46 2901 14
-20 1786 49 1856 0
0 1448 58 1529 1
282 158 1053 249 3. Das Maerchen
1164 154 1566 256 box 7/2
432 210 1050 277 Das aeichen
2256 839 2693 912 laschene.,
275 886 2930 965 lder zurüagelegti bidle Operente ziehr mit Director Fritzsche dasin den Linden=Theater] lung, Münner) zu berichten weiß. Hienach haben zwei spanische
197 916 2933 990 M., Mittags 1 Uhr, Director des neuen Unternehmens ist Dr. Löwenfeld, der frühere Spaltpilz=Kundige verschiedene Bonknoten auf ihren Gehalt an
643 1031 2923 1086 mit dem gebrochen werden müsse, Ifür ein grausames, nichts=] Wort bleibt ungesprochen und zumal im dritten Acte wird
635 1065 1787 1139 würdiges Märchen, das zu zerstören sei; thut's im Hause
1772 1078 2931 1134 man langsam unruhig, nervös in der immer angespannten und
628 1112 1780 1177 einer jungen Schauspielerin, die sich gerade zu ihrem ersten
1765 1115 2927 1185 ewig unbefriedigten Erwartung. Darin hat's Schnitzler diesmal
633 1153 1785 1226 Erfolge anschickt. Ein heißer Kuß, den Fanny Theren dafür
1768 1161 2920 1227 versehen. Auf die Dauer können die Nebendinge — und in
178 1150 395 1247 heater.
636 1204 1771 1256 auf seine Hand drückt, erzählt ihm genug: von ihrer Liebe
1773 1199 2928 1249 der Episode sind sehr hübsche Sachen — nicht ein St
183 1217 629 1291 Schauspiel in drei Auf¬
630 1240 1778 1299 und von ihrem Fall. Und nun kömmt das Drama in's
1778 1249 2933 1311 halten, das im Grund ernst ist und den Abend füllt. So
181 1276 634 1347 führt zum erstenmale am
621 1287 814 1344 Stehen.
795 1292 1768 1361 Einen ganzen Act hindurch schwankt Fedor
1768 1279 2924 1354 gut die kuriose Wirthschaft bei Frau Theren mit all' den
627 1318 1772 1385 Denner, der eben auch noch kein neuer Mensch, der
1772 1326 2931 1390 wunderlichen Gesellen gezeichnet ist, die ihr Haus besuchen
180 1353 633 1437 isches Leben. Aber ein
1773 1375 2914 1429 und es nebenher als bequemen Boden zur „Anbandelung“
632 1378 1773 1434 auch erst ein Uebergangsmensch, also ein Halber ist,
198 1403 634 1481 . Dort sitzen an mög¬
631 1407 1769 1483 zwischen Neigung, Ueberzeugung und alten Vorstellungen.
1769 1417 2928 1483 benützen; so hübsch das Verhältniß zwischen Fanny und ihrer
181 1465 630 1526 gen, die sich mit der
1779 1471 2931 1523 jugendstolzen Schwester Clara gesehen ist, der Clara, die
629 1449 1781 1530 Fanny's Geliebter heiratet; svorher rollt er noch seinem
179 1490 632 1565 Gesellschaft: Allen, die
1774 1509 2933 1562 mühselig mit Clavier=Unterricht ihren Unterhalt gewinnt, die
628 1502 1770 1565 Freunde die Vergangenheit des Mädchens auf. Der Gedanke,
207 1550 626 1604 einem Gebiete, oder
636 1533 1781 1607 er mit Fanny am Arme könnte einmal diesem Ehepaare be¬
1782 1550 2928 1601 über den Fall der Schwester nicht hinauskommen kann und
180 1594 622 1655 ages sprechen zu hören
631 1595 1779 1657 gegnen und auf den Lippen des Gatten jenes leidige Lächeln
1764 1596 2933 1662 doch gar nichts dabei findet, sich einem ungeliebten Manne
2801 1639 2937 1693 das
170 1632 626 1697 gesprochen; dort wurde
2737 1642 2821 1689 —
628 1626 1776 1700 gewahren, mit dem wir ein Weib betrachten, das einmal unser
1772 1642 2762 1699 zu vermälen, nur weil er sie! versorgen kann
176 1676 636 1737 g unserer Tage ge¬
2478 1673 2934 1750 — eine Art schielen¬
629 1675 1781 1742 war, bereitet ihm Pein. Umsonst wirft sich ihm Fanny an den
1764 1683 2497 1748 nutzt Alles nichts. Im Gegentheile
190 1718 626 1786 um und theilte einander
2792 1720 2936 1779 wie
1770 1723 2810 1792 der Eindruck wird dadurch hervorgebracht und
631 1717 1779 1774 Hals; umsonst erringt sie einen großen schauspielerischen Er¬
2222 1765 2472 1839 hinkt das
187 1769 629 1832 in Zeitungen und in
2459 1761 2932 1828 Stück. Wir haben
1782 1766 2228 1831 seine Handlung, so
637 1769 1786 1828 folg. Sie hat ein Weib zu spielen, das innerlich schlecht ist,
189 1808 628 1867 Schlagwort „Milien“
1764 1813 2920 1870 uns gefreut, Schnitzler als den Ersten vom jungen
633 1808 1774 1870 das Profession aus der Liebe macht; je vollendeter sie's thut,
185 1843 635 1921 schwirrte oft und ver¬
629 1853 1774 1907 desto fester muß Denner's Ueberzeugung werden: so ist sie noch
1770 1847 2929 1914 Wien auf der Bühne zu finden; wir sind überzeugt: der Tag
200 1890 632 1958 Zeit, da der junge
637 1904 1779 1962 nicht — aber sie spielt im Grunde ihre eigene Zukunft. Er traut
1764 1904 2922 1958 ist nahe, an dem wir uns nicht nur damit, sondern auch mit
174 1931 634 1995 umtrug; denn das sind
1777 1944 2922 1995 dem werden freuen dürfen, was er auf die Bretter gebracht
632 1931 1773 1996 sich nicht die Kraft zu, sie zu halten; so läßt er sie fallen.
182 1973 642 2041 ismus war kaum noch
1779 1985 2924 2043 hat. Nahe — aber noch nicht angebrochen; und es ist so
626 1981 1781 2059 Ein glänzender Engagements=Antrag nach St. Petersburg liegt
195 2023 634 2087 gedrungen, und alle
633 2025 1775 2089 ihr vor; sie will nicht fort von Wien, von ihm. Er selber
1772 2021 2928 2085 sicher nicht, ob gerade das ernste Stück ihm und uns den er¬
185 2054 638 2140 Realismus — Doctor
628 2070 1769 2124 aber zwingt sie innerlich dazu. Das Märchen hat gesiegt
1781 2064 2929 2128 sehnten Erfolg bringen werde. Seine Begabung scheint denn
1786 2110 2931 2181 doch mehr nach der heiteren Seite hinzuneigen; er hat Ein¬
621 2120 1777 2184 über das was Denner einmal fur die Wahrheit hielt; Fanny's
166 2136 633 2213 ses unter solchen Um¬
1769 2150 2931 2204 fälle und ein fröhliches Mosaik mag ihm leichter glücken, ein
623 2160 1782 2225 Zukunft ist thatsächlich die jener Figur, in der das Mädchen
182 2200 632 2264 Stück, dem man noth¬
630 2202 1779 2269 seinen ersten schauspielerischen Erfolg errang, die einer Person,
1764 2195 2922 2269 Mosaik, das ja wesentlich decorativ zu wirken hat, als ein
172 2243 641 2307 n nicht die Umstände in
635 2244 1774 2302 die aus einer Hand in die andere gleitet, die man zu sich
1772 2239 2933 2307 ernstes Sittenstück. Seine Kunst, ein Milien zu zeichnen, kann
170 2283 630 2351 . Ein Stück wienerisches
640 2291 1781 2348 winkt, wenn man will, und ohne Gewissensbisse wieder ver¬
1772 2292 2928 2350 ihm auch dabei nur vom höchsten Vortheile sein; aber: wir
632 2317 882 2404 lassen darf.
176 2324 646 2388 gen; und das ist dem
1774 2324 2932 2396 glauben ihm den Ernst und die Strenge nun nicht so recht.
177 2367 650 2438 haben Bodengeruch und
713 2358 1770 2428 Es ist ein Fehler aller Thesenstücke, daß man sie auf
1849 2386 2933 2441 Die Aufnahme des Stückes war ziemlich lau nach dem
172 2414 641 2479 die gesunder Sinnlichkeit
1663 2416 1773 2477 sich
636 2413 1687 2469 die innere Berechtigung der Thesis hin prüft, die #e
1775 2429 2934 2487 ersten Acte, in dem einige gute Spässe herzlich begrüßt und
166 2466 629 2528 Eine gewisse Nüchternheit
626 2456 1781 2517 gestellt haben. Nun läßt sich die Frage von der# abili¬
1782 2470 2917 2531 munter belacht wurden. Der zweite Act ermüdete im Beginn.
179 2493 636 2568 ihen. Daß er gerade
631 2494 1779 2572 tirung der Gefallenen nicht wohl typisch lösen. Im Gegen¬
1785 2511 2926 2575 steigerie Iich dem Schlusse zu und wirkie sogar. Der dritte Aci
171 2531 634 2612 er Lebens erwischt hat,
638 2535 1783 2615 theile: je individueller der Fall behandelt und gestellt ist,
1774 2567 2933 2621 fand heitge und nicht unbegründete Opposition. Lange
164 2583 644 2654 daß seine Fabel allzu
635 2593 1770 2647 den sich der Dichter zum Thema eines Stückes gewählt hat,
1768 2601 2934 2666 wird „Das Märchen“ kaum leben und dies trotz einer guten
167 2634 644 2700 reiten. Aber — er hat
637 2637 1779 2688 desto näher mag er einer allgemein giltigen Auffassung
1770 2647 2939 2705 Darstellung. Fräulein Sandrock spielte die Fanny mit aller
168 2673 638 2738 Auge dafür, er kennt
629 2683 1778 2737 kommen. Typisch ist Hebbel's „Maria Magdalena“; und über
1770 2675 2932 2751 Kraft und Hingebung: sehr schlicht und sehr einheitlich. Sie
166 2711 640 2792 neisten seiner schreibenden
641 2725 1773 2790 die furchtbare Antwort: „darüber kommt kein Mann hinaus“
1773 2738 2942 2790 geht mehr und mehr nach Innen, in die Tiefe. Herr Nhil
171 2770 644 2824 ere Form des Dramas,
631 2763 1769 2820 ist Schnitz'er eben auch nicht hinausgekommen, konnte
1776 2777 2931 2824 war ein sehr annehmlicher Fedor; das ist wohl die undank¬
168 2804 642 2875 hen Sicherheit, der man
634 2795 1772 2883 es nach der Art auch gar nicht, mit der er an
1772 2818 2937 2885 barste Rolle des Stückes, wie alle halben Menschen. Die
187 2852 643 2906 nur zu sehr anmerkt.
1508 2844 1778 2911 sein Heil
650 2840 1529 2927 seine Aufgabe ging. Und er suchte
1775 2859 2934 2927 Herren Kutschera und Giampietro gaben ein Gigerl¬
195 2895 648 2959 Zukunft was zu ver¬
633 2891 1775 2949 auch viel zu viel in der Dialektik des Verstandes:
1773 2912 2945 2963 paar einfach köstlich und höchst wienerisch. Es war Alles gut
635 2928 1773 2995 das Drama verlangt die des Herzens. Mühselig und wie auf
194 2928 651 3003 Ende froh sein, daß
1779 2949 2941 3007 studirt und wohl besetzt und der Autor hat allen Grund, den
177 2974 647 3064 i Worte kömmt, der just
630 2973 1782 3059 Krücken schieben sich die Begebnisse fort; und man harrt
1781 2995 2932 3046 Schauspielern dankbar zu sein. Ausgenommen sei vornehmlich
169 3013 588 3086 here Ziele gesteckt hat.
637 3030 1776 3087 ungeduldig und immer ungeduldiger nur noch auf Eines: auf
1790 3039 2939 3094 Fräulein Bock. Sie gab ein junges Mädchen, das durchaus
165 3059 651 3132 ich in dem Stücke dreht,
644 3074 1786 3124 das große, das starke Wort, das von der Bühne herab ge¬
1773 3069 2928 3150 zum Theater will. Nach der gestrigen Probe kann man der
169 3107 646 3174 einen nicht mehr gleich¬
638 3109 1790 3165 sprochen werden soll und die Lösung bringt, den Gedanken
1773 3117 2537 3198 Dame gar nicht genug abrathen davon.
170 3154 1788 3215 Dränger, Fedor Denner, des Ganzen prägt — auf das Wort, das man mit heim
167 3193 1819 3280 bgestandenes Vorurtheil, I nimmt als den Gewinnst und die Beute des Abends. Dieses
2519 3153 3274 3415 2 1
2437 3343 2706 3445 7 4
2019 3232 2381 3472 24
