3436 4256
11 1260 91 1321 am
9 1312 88 1369 10
1296 159 1391 229 0
382 156 1075 226 3. Das Maercher
1126 1002 1645 1098 Weltspiege!=Anze
962 1153 1944 1253 Drei grosse Theatererfolge:
871 1225 2035 1308 Kleines Theater: „Die Grossfürstin und
1465 1298 2035 1351 # mit Leopoldine Konstantin,
904 1289 1480 1368 der Zimmerkellner“
1477 1339 1986 1398 Georg Alexander usw.
876 1364 2037 1453 Lessing-Theater: „Märchen“ v. Arth. Schnitzter
900 1437 2029 1494 mit Camilla Spira, Curt v. Moellendorf, Rud.Lettinger usw.
879 1488 1769 1555 Trianon-Theater: „Yoshiwara“
901 1538 2035 1602 mit Blanche Dergan, Erich Kaiser-Titz, Arnold Korff.
245 2658 788 2734 FErfolg im Lessing-Theater:
2122 2664 3127 2742 „Toshiwara“, der sensationelle Serienerfolg
314 2713 697 2778 ilIa Spira Fannz)
2141 2728 3053 2777 des Trianon-Theaters. Blanche Dergan Siche
252 2754 606 2815 llendorf Fedor
2326 2767 2918 2821 rich Kaiser-Titz Offizier.
249 2795 539 2865 ###to. Berlm ###r.
2322 2803 2900 2876 Postäurten-Photegrachie, Berlin. Phot.
254 2848 784 2933 rchen“ ernele bei der Erst
2110 2859 3119 2948 Leopoldine Konstantin übertrifft sich cesmal
255 2906 803 2974 gtheater wegen der grossen
2096 2923 3126 2993 selbst. Sie ist herrlich. Keine deutsche Schauspielerin
246 2949 789 3002 rliche, und doch buhnengirk
2105 2960 2266 3024 vermag
2319 2956 2896 3009 ihr diese Rolle nachzuspielen.
258 2991 801 3056 t einen grosgen Erfolg. Dieser
2162 2994 3126 3057 „Foshiwara“ in Frianon-Theater sicher das
246 3022 791 3087 nweiteren Aufführungen der
2098 3028 3117 3094 Spannendste Stuck, das in diescm Jahre in Berlin auf
248 3074 787 3137 Die Liebes- und Lebensschik
2101 3081 3126 3135 geführt wird. Ein Reisser, aber ein Reisser mit grössen
244 3106 801 3175 heren greifen uns aus Ier,
1221 3117 1273 3177 50
2096 3128 3130 3175 Qualitäten. Die Dirne eines Voshiwara füngt an, mit
251 3154 796 3211 barer psychologischer Zeich
2099 3163 3117 3215 dem Herzen zu lieben; „und des Mädchens fruhe
260 3190 787 3239 Ienschenkenntnis vermig es.
2103 3214 3119 3259 Künste werden nach und nach Natur“ Das ist ihr
888 3224 2024 3290 Der grösste Erfolg dieser Spielzeit im Kleinen Theater:
251 3235 793 3290 tische, immef interessierende.
2110 3240 3117 3296 Verhängnis! Eine serualpsychologische kulturkritische
247 3270 791 3324 orzuzaubern. Em Lebensaus
2120 3283 3120 3333 Studie ersten Ranges und in der Publikumswirkung
905 3278 2000 3334 „Die Grossjürstin und der Zimmerkellner“.
250 3315 798 3362 ien Theaterabend über tesscll.
2108 3316 2339 3373 unerreicht.
2377 3328 3117 3378 Drei Theaterabende! Drei grosse Er¬
817 3331 2071 3401 Propoldine Konstantin (Grossfürstin Nenia), Georg Alezander (als keilner).
266 3359 791 3404 rhat sich den grossen l’ariser
2107 3357 3121 3411 folge! Jeder Berliner und Freinde wird sich „Yoshiwara
249 3379 803 3449 pssfürstin und der Zimmer¬
2110 3406 3121 3460 iin Trianon-Theater, die „Grossfürstin und der Zunmer¬
258 3432 799 3479 n wie in Paris der ungeheure
806 3427 2092 3493 die famose Szenenführung eines der bühnenkundigsten Autoren und
2104 3431 3113 3507 keilner“ im Kleinen Theater und Schmitzlers „Märchen
261 3479 2094 3522 se Aktualität des Geschehens, eine meisterhafte Darstellung sichern den durchschlagenden Erfolg.
2092 3485 2967 3538 im Lessing- Theater angesehen haben mussen.
1789 3619 2634 3813 —
