3436 4320
369 156 1251 206 # musie teacher, as one imagines, fur from efflcient,
363 192 1264 251 is well as against berself. Clara bas, however, a sniter
353 219 1279 286 n Wandel, a quaint little musician, whom deubtlese
360 273 1283 320 he ultimately espouses. It is a scedy houschold,
361 309 1267 367 #ardly better than that of the Eccles family,
350 343 1275 402 ind is the resort of all sorts of people, from vicious
362 389 1277 445 roung Viennese“ bloods“ to eccontrie Bohemians, such
357 428 1275 465 is Well, the painter, who might easily be mistaken for a
359 454 1275 518 beggar, and Mildner, an absurd-locking novelist of iras¬
355 498 1275 553 üble temperament. There is also a better-class gounk
359 527 1274 588 journalist in Denner. In the first act littie more is done
353 581 1274 634 han to make us acquainted with the characters, to
359 619 1281 671 zonjure up an atmosphere of dingy though free and easy
350 643 1282 703 liscomfort, and to acquaint us with the fuct that
361 695 1288 752 Fanny, who is on the stage, is rehearsing her
356 733 1276 779 Irst big part. She is hopeful of making her
345 760 1283 811 lame in it, but feels keenly the familiar way in which she
360 807 1275 877 s treated by all. All, that is, but Denner, who
353 849 1275 890 hampions her canse in words that earn for him a pas¬
355 887 1283 935 tionate gratitude which if it is not leve from the start
361 929 1278 966 apidly ripens into it. He, however, deems it wisest to
356 968 1286 1008 teep away, which leads her to call on him at bis
354 1006 1283 1039 lat ore night. She is confessing her love and
354 1041 1281 1104 hallenging him to deny his when another caller
350 1085 1272 1120 omes, and she is smuggled off the premises. The new¬
356 1122 1286 1163 omer is Dr. Witte, who, after a youthof gaiety, is on
350 1159 1275 1191 he eve of marryny, and settling down. Mim Denner
354 1193 1274 1251 onsults on the possibility of a woman once ruined
361 1223 1284 1288 naking a good wife, and Dr. Witte laughs ene ides to
357 1275 1279 1334 corn. He regards any stories to the contrary effeot au
353 1316 1272 1367 airy tales. He has, apparently, been on familiar torm¬
351 1355 1275 1405 vith Fanny. Whether he has been her ouly lover is not
355 1384 1278 1450 lear; rather should one #ay it did not come out clearly
360 1433 1272 1474 ast night, thanks not a littte to Miss Penelope Wheeler's
351 1471 1285 1508 ielivery of tbe all-important confession which on
358 1503 1285 1560 ier return Denner extorts from her, with her back
362 1547 1276 1587 o the audience and her head hidden in her
358 1577 1281 1638 ms. I s also only fair to say that Denner
350 1618 1275 1666 zives her his confession in return, if a denial of all expe¬
362 1663 1279 1706 iences of thrkind may be termed a confession. Bythe
350 1698 1271 1738 d of the act the two are in each other’s arms. Now
351 1733 1277 1787 tis very desirable to know whether or not these con¬
349 1778 1280 1824 essions, or either of them, is orare also to be regarded as
355 1816 1281 1866 airy tales, but as the play was done bst night many of
351 1862 1279 1905 hose unscquainted with the book must nave preserved an
349 1889 1294 1946 Len mind on the matter. Bv the Bird act Fanny
345 1926 1260 1969 las made hei success; all Vienns is ringing with her
345 1965 1273 2023 waises. Against this must be set the growing jealousy
353 2004 1284 2059 ind suspicions of Denner, who cannot sce a bouquet arrive
355 2045 1269 2088 'or her without grinding his teeth in fage, mortification,
342 2092 1281 2131 ind doubt. Andat last he can bear it no lorger and casts
338 2124 1274 2180 ier off, and as the curtain falls ono hears her voice raised
350 2160 1276 2206 zigh amid the babble of the rowdy supper-party in the
340 2206 1276 2258 ext room. Henceforth she will teke her new life
350 2250 1224 2294 n both hands and look fer happiness to that life alone.
371 2282 1268 2321 Miss Wheeler as Fanny played with great intensity,
350 2316 1275 2364 hough occasionally reminding one by her tones of Mrs.
346 2351 1265 2405 Patrick Campbell, and, as observed, failing in distinctness.
350 2399 1283 2440 Mr. Leslie Gordon acted very earnestly asthe screly per¬
350 2436 1266 2472 lexed Denner, who tortures Fanny not more than him¬
356 2475 1277 2524 elf. Miss Alice Chapin was capital as the frowsy old
343 2521 1272 2564 mother, and Miss Hilda Honiss brought out with¬
355 2553 1283 2614 ut repelling the stubborn, selfish nature of Clara.
346 2578 1268 2645 Miss Irene Clarke was excelient as a sly little minx
344 2627 1275 2677 vith an innocont manner, and to Mr. Maurice Elvey and
347 2669 1277 2715 Mr. Alfred P. Allinson as twoofthe Bohemian characters
355 2708 1278 2758 vas due most of the laughter of the evening. Mr.
342 2748 1275 2799 Juy Rathbono played with nonchalance as tho worldly¬
355 2782 1273 2829 vise Dr. Witte. Alarge audience followed the play with
344 2824 1283 2874 onelderable attention, but it cannot be said that the
352 2859 1270 2902 ay grippr ithroughout. The Society’s next production
351 2901 1270 2943 vill be on the last Sunday of next month, thh pieco
346 2934 1292 3007 seing Mr. George Calderon’s translation of Antony
344 2970 866 3040 Tchekhof’s play“ Tho Seagull.“
2298 192 2703 258 Maerchen
2017 194 2244 286 Das
2175 252 2608 299 a#nanssesarestdunnensaumenestarsensanmingesserdeenaners
2549 981 2954 1075 Telephon 12.301.
2006 1140 2770 1208 „UUOLMVEN
1853 1199 2931 1286 1. österr. beh. konz. Unternehmen für Zeitungs¬
2054 1258 2738 1311 Ausschnitte und Eibliographie.
2022 1311 2795 1390 Wien, I., Conoordiaglatr 4.
2252 1383 2579 1445 Vertretungen
1847 1413 2945 1486 in Berlin, Brüssel, Budapest, Chicago, Cleveland, Christlants.
1864 1473 2949 1519 Gonf, Kopenhagen, London Madrid, Mailand, Minnzspele.
1849 1510 2955 1570 Nuw-Vork, Paris, Rom, San Francisco, Stockholm, St. Pertes¬
2253 1551 2560 1603 burg, Toronto.
2192 1589 2616 1645 rChmmilemansguchte udume Cereamer
1858 1653 2262 1724 Ausschnitt aus:
2274 1657 2910 1749 Jde Pines, Konden
2205 1712 2575 1786 29 ##0 1912
1850 1782 2040 1851 Tem
1971 1865 2692 1955 THIE LITTLE THEATRE.
2187 1940 2327 2005 — —.—
1914 1991 2811 2063 VIf Oxfordl is the“ home of lost causes and for#aken!
1902 2024 2812 2087 cltels, Vienna-al #eest upon the evidence of Mr.#
1893 2068 2786 2129 Mnlur Seiini#ali-eehouse of stale plati¬
1893 2092 2797 2169 udelr. Scimilpler's Das Murchen, translate
1909 2148 2806 2210 y Messrs. C. E. Wheeler and Granville Barker,
1897 2188 2814 2248 nd plaryed last nicht by the Adelphi Play Society,
1897 2229 2819 2283 ires a Viennese setting to the dramatic exposition of
1902 2264 2819 2323 indenlable but ratler over-familiar truths. That
1895 2303 2819 2355 ople often leil to practise what they preuch, that
1907 2346 2807 2414 vou cannet undo the past, thmat lealonsy poisons love—
1902 2386 2820 2445 hese no doubt are#eternal veritles, and. for that
1892 2428 2826 2476 tery reason, call for ne kurther expression in art unless
1901 2466 2818 2504 tbe fresh and striging expression. Thero was fresh¬
1899 2495 2825 2548 #ess, ab certain happy impadence, in Mr. Schnitzler’s
1888 2548 2817 2589 Anatol; but Dor Murchen is flat and commonplace.
1892 2572 2822 2626 At a quasi-Bohemian party the guests are disputing
1899 2628 2820 2668 about ihe injustice of puiting a social stigma upon the
1888 2653 2827 2699 girl who has been frail. and 6 gentleman present is
1899 2688 2823 2746 very serere upon soriely for ite enstomary attilude
1893 2737 2833 2778 in this matter. One of ihe mughters of the house
1889 2770 2825 2826 happens to be sucha girl, and, ol course, at once falls
1886 2815 2815 2863 in love willi the genlleman wilo has—merely cere¬
1891 2856 2821 2904 brally, so to speak, and all unwittingly—enpoused ber
1888 2894 2835 2935 cause. Thus called upon to put his abstract views
1902 2922 2830 2982 into concrete action the gentleman miserably fails.
1893 2975 2829 3022 He finds himself willlly jealous of ihe lady's
1898 2996 2833 3063 ohl lover. The idea that he is sccond
1910 3051 2827 3096 on the list is misery to bim, and when he
1903 3086 2835 3134 finds (being a gentleman of morbid curiosity) that he
1903 3128 2828 3175 is in fact not second. hut third, be is gondsd to fury.
1900 3168 2821 3219 Liko all morbidly tealous men, he not oniy torments
1892 3203 2820 3262 himself but becomes an intolerable nuisance to
1905 3239 2836 3281 everybody else. Even the loving lady at last gives
1888 3298 2829 3330 him up as imposssible, and accepts an engagement
1905 3314 2831 3373 asn theatrical“ starnt St. Petersburg. So tbe
1899 3344 2830 3413 gentlemnn flings out of the houso with the inevitable
1903 3395 2838 3438 bang of the front-door (perhaps the most enduring
1905 3435 2832 3480 legacythat Ibsen has boqucathed to the stage), andthe
1892 3482 2838 3538 lady is left hugging bouquets of roses to her bosom,
1903 3515 2830 3559 and declaring that she now knows what her future lise
1911 3552 2834 3602 is to be. Is this a symbol? A case of“ roses and
1905 3603 2840 3646 rapture!? Does sho mean to make ber list as long
1906 3624 2843 3680 las Don Giovanni's mille e 7re? Or are they stage¬
1909 3661 2829 3719 bouquets, indicating a life of devotion to art? Mr.
1898 3709 2834 3766 Schnitzler leaves it open. Miss Penelope Wheele,
1902 3747 2817 3800 played the lady with more sincerity than charm, and
1906 3786 2839 3855 Mr. Loslie Gordon, as the embarrassed gentlemay
1895 3825 2513 3885 seemed to feel his position acutely.
2876 185 3228 272 box 7/2
