3436 4352
405 218 1762 303 hat den Leibriemen wurde der neunjährige Sohn des dortigen sächsischen
2205 242 2815 328 Das Maerchen
329 289 1746 347 ist noch vier Centimeter Gesandten Brafen von Hohenthal von einem Omnibus
2049 267 2565 367 30
777 327 1339 392 überfahren und war sofort toht.
1350 355 1530 416 R  H
949 378 1037 426 A NATSNEN
324 357 773 455 itübung eines Pau¬
954 402 1558 491 Titerarisches.
317 437 778 503 gemeldet: Aus Anlaß der
938 429 1769 527 Das Märchen. Schauspiel in drei Auf¬
306 483 789 550 #tschafs Dr. Bauer in Ressitz
785 514 1754 591 zügen von Arthin Schnitzler. (Dresden, E. Pierson's
365 532 780 608 Empfange des Küchen¬
782 568 1754 631 Verlag.) Es henbelt sich um „das alte Thema von den
318 585 775 654 umen, für welches Rust¬
338 623 1765 689 Vorgestern ereignete sich Gefallenen.“ Der Schriftsteller Fedor Denner, der mit
344 646 1760 727 ein schrecklicher Unglücks= der Schauspielerin Fanny Theren im Mittelpunkt der
326 710 1774 782 und liefen durcheigander, Hundlung steht, erklärt, man müsse mit dem Vorurtheil,
315 765 1778 839 Vorgl überritten 4) so das man gegen ein Weib bege, „weil es wahr und na¬
336 811 1765 881 hald darauf starb. Auchs türlich liebte“, Trechen und „das Märchen von den Ge¬
319 862 1764 950 nderiums wurden erheblich fallenen“ aus der Welt schaffen. Aber als er diese mit
777 897 1763 972 Wärme vertheidigte Ansicht in wirkliche That umsetzen
296 933 369 992 u
306 941 1771 1025 ilbstword eines Ma= soll, da hat auch er nicht die Kraft, dem Vorurtheil der
333 1000 1768 1081 läßt sich aus Marmnaros=] Welt die Stirne zu bieten und — drückt sich. Dies ist
304 1050 1775 1124 teriösen Umständen hort er= in Kurzem der Inhalt des vorliegenden Schauspiels, das
295 1098 1767 1180 ingarischen Magnatia, den in der schließlichen Schwächlichkeit des Anfangs so kampf¬
304 1153 1768 1228 berichten. Graf Densegky hat entschlossen auftretenden Helden wohl den schroffen Gegen¬
300 1207 1792 1287 Szart#zs begeben, Tumn die satz zwischen Theorie und Praxis in der bewußten Frage
298 1245 1774 1335 inbwirthschaftlicher Genossen= geschickt zur Darstellung bringt, aber doch nur eine in
293 1281 1779 1383 war, zu inspiciren.  Gestern Dialogform gebrachte novellistische Skizze ist. Manches
285 1336 1782 1429 tin Ilona, geborert Gräfin würde im Gewande der Erzählung entsclieben gewinnen
291 1382 1773 1462 ziget und legte deridortigen und die Charaiterisirung der Personen könnte in schärferer
306 1444 1775 1517 hatten vor, in welchem der- Weise durchgeführt werden, als es in dem der regen
300 1499 1783 1577 * Leben nehr  Die Gräfin Handlung entbehrenden Schauspiel und der ihm vorau¬
320 1566 1668 1617 90 fl. für Denjenigen aus, gesetzten Beschreibung der Personen möglich war.
881 1562 1870 1655 — Meyer's Couversations=Lexikon.
328 1606 800 1675 nd auffindet. Die Nachfor¬
334 1642 1780 1715 ite; nach jängeren #uchen Die Vorzüge mustergiltiger Bearbeitung aller Wissens¬
354 1684 1776 1755 im Walde Kassa=Poljana fächer, sorgfältiger Berücksichtigung des neuesten Standes
349 1731 1781 1809 schen Felsen todt auf dem auf allen Gebieten menschlicher Thätigkeit, erschöpfender,
350 1795 1800 1887 That ist in Dunkel gehüllt. doch riemals das erforderiiche Maß überschreitender Be¬
1171 1802 2114 1905 Wesise erine. unneren e en en
1651 1929 2030 1990 Telefon 12801.
1338 2023 2307 2109 : Unternehmen für Zeitungs-Ausschritte
2344 2036 2579 2124 Ausleie
1088 2059 1325 2171 405
1479 2118 2169 2228 „OBSERVER“
1112 2186 2593 2281 I. österr. behördl. concess. Bureau für Zeitungsberichts und Personalnachrichten
1413 2275 2280 2378 Wien, IX/1 Türkenstrasse 17.
1366 2347 2356 2443 Filiale in Budapest: „Figyelö“, VIII. Josefsring 31 a. —
1103 2513 2161 2652 Ausschnitt aus Prager Tagblatt
2156 2586 2345 2740 %
1107 2665 1548 2773 vo72
2353 2695 2432 2807 S
2396 2738 2570 2866 42
1445 2750 2263 2845 Deutsches Volkstheater. Zum Besten des
1267 2845 2256 2905 Deutschen Journalistenverbandes gelangte gestern „Das
2525 2817 2681 2918 S
1291 2878 2264 2942 Märchen“, Schauspiel in drei Aufzügen von Arthur
1261 2914 2271 3009 Schnitzler, zur Erstaufführung. Es ist wie das von
1266 2973 2264 3051 der Landeshühne her bekannte Drama „Freiwild“ ein
1275 3020 2273 3092 Thesenstück, das die eingewurzelte Anschauung, als ob
1282 3062 2270 3138 die gefassene Frau ein für allemal rettungsloser Ver¬
1285 3108 2270 3201 derbniß preisgegeben sein müßte, als einen gesellschaft¬
1273 3169 2271 3249 lichen Irrthum, als eine fable convenue, als ein
1291 3222 2278 3293 Märchen hinstellt gegenüber der hochherzigen und freien
1295 3265 2279 3352 Anschanung, welche keinen Menschen um des Natürlichen
1299 3325 2280 3390 willen zu verachten oder zurückzustoßen gestattet. Dieser
1303 3361 2282 3439 interessante Conflict wird an einem concreten Falle er¬
1299 3408 2289 3490 probt, in dem sich die alte Märchen stärker erweisen,
1296 3466 2276 3536 als die stolze Doctrin von der vorurtheilslosen Erhebung
1303 3502 2278 3591 der Gefallenen. Zwei edle Naturen gehen an dem un¬
1324 3547 2291 3637 überbrückbaren Widerspruch zu Grunde. Das Stück ist
1380 3605 2287 3681 chieden schwächer als „Liebelei“ und „Freiwild“, da
1389 3651 2286 3734 geistvolle und elegante Dialog manche todte Stelle
1372 3705 2296 3786 fweist und auch der Fortgang der an sich ärmlichen
1325 3750 2287 3829 Handiung schleppend ist. Das interessante Werk hat bei
1299 3793 2293 3884 dem aut besuchten Hause einen gemischten Eindruck
1332 3833 2304 3915 hervorgerufen. Die beiden ersten Acte gesielen und
1329 3869 2301 3957 brachten den Darstellern, in erster Reihe Herrn Richard
1331 3931 2304 4017 Wirth und Frl. Gabri. Beifall und Hervorrufe, der
2041 3981 2288 4048 Dr. A. G.
1351 3994 1724 4053 dritte Aufzug fiel ab.
1075 4023 2299 4102 Für 50 Zeitungsausschnitte (Artikel oder Notizen) fl. 7.50
2299 4042 2490 4110 mclussre
2106 4064 2295 4139 „ 14.—
2339 4099 2465 4137 Porto.
2130 4107 2286 4159 „ 25.—
2315 4120 2487 4161 Zahlbar
1101 4114 1276 4186 „ 200
2108 4137 2285 4197 „ 55.—
2301 4151 2509 4214 im Voraus
1118 4156 1281 4216 " 500
2119 4183 2280 4239 „ 100.—
1116 4194 1282 4259 „ 1000
1649 4198 2553 4269 ieren Bureanx für Zeilungsausschnitte ist e
2931 236 3308 340 box 7/2
3213 4178 3341 4237 ad
