3436 4352
1302 183 1495 290 7/2
1098 185 1293 292 box
540 181 740 268 Mae
769 180 983 270 hen
387 189 552 269 Das
209 198 739 312 3. Les
795 225 983 310 Hrel
1653 277 1908 373 — ———
269 345 1622 461 jestät des Naiser: dierstlicher Verwendung sicht, zählt
1625 372 2983 491 unermüdliches Wirken hat ihm mehrfache kaiserliche Aner¬
274 439 1620 515 zu den bekanntesten ind beliebtesten Persönlichkeiten der
1632 441 2190 517 kennungen eingetragen.
273 466 1611 567 Holgesellschaft. Sportsmann und Reiter pur excellence, ver¬
1741 481 2973 566 Fürstin Sophie Galizzn hat, von ihrem Magenübel
271 517 1617 606 einigt Majer v. Pongracz mit diesen, von allen Preisreit¬
1617 524 2965 620 seheilt, das Sanaterium Purkersdorf verlassen. Da¬
276 559 1618 666 konkurrenzen her wohlbekannten Eigenschaften das Wesen
1623 594 2969 664 selbst sind eingetroffen: Grälin Riedberg, Baronin Ger¬
269 627 1611 700 eines vollendeten Kavahers, welches dem eleganten, schnei¬
1619 636 2977 732 liey, ilerr v. Ghyka nebst Familie, Ritten v. Chelkowsky
274 659 1623 770 digen Oflizier in allen Kreisen, militärischen wie gesell¬
1625 697 2983 785 aus Posen, Herr v. Reinhard, der deutsche Konsul in
271 730 1480 802 schaftlichen, die wärmsten Sympathien verschafft hat.
1640 742 2038 819 Christiania, u. a.
394 772 1623 850 Richard Freiherr v. Ott, dessen Bild mit jenem seiner
270 783 1622 900 Gemahlin auf Seite 5 dieser Nummer reproduziert erscheint,
1974 799 2609 912 Armee und Marine.
274 863 1625 955 lungiert seit vier Jahren als Bezirkshauptmann in Sankt Veit
1726 885 2979 965 Aus Anlaß des Namenstestes Sr. Majestät des Kaisers
263 929 1624 974 a. d. Glan und wurde heuer gelegentlich der Kaisermanover
1610 940 2978 993 wohnten gestern die Truppen der Garnison in den ver¬
271 960 1610 1050 durch Allerhöchste und Höchste Ansprachen mehrluch aus¬
1622 981 2970 1058 schiedenen Kirchen der Residenz einem feierlichen Gottes¬
266 1015 2969 1106 gezeichnet. Für sein verdienstvolles ##hmienstbeLim HEnfrüh hielt Se. Exzellenz der aposto¬
266 1064 1107 1139 Sr. Majestät dem Kaiser das Rittef
2152 1082 2980 1175 Dr. Belopotoczky in der Votiv¬
263 1117 1109 1188 Ordens verlichen. Freifrau Sophie v.
2114 1131 2965 1220 Ehe einen Fesigotlesdienst ab, dem
257 1174 1102 1231 ist eine Tochter des Generals Luf
2103 1201 2961 1270 F Bataillone und zwei Eskadronen
262 1213 1101 1285 v. Preanfeld. Sie ist Präsidentin des Zu
2117 1238 2972 1315 der Kommando des GAl. Schleyer
276 1261 1111 1346 vereines Sankt Veit der Gesellse
2107 1273 2371 1354 Krohnten.
270 1314 1075 1382 vom Roten Kreuz und wegen i
2176 1311 2968 1417 Eine Deputation des k. und k.
258 1355 1077 1430 Liebenswürdigkeit, ihrer geistigen
2116 1369 2968 1466 Agonerregiments Nr. 2, dessen Inhaber
255 1407 1110 1501 gabung und ihres humanen Wirl
2134 1442 2969 1514 Exzellenz Generaladjutant G. d. K.
262 1456 634 1525 hochgeschätzt.
2100 1493 2971 1550 al Eduard Paar ist, traf vorigen
366 1487 1091 1600 * In Seiner Villa in Mallnitz in Kür
2114 1544 2962 1609 Enstag anläßlich des 50jährigen Dienst¬
2107 1572 2965 1655 biläums Sr. Exzellenz aus Czortkow
2113 1634 2971 1704 Wien ein und überreichte demselben
2193 1688 2961 1738 Offiziersdienstzeichen I. Klasse.
2103 1716 2967 1812 bends gab G. d. K. Graf Paar der De¬
2103 1775 2962 1863 Itation seines Regiments im Hotel
2111 1836 2955 1898 icher ein Diner, welchem auch Garde¬
2105 1880 2959 1944 pitän G. d. K. Alois Graf Paar sowie
2096 1936 2970 2011 ##neral - Kavallerieinspektor G. d. K.
2087 1977 2958 2054 iter v. Brudermann beiwohnten.
2099 2025 2964 2108 n nächsten Tag gab das Regiment
2087 2074 2978 2163 inem Inhaber ein Diner im Hotel
2095 2121 2276 2197 iperial.
2184 2156 2949 2255 Se. Exzellenz General-Truppen¬
2098 2214 2953 2304 spektor PZM. Anton Galgotzy traf
2095 2278 2961 2345 #rige Woche mit seiner Gemahlin aus
2099 2326 2597 2398 ien in Karlsbad ein.
2159 2357 2963 2453 * Der Oberst d. R. Emil Freiherrvon
2093 2403 2957 2502 agdeburg ist in Graz im 50. Lebens¬
2098 2466 2962 2543 hr gestorben. Er wirkte zuletzt als
2092 2528 2956 2603 ommandant der 12. Kavalleriebrigade
2113 2571 2477 2636 Hermannstadt.
2093 2618 2962 2695 er Wilhelm II. hat Se. Hoheit den
2090 2681 2974 2743 ichsen-Altenburg zum General¬
2134 2727 2949 2794 Herzog, der jetzt im Alter von 81
2074 2767 2965 2840 17. August 1845 in das Altenburgische
2078 2815 2959 2904 Ei 28. September 1847 dem jetzigen
1591 2868 2585 2930 Jägerbataillon Nr. 6 in Breslau aggregiert.
1729 2902 2968 2988 Se. Majestät Kaiser Nikolaus fl. von Rußland
1603 2959 2961 3021 ließ Sr. Hoheit dem Prinzen Arsen Kara-Georgewitsch,
1594 3018 2962 3089 dem Bruder des Königs Peter l. von Serbien, der an
1606 3061 2944 3120 dem russisch-japanischen Krieg als russischer Offizier teil¬
1597 3112 2959 3184 genemmen hatte, durch einen Spezialkurier einen kostbaren
1605 3168 2950 3243 Ehrensäbel, dessen Klinge die Inschrift sfür Tapferkeit¬
1592 3213 2052 3277 strägt, überreichen.
1706 3236 2958 3341 * Der General der Infanterie z. D. Adolf Freiherr Böcklin
1602 3295 2944 3389 v. Böcklinsau in Karlsruhe beging am 30. v. M. den finizig¬
1591 3354 2866 3435 jährigen Gedenktag seines Eintritts in den Militärdienst.
1600 3516 2902 3658 NALE TRANSPORTGESELLSCHAFT A. G.
1616 3635 2694 3722 I. Bezirk, Franz Josefs-Kai Nr. 5.
1599 3717 2874 3817 Ubersiedlungen per Bahn und Schiff. Tapezierte Patent¬
1593 3769 2875 3871 8½ Aeter Länge, Verpackungen, Reisegepückexpedition,
1590 3824 2885 3911 #tier) für Übersectransporte. Möbelaufbewahrung, Teppich¬
1602 3889 2887 3969 servierung in eigenen Lagerhäusern. Telephone 319, 18.615.
1580 4044 1636 4120 05
1616 4031 1949 4161 S
2373 4078 2474 4179 —
