3436 4224
326 136 1043 216 3. Das Maerchen
1237 137 1529 227 box 7
486 177 1041 247 An en aenenenen enen eneen 11
685 949 1332 1018 Dr. Max Goldschmiet
683 1008 1313 1083 Büro für Zeitungsausschnitte
1065 1052 1500 1107 Telefon: Norden 3051
502 1044 811 1116 BERLIN N 4
829 1129 1179 1195 Husschnitt aus:
667 1173 1325 1247 Hannoverscher Courler
1074 1290 1359 1383 1. April 1001
647 1381 1544 1477 Berliner Theaterbrief.
472 1465 1698 1530 Star= und Ensemblekunst. — Rudolf Leonhards
477 1506 1074 1574 „Segel am Horizont“.
1160 1510 1705 1574 Eine Schnitzler=Aus¬
973 1549 1220 1611 grabung.
1041 1600 1150 1657 Von
811 1651 1402 1717 Hanns Martin Elster.
1303 1707 1676 1774 Beelin, 23. März.
548 1751 1697 1805 Eine Schreckensnachricht ging kürzlich durch das Theater¬
473 1800 1697 1861 Berlin: die Schauspieler wollten streiken. Wegen der Gagen¬
472 1842 1694 1894 konvention. Man wollte sich die Vorschriften der Herren Bühnen¬
484 1884 1692 1922 leiter auf Begrenzung einer Verdienstmöglichkeit als Promi¬
480 1920 1698 1970 nenter oder Nicht=Prominenter nicht mehr gefallen lassen. Nun,
482 1957 1704 1995 es kam natürlich nicht zum Streik. Wer geht — als Gagen¬
481 1995 1697 2044 empfänger — gerne seiner Tageseinnahmen (und wenn es 300 .K
483 2034 1693 2079 für den Tag bei den Prominenten sind!) verlustig? Und wer
480 2072 1693 2126 will — als Gagenzahler — gerne auf die Tageskasse verzichten?
479 2117 1700 2166 Also, man setzte sich an den Verhandlungstisch. Und verhandelt
476 2162 1699 2205 noch. Und wird weiter verhandeln, bis ein schöner, runder
469 2198 1694 2256 Kompromiß dabei herauskommt, daß man alle Teile befriedigt
538 2231 905 2281 in puncio Geld.
537 2268 1687 2314 Nur vielleicht einen Teil nicht, nämlich all die, denen es um
469 2308 789 2364 die Kunst geht.
540 2332 1702 2396 Denn der Vorstoß gegen die Gagenkonvention ist ein Vorstoß
477 2394 1689 2437 der „Stars“. Also, künstlerisch gedacht, ein Angriff auf den
472 2427 1693 2472 Ensemblegedanken. Als wir das erste Mal von der
473 2465 1702 2505 Konvention in Kenntnis gesetzt wurden, trat Jeßner in seiner
468 2509 1700 2563 charakterfesten Art auf und wies darauf hin, daß die Konvention
473 2538 1684 2595 dem Ensemble diene; deswegen mache er mit. Dies steht un¬
474 2584 1689 2634 zweifelhaft fest. Jeßner hat es an den staatlichen Theatern be¬
475 2632 1704 2676 wiesen, weil es ihm auf Kunst ankommt. Vielen Privattheatern
463 2676 1702 2722 (und Stars) kommt es aber mehr auf — Geld an. Dieser Geld¬
461 2702 1115 2755 wille zerstört die Schauspielkunst.
565 2740 1691 2795 Ich hätte es darum einmal lieber auf einen Streik ankommen
471 2778 1687 2839 lassen. Mein Gott, was wäre denn schon Schlimmes geschehen,
471 2825 1687 2869 wenn die Berliner Theater einmal hätten schließen müssen? „Die
467 2863 1685 2900 heilige Johanna“ ist doch schon mehr als hundertmal herunter¬
467 2896 1696 2953 gespielt worden, „Die Stützen der Gesellschaft" „Die Großfürstin
466 2939 1692 2996 und der Zimmerkellner“ „Der Kinderkarneval“ usw. usw. sind
470 2982 1691 3033 doch auch nicht gerade Stücke, die dem Volke unbedingt erhalten
460 3020 1695 3063 werden müssen! Die Kunst, die geistige Sehnsucht unserer Tage
470 3059 1685 3099 hätte bei einem Streik nichts verloren. Nur die Geldtasche der
474 3098 1124 3139 Schauspieler und Bühnenleiter.
540 3138 1688 3189 Und das wäre doch nur gut gewesen. Man wäre dann viel¬
469 3184 1684 3228 leicht auch einmal wieder auf den ausgefallenen Gedanken ge¬
462 3221 1691 3274 kommen, daß das Theater nicht nur ein Geschäft ist, sondern auch
472 3256 1685 3322 etwas — ich sage sage ja schon nur „etwas“! — mit Kunst zu
472 3289 661 3341 tun hat.
536 3328 856 3394 Sozusagen.
1799 1357 2943 1427 Aber es hat nicht sollen sein. Und wir haben nun das
1727 1419 2896 1458 zweifelhafte Vergnügen, Hans Bachwitz' „Yoshiwara“
1731 1459 2950 1499 das Stück des japanischen Bordells — weiter im Trianontheater
1729 1500 2942 1542 zu genießen oder zu bewundern, wie Jakob Thielscher immer noch
1738 1538 2939 1586 den albernen „wahren Jakob“ macht. Einzelnen Unsinn fegt die
1737 1585 2947 1631 Zeit und Kritik ja doch bisweilen von der Bühne: so Dumas —
1730 1613 2948 1654 kürzlich vom „Deutschen Theater“ neu ausgegrabene „Kame¬
1737 1654 2030 1709 liendame“
2056 1654 2362 1709 Sie hatte sich
2360 1654 2938 1700 — angeblich — von Theodor
1735 1693 2944 1737 Tagger (dem Leiter des Renaissancetheaters) bearbeiten
1736 1730 2937 1774 lassen, aber nach der Premiere erhob Tagger ein Geschrei: diese
1732 1771 2942 1826 Bearbeitung mit dem verfahlten Schluß sei nicht von ihm, sondern
1733 1811 2944 1861 von Bert Brecht und andern.... Kein Mensch fand dann, als
1729 1858 2942 1901 auch noch Bert Brecht sich zu dem Kasus geäußert hatte, mehr
1721 1890 2946 1947 heraus, wer nun alles sich an der „Kameliendame“ vergangen
1730 1930 2940 1973 hatte. Man tat das Klügste, was man tun konnte, und sperrte
2738 1965 2943 2019 Elisabeth
1732 1968 2659 2011 dieser von vielen bearbeiteten Dame das Haus.
1727 2006 2942 2063 Bergner und das Deutsche Theater hatten den Schaden davon ...
1722 2044 2655 2097 Wir sind wenigstens um eine Anekdote reicher...
1794 2083 2945 2118 Bei all diesen Erfahrungen möchte man bisweilen an der
2596 2126 2942 2167 Auch die einzige
1733 2123 2564 2168 jungen Dramatikergeneration verzweifeln.
1728 2167 2947 2219 Uraufführung in letzter Zeit enthüllte eine merkwürdige Unreife
1721 2203 2947 2251 neben starker Theaterbegabung. Interessant war dieser Abend
1715 2246 2937 2288 gewiß, den Rudolf Leonhard uns mit seinem „Segel am
1724 2287 2943 2331 Horizont“ in der Volksbühne bereitete. Geistig wie künst¬
1724 2318 2088 2374 lerisch interessant.
2084 2335 2117 2370 925
2117 2322 2943 2381 Geistig: Rudolf Leonhard ist unbedingter
1717 2360 2933 2408 Anhänger der kommunistischen Ideen, der russischen Ideologie,
1716 2402 2946 2442 obwohl er intellektuell und kritisch genug ist, zu spüren, wie hier
1711 2441 2937 2494 die Natur gegen die Konstruktion des kommunistischen Welt¬
1714 2480 2939 2527 gebäudes spricht. Aber er ist mit Leib und Seele Parteimann.
1716 2521 2929 2563 Warum soll er also für die Partei nicht einfach die Natur ver¬
1718 2556 1966 2610 gewaltigen?
1796 2585 2939 2646 Das wird nun, vom künstlerischen Standpunkt aus, mit einem
1728 2632 2932 2679 so eiskalten technischen Raffinement gemacht, daß jede innere
1717 2672 2940 2728 Wahrscheinlichkeit in die Brüche geht. Was bleibt, ist ein Sich¬
1724 2717 2936 2772 drehen im Kreise, eine Konstruktion ohne Sinn, ein leeres Spiel,
1724 2753 2933 2801 das nur um der Sensation willen da ist. Die Sensation lang¬
1726 2791 2940 2843 weilt schließlich, weil sie sich in immer gleicher Weise wiederholt.
1713 2835 2942 2879 Das Motiv langt für einen Einakter, könnte menschlich durch¬
1722 2870 2930 2909 geführt werden, sich sogar zu Dichtung auswachsen, wird statt¬
1723 2908 2939 2958 dessen aber zu einem Abend füllenden Stück auseinandergewalzt
1715 2947 2931 2996 und verliert durch das Parteitendenziöse jede dichterische Be¬
1726 2983 1909 3039 deutung.
1791 3000 2940 3079 Eine Zeitungsnotiz brachte Leonhard den Stoff: das russische
1722 3062 2931 3107 Segelschiff „Towarichtsch“ lief auf der Heimfahrt nach Petersburg
1723 3097 2932 3148 den englischen Hafen Port Talbot an und gab hier bekannt, daß
1721 3139 2928 3190 die Frau des Kapitäns, der in einem früheren Hafen verschwun¬
1723 3184 2934 3223 den war von der gesamten Mannschaft einstimmig zum Führer
1713 3223 2929 3274 des Schiffs gewählt sei. Leonhard sah die Situation: sechzig
1720 3257 2929 3311 Matrofen, lebens= und liebeshungrige Männer und eine Frau!
1710 3296 2925 3343 Aus diesem Gegensatz entwickelte er sein Stück! Nicht aber. um
1711 3341 2916 3395 Menschliches, Tragisches oder Befreiendes zu offenbaren, sondern
2962 1360 3397 1437 um zu beweisen, daß 2
2969 1423 3397 1470 Kommuni us sein ko
3044 1457 3392 1513 Auf . u Schiff 13
2973 1497 3399 1553 unter der Teschrechtsgie
2964 1535 3405 1590 mann, noch Koch, wede
2963 1579 3398 1628 bleiben von der Sehn
2959 1615 3391 1671 Frau kann nicht mehr
2973 1656 3310 1709 „Matrosenrat“.
2968 1703 3401 1748 eines Matrosen einen
2970 1739 3395 1776 den Telegraphisten, de
2972 1772 3377 1816 aber nicht wählen:
2969 1814 3402 1863 Verachtetsten unter de
2972 1852 3400 1904 die Matrosenmasse nich
2970 1890 3402 1939 glücklichen über Bord.
2964 1929 3400 1986 allgemein. Der Teleg
2960 1974 3400 2020 die Kapitänin ais sch
2975 2004 3394 2061 Kapitänin will alle
2976 2045 3392 2100 der herannahenden Ha
2959 2087 3398 2140 ist der deus ex machir
2959 2124 3401 2189 und Kapitänin! Sie
2967 2166 3235 2232 Hafen ab..
3034 2179 3404 2255 Man denkt sofort:
2966 2244 3405 2298 losgehen. Und sie wir
2970 2283 3395 2339 bei um einen Naturvo
2975 2327 3397 2375 man nicht mit einer
2948 2358 3394 2427 Irrtum. Im einzelne
2963 2399 3402 2454 einzelnen, wo es sich
2957 2437 3389 2486 darum auch durch Ech
2958 2479 3403 2539 zerbläst wie eine Illu
3036 2512 3405 2573 Die sozialdemokrat
2972 2553 3392 2612 Parteienge erzogen,
2960 2597 3390 2649 Unwahrhaftigkeit des
2963 2638 3396 2689 Zugleich berauscht von
2968 2675 3400 2730 sehr schönem Bühnenbis
2962 2715 3393 2765 Sommerwolken mit H
2953 2754 3395 2803 Fahrt mitten auf den
2966 2796 3396 2849 Piscators ausgeze
2969 2822 3404 2883 spiel zwischen den Ma
2950 2871 3374 2923 Einzelpersonen, eine
2961 2907 3370 2963 Lebenskraft. Gerda
2951 2941 3406 3003 der aufgewühlten Man
2955 2987 3400 3035 Momente in der Offen
2957 3028 3382 3088 frei werden möchte.
3023 3066 3399 3121 Trotz aller Einwä
2958 3107 3398 3152 beachtenswerte, zukunft
2963 3152 3398 3200 er sich einmal vom Pa
2961 3185 3399 3234 grund aller Kunst bekeh
2960 3222 3094 3285 seines
2969 3286 3013 3350 sch
