3436 4352
403 197 1539 265 Leut' haben voriges Jahr glücklich vermocht, sich aus dem
405 243 1528 305 Grabe frisch und lebendig zu erheben. Schnitzlers vor vierzehn
408 279 1536 338 Jahren aufgeführtes, vor siebzehn Jahren geschriebenes Schau¬
395 330 1534 382 spiel hat sich gestern ein wenig bleicher aus dem Archivgrab
405 377 1528 419 erhoben. Der Dichter oder ein verständiger Regisseur hätte das
396 415 1532 469 Schauspiel vor allem wortärmer, diskussionsfreier zuschneiden
402 472 1541 525 müssen. Zu deutlich weist das Schauspiel auf den Ursprung der
402 512 1535 564 Jung=Wiener=Dichtung: Die Geburt der Literatur aus dem Geiste
403 553 1541 623 des Kaffeehauses! Zu deutlich protzt aus den Literaten, die der
397 604 1532 651 Dichter mit hochachtungsvollem Ernste gemalt hat, die Ver¬
401 655 1544 698 achtung für die einfachen Menschen hervor, die der Dichter mit
400 699 1535 744 billiger Ironie gezeichnet hat. In diesem aufrichtigen Erstlings¬
395 745 1536 806 werk hat sich die Isoliertheit des Literatentums, das armselige
400 785 1546 855 und selbstgefällige Ichtum des wienerischen Literaten, der keinen
395 841 1533 886 nationalen, keinen sozialen, kaum einen menschlichen Kontakt
402 883 1545 936 mit den „anderen“ hat, ein deutliches Denkmal gesetzt. Es muß
396 936 1543 984 übrigens hinzugefügt werden, daß Schnitzler von Werk zu Werk
405 977 1545 1021 blutreicher, wärmer und weiter wurde. Er würde dieses Drama
405 1022 1533 1079 heute in viel reinerer Luft, in ganz anderer Distanz zu seinen
393 1070 776 1129 Gestalten schreiben!
503 1119 1541 1171 Fedor Denner hält Reden gegen die Philister, die ein
395 1173 1530 1227 Mädchen, das schon geliebt hat, deshalb für „gefallen“ ansehen.
402 1209 1543 1255 Aber in den Stunden, da seine Weisheit Wirklichkeit werden
392 1251 1547 1307 soll, wird er unter Krämpfen gewahr, daß auch er unwillkürlich
402 1314 1539 1367 in die Vergangenheit der Geliebten starren muß. Er kommt
398 1357 1540 1405 nicht darüber hinweg. Auch dieser Problemkern ist typisch für
389 1405 1533 1458 das Literatentum. Das verkündet Wahrheiten, die es an der
402 1461 1536 1514 eigenen Seele gar nie erlebt hat, und hört auf, zu verkündigen,
392 1500 1541 1563 sobald die eigene innere Erfahrung zu sprechen beginnt. Frei¬
402 1551 1528 1616 geister mit übernommener, nicht erworbener Ueberzeugung,
403 1572 1541 1665 Freigeister aus Unfreiheit des Geistes. Mit psychologischem
400 1636 1525 1694 Bohrsinn, der Schnitzlers echteste Tugend ist, wird dieser Fedor
398 1687 1524 1741 Denner seiner Redensarten entkleidet. Da zeigt sich, daß die
387 1736 1528 1786 Vorurteile aus Instinkten stammen, die Ueberzeugungen jedoch
394 1784 1536 1829 nur aus Ueberlegungen! Das eigentlichste Problem seines
388 1832 1529 1874 Werkes streift Schnitzler nur. Fedors Reden gegen das Fallen¬
389 1880 1523 1941 lassen der Gefallenen sind ethische Affekte, Fedors Taten,
402 1924 1524 1989 wodurch eine Gefallene gefällt wird, entspringen erotischen
392 1972 1532 2032 Impulsen. Das Mädchen entdeckt sich dem Geliebten, indem
407 2022 1541 2072 sie ihm nach einer Rede die Hand küßt. Im zweiten Akte
389 2066 1533 2125 läuft sie in seine Wohnung, fällt ihm zu Füßen und ruft ein¬
394 2119 1526 2172 mal: „Warum schreist du nicht?“ (Wenn ich nicht irre, sogar:
384 2174 1542 2224 „Warum schlägst du mich nicht?“) Sie hat Lust an der Er¬
393 2211 1532 2272 niedrigung vor ihm. Unwillkürlich fällt der Mann in den
394 2245 1539 2318 erotischen Gegenpart. Nach dem Handkuß wird er grausam. Er
392 2296 1540 2372 meidet ihr Haus. Sie sucht ihn auf, er umarmt sie und beginnt
388 2354 1533 2408 sie aber sogleich mit stiller, tückischer Grausamkeit zu quälen.
389 2398 1535 2444 Ursache (oder vielleicht doch nur Anlaß?) — der Frühere. Es
387 2455 1535 2502 ist dem Dichter selber vermutlich unbewußt geblieben, daß sich
391 2497 1527 2557 seine ethische allmählich in eine erotische Tragödie umgewandelt
385 2539 1526 2588 hat. Daß dies dem Dichter unbewußt geblieben (diese Kon¬
386 2585 1532 2639 traste wären sonst wohl stärker unterstrichen), spricht am
383 2639 1532 2689 lautesten für Arthur Schnitzler und sein Jugendwerk. Das un¬
378 2681 1533 2735 bewußte Gelingen unterscheidet den Dichter vom Literaten. Um
375 2740 1532 2798 dessentwillen stand der Dichter des „Märchen“ schon über den
381 2772 990 2838 Schreibgesellen, die er vorführte.
500 2821 1545 2884 Das Bürgertheater war dem Werke nicht ganz gewachsen.
379 2874 1521 2925 Fräulein Olga Weede gab die einst von der Sandrock ge¬
383 2919 1534 2968 spielte Fanni. Ehe sie viel zu reden hatte, interessierte das
393 2966 1533 3027 Fräulein sehr. Dann aber kam sie in ein unaufhörliches Forte
385 3016 1520 3068 hinein, ohne leisere Töne, ohne die beruhigenden Atemzüge
389 3055 1523 3116 stilleren Erlebens. Dem Fräulein fehlt noch jede Oekonomie,
386 3108 1535 3171 jede Kunst des allmählichen Aufbaues und vielleicht auch die
390 3158 1525 3214 Fähigkeit, in den gesteigertesten Momenten wirklich aufzu¬
388 3206 1527 3259 schmelzen. Ich zweifle keinen Augenblick, daß Fräulein Heller
376 3248 1536 3305 die Rolle viel inniger gegeben hätte! Ganz überraschend diskret
378 3301 1533 3350 in den stillen Szenen des ersten Aktes war wieder das kluge
384 3338 1533 3390 Fräulein v. Brenneis. Herr John gab den Fedor,
392 3395 1524 3435 manchmal mit außerordentlich viel Takt und Intelligenz, dann
386 3438 1529 3486 wieder mit einem bösen Augenrollen, das aus aller Illusion
382 3478 1302 3547 riß. Sehr gut, einfach wienerisch, waren Frau N#¬
1353 3479 1525 3550 k, Herr
390 3532 1521 3591 Seitz und namentlich Herr Berger. Fräule Lormas
392 3584 1526 3639 affektiertes Untalent störte wieder und ein Herr Lartberg,
391 3630 1532 3696 der debütierte, ist in Wien nicht möglich. Dem neuen Regisseur
390 3679 1498 3746 Rüthling ist nichts Besonderes nachzurühmen. st. gr.
2906 215 3257 310 box 7/2
2004 229 2762 293 3. Das Maerchen
2182 283 2749 328 —
2633 1164 3015 1246 Telephon 12801.
2098 1258 2815 1403 „OBSERVER‘
1926 1360 3024 1434 I. österr. behördl. konz. Unternehmen für Zeitungs-Ausschnitte
2125 1424 2864 1507 Wien, I., Concordiaplatz 4.
2335 1501 2663 1559 Vertretungen
1947 1531 3031 1600 in Berlin, Budapest, Chicago, Christiania, Genf, Kopenhagen,
1956 1583 3047 1669 London, Madrid, Mailand, Minneapolis. New-York. Paris, Rom,
2111 1619 2887 1689 San Francisco, Stockholm, St. Petersburg.
2297 1666 2708 1719 (Quellenangabe ohne Gewähr)
1953 1733 3107 1884 Ausschnitt ausans vörgel von Gumpoldekircher
2604 1821 2785 1896 Wien:
1950 1809 2406 1913 vom: 5- ORI.1907
2176 1980 2738 2067 Theater und Musik.
2046 2058 2966 2139 Wiener Bürger=Theater. Schnitz#er auf die
1959 2110 2974 2165 Szene zu bringen, war jedenfalls für Theaterfkemide ein
1959 2180 3042 2242 interessantes Unternehmen; leider bietet aber gerade „Das 18
1974 2214 3059 2308 Märchen“ ein literarisches Interesse ohne Genugtuung. g
1987 2307 3067 2349 Von allen den Stücken, die wir von Schnitzler kennen, 2.
1977 2337 3009 2413 voran gegenüber „Liebelei“, „Freiwild“, „Lebendige Stunden“,
3027 2357 3074 2423 3
1979 2395 3006 2448 ist es in seiner geistigen Anlage am wenigsten wirksam.
1986 2429 2998 2499 Schnitzler war damals, als er „Das Märchen“ schrieb,
1986 2479 3011 2547 weder als Dramatiker noch als Denker ausgegohren. Er weiß
1991 2531 3007 2598 sich zu seinem „Märchen“ nicht zu stellen. Daß darüber kein
1983 2580 3003 2643 Mann hinwegkommt, wenn die, welche er liebt, sich vor ihm
1983 2624 3002 2679 einem andern hingegeben hat, ist ihm das Märchen. Aber
1991 2687 3007 2733 wie? Fedor Denner, der im ersten Akte für die Gefallene mit
1988 2736 3010 2781 biblischem Geiste eintritt, entpuppt sich im weiteren Verlaufe
1986 2769 3011 2821 als ein hanswurstiger Othello. Freilich hat es ihm Schnitzler
1994 2828 3011 2878 schwer gemacht, die Wahrheit als Märchen zu sehen, sein Hieb
1979 2873 3006 2936 hat gleich dreimal fehlgetreten, und so bleibt das Märchen
1986 2916 3006 2988 vorläufig Wahrheit und das liebe Publikum bleibt so klug
1990 2976 3015 3023 wie zuvor, ohne sich bei dem endlosen Zankduett besonders
1991 3012 3016 3067 amusiert zu haben. Die Darstellung konnte daran nichts
1988 3061 3018 3128 ändern. Sie war im ganzen sehr anständig. Ein abschließendes
1993 3108 3017 3179 Urteil über die neuen Kräfte des Bürger=Theaters, Fräulein
1991 3157 3020 3237 Weede und die Herren John und Hartberg möge
1982 3203 3032 3277 uns vorbehalten bleiben. Nach dem reichlichen, oft stürmischen
1984 3256 2645 3339 Beifall wur alles in allem ein Erfolg.
