3436 4256
485 229 1096 315 Das Maerchen
1227 225 1594 316 box 1/2
322 231 726 340 3. 1
748 273 963 336 ae . —
526 990 1160 1074 Dr. Max & sldschmiet
530 1047 1150 1135 Büro für Zeitt. 1gsausschnitte
876 1083 1311 1157 Teleion: Norden 305
324 1092 639 1164 BERLIN N4
658 1178 1000 1260 Ausschmitt aus:
572 1244 1086 1332 Der Tag, Berlin
825 1429 1166 1589 en 925
1541 1613 3358 1680 Denn zehn zu eins gewettet, hätte bereits nach ] Lockengewuschel. Ein liebes Kind, das dem Publi¬
776 1565 1392 1690 „Märchen“=Abeno
1546 1642 2443 1707 kurzen Monaten sie ihm voogeworsen: „Hättest
2466 1661 3358 1717 kum für seinen Beifall noch mit Rickerchen dankt,
1551 1685 2441 1741 du mich damals nicht mit Liebesletten zurück¬
2460 1701 3375 1760 die so kurz wie die Röckchen. Die im Werden
714 1674 1432 1768 des Lessing=Theaters.
1552 1721 2446 1791 gehalten, so könnte ich schon heute mindestens eine
2464 1734 3367 1796 begriffene Schauspielerin Camilla Spira aber
658 1750 1537 1815 Die Gebrüter Rotter haben sich wieder einmal
1541 1758 2071 1821 Elisabeth Bergner sein!“
2478 1778 3373 1831 wird man besser dann erst beurteilen, wenn ihr
623 1792 1527 1849 um die Literatur verdient gemacht. An Hand
1570 1786 2446 1857 Su weich und ansechttar die Moral dieses
2455 1811 3368 1869 Gelegenheit geboten ist, ernsthaft und lange (und
624 1828 1527 1891 dieses österreichischen „Märchen“ trösteten sie
1544 1828 2440 1877 Stückes ist, so dürftig erscheint auch seine Tech¬
2459 1847 3369 1910 möglichst fern vom Film) über eine gar nicht un¬
618 1873 1535 1912 eine jüngere Generation damit, daß auch ein
1550 1866 2449 1916 nik. Ein damaliger Schnitzler fürchtet noch weder
2458 1880 3360 1942 komplizierte Rolle nachzudenken und wohl auch
627 1911 1522 1962 Schnitzler nicht gleich vom Himmel fällt, sondern
1545 1903 2449 1949 die Schnitzer dramatischen Aufbaues noch das
2458 1935 3364 1997 noch einiges an Sprach= und Dramentechnik zuzu¬
615 1953 1523 1998 erst auf Grund holder Liebelei mit dem The¬
1543 1946 2449 1999 überflüssige Geschwätz uns wenig interessierender
2452 1964 2617 2021 lernen.
610 1981 1518 2048 ater auf einsam weitem Wege zum heiteren
1538 1987 2448 2043 Menschen im kleinbürgerlichen Wiener Haus¬
2500 1993 3344 2060 Reife und Routine in ihrer Umgebung — Else
617 2011 1256 2080 Reigen ersehnter Erfolge gelangt.
1536 2021 2437 2077 halt. Mag sein, daß, wenn sie alle, nicht nur
2456 2034 3360 2104 Wasa, Karler=Tiß, Rudolf Ettlin
644 2044 1527 2112 Der Arthur Schnitzler von vor dreißig
1539 2058 2452 2106 Herr Klubertanz aus München, auf der
2455 2089 3362 2159 ger und in ge vissem Abstand manch andern —
610 2097 1522 2154 Jahren konnte den norddeutschen Hermann
1551 2103 2436 2150 Bühne süddeutsch geredet hätten, so etwas wie
2460 2118 3357 2186 bedeuten Gefahr für knospende Kunst. „Drum
611 2122 1526 2187 Sudermnann mit seiner „Ehre" und „Sodoms
1545 2136 2442 2179 „Milljöh“ entstanden wäre. Aufgeklärten nord¬
2455 2165 3347 2217 sorge für die Knospe, daß sie auch schön gedeiht“
614 2163 1524 2232 Ende“ ebensowenig ausschalten, wie er eines
1532 2179 2447 2226 deutschen Menschen soll man eben solche veralteten
2466 2197 3367 2260 sang schon Boccaccio, der noc etwas älter ist, aber
614 2198 1485 2275 Friedrich Hebbels „Maria Magdalena“ vergaß.
1546 2220 2434 2268 Dialoge erst gar nicht in den # und legen. Schon
2454 2236 3118 2306 jünger blieb, als dieser Schnitzler.
3150 2248 3347 2303 —ner.
662 2251 1527 2306 Durüber kommt kein Mann hinweg!“ Nämlich,
1539 2245 2445 2307 weil sie selber nicht baran glauben. Selbst eine
614 2286 1519 2349 # ein sonst braves Kind schon jemanden vor
1537 2289 2443 2340 plötzlich ertönende „gegrüßte Tante“ läßt in dem
606 2316 1523 2377 ilm gehabt hat. Doch Schnitzler geht, vielleicht
1542 2325 2448 2398 Falle eher vermuten, daß sie von jenem alten
604 2368 1517 2415 mit Anatol=Skizzen längst beschäftigt, hier bereits
1542 2358 2344 2425 Admiral stamme, der ebenfalls Nelson hieß.
616 2392 1524 2446 einen Schritt voran. Der junge Fedor Denner,
1565 2395 2455 2465 Curt von Möllendorff, der erfreu¬
611 2438 1521 2486 der in der Theorie das Märchen vom gefallenen
1533 2430 2455 2512 licherweise nach lai er, schwerer Krankheit wie¬
607 2479 1520 2533 Mädchen versicht, schrickt in der Praxis, von dem
1541 2487 2447 2547 der auf der Bühne erschien, konnte sicher auch als
608 2517 1513 2568 Gerede leichtlebigerer Freunde angesteckt, vor der
1533 2524 2442 2582 Regisseur nicht in alter Frische dem Stück das
606 2546 1521 2605 Tatsache zurück, daß seine kleine talentierte
1533 2571 2446 2618 geben, was ihm eventuell gedient hätte. Hielt
608 2582 1518 2637 Fanny Theren „vons Theater“ längst ihren
1534 2607 2455 2643 wohl auch aus gleichen Gründen der Rekonvales¬
608 2635 1511 2684 „Zweiten“ hatte, in ihm selber bereits zum
1528 2641 2441 2689 zenz in der Dadstellung noch vorsichtig zurück, um
611 2668 1519 2720 Dritten abanciert, wahrscheinlich aber längst an
1531 2678 2448 2733 sich erst im letzten Aufzug, in der entscheidenden
607 2708 1513 2764 chronischer Fallsucht leidet. Er krakehlt das be¬
1536 2718 2444 2767 großen Szene mit der Geliebten von neuem als
601 2744 1520 2805 dauernswerte junge Geschörf, das, sich just an
1533 2756 2444 2818 der bewährte temperamentvolle Schauspieler zu
598 2772 1510 2838 seiner Seite aufrichten möchte, derart an, daß sie
1529 2789 1683 2847 zeigen.
601 2810 1514 2875 schließlich selber zu der Ueberzeugung gelangt,
1567 2807 2436 2877 Diese Liebste, das süße Mädel — oh, Schnitzler
599 2855 1513 2911 daß „nichts zu machen“ sei. Sie wird eben jenen
1530 2859 2438 2921 wußte schon damals davon — ist Camilla
608 2890 1514 2942 Weg gehen, der künstlerisch aufwärts, doch mo¬
1536 2904 2442 2955 Spira, die kaum Neunzehnjährige. Aus zarten
602 2938 1517 2986 ralisch abwärts führt, und zu dem Zweck zunächst
1525 2936 2447 3001 Lustspielsphären soll sie zun erstenmal in den
605 2972 1504 3021 ein bisher krampfhaft ausgeschlagenes, gefahren¬
1536 2981 2435 3034 ernsten Mittelpunkt eines kleinen Dramas treten.
602 3003 1503 3069 bergendes Engagement nach Rußland annehmen.
1527 3011 2438 3074 Man möchte die kritische Feder aus der Hand
596 3046 1053 3096 Schrecklich, aber wahr
1526 3055 2448 3100 legen und immer nur das lebende Märchen
639 3061 1504 3134 Der Schnitzler von heute würde sicher zu be¬
1519 3089 2441 3132 schauen, das hold und zauberisch vor einem steht.
601 3105 1507 3165 weisen trachten, daß alle beide nur ungeheuer
1520 3129 2431 3192 Mit füßen, vom Leben noch nichts wissenden Kin¬
621 3152 2453 3223 klug handelten, indem sie sich rechtzeitig trennten. I deraugen unter widerspenstigem, hellblondem
