3436 4256
664 150 1077 224 Maerchen
1211 149 1600 236 box 7/2
322 154 626 247 3. Das
476 216 1078 257 entenen n entenene eenne enenenee aune
598 789 1455 871 Lund steigedigen Wollen und einem leichten und
381 833 759 942 n Können.
279 881 366 968 a
468 942 1439 1006 Man sollte seine Freude daran haben, wenn im Volks¬
279 958 345 1023 uf¬
377 989 1438 1045 theater, das nachgerade zur Filiale der Berliner Bühnen
275 1015 358 1064 er¬
376 1034 1450 1114 geworden, das Stück eines Wiener Schriftstellers zur Auf¬
280 1053 365 1114 tzte
381 1083 1444 1147 führung gelangt. Endlich gab man ein solches, ein Schau¬
279 1106 365 1172 ber
384 1136 1445 1186 spiel „Das Märchen“ von Arthur Schnitzler.
386 1180 1441 1242 Hatte man seine Freude daran? Theilweise! Man erkannte, daß
380 1235 1446 1294 man es mit einem Literaten von unleugbarer Begabung zu
379 1284 1442 1337 thun hatte, aber mit einer Begabung, die ihn andere Pfade
381 1325 1446 1391 wandeln heißt als die dramatischen. Arthur Schnitzler ist
375 1367 1433 1443 ein Seelenuntersucher, ein Stimmungsanalytiker, ein lite¬
374 1403 1439 1485 rarischer Wagehals nach dem Geschmacke Nietzsche's, ein
366 1452 1433 1536 Stürmer, der auf die conventionelle Moral Kanonen abschießt,
269 1484 352 1536 ein
372 1507 1446 1584 ein dra matischer Anarchist, der die herkömmlichen Formen
279 1529 354 1582 en
371 1548 1448 1619 des Dramas in die Lust sprengen will. Ist sein Geist auch
370 1614 1443 1669 stark, das Fleisch unserer altgewohnten Moral und die
365 1641 1440 1702 Form unseres altgewohnten Theaterstückes ist noch lange nicht so
371 1705 1440 1770 schwach, um all den Anstürmen erliegen zu müssen. Das Spreng¬
371 1748 1424 1806 geschoß, das Schnitzler gewählt, ist überdies kein gutes, kein
270 1790 356 1858 ide
367 1798 1435 1858 durchdringendes. Was wollte er? Er wollte predigen, daß
256 1850 304 1902 r
363 1848 1428 1914 Das von den Gefallenen ein Märchen ist, daß man die Reue
363 1899 1426 1935 von ihnen nehmen sollte und sie erheben aus dem Staube.
361 1936 1431 2008 Doch nein! Er wollte predigen, daß Das von den gefalleren
364 1974 1425 2051 Erhobenen ein noch weitaus unglaublicheres Märchen ist,
358 2028 1430 2089 und daß man sie liegen lassen solle im Staube. Und wiederum
351 2061 1422 2154 nein! Er wollte predigen, daß die, welche sich noch so frei
356 2112 1429 2194 dünken von Vorurtheil und schablonenhaftem Philister¬
364 2179 1427 2241 glauben, unfrei werden und unter dem Banne der
365 2219 1424 2276 Convention stehen, so für sie der theoretische Fall in prak¬
348 2269 1410 2326 tische Wirklichkeit gerückt ist. Dies Alles wollte er
356 2313 1417 2389 predigen, und dies Alles blieb unverstanden, mußte un¬
350 2358 1408 2429 verstanden bleiber Man konnte es eben nicht einsehen,
350 2405 1409 2464 daß seine Fanny, die dreimal Gefallene, frei sein könne des
353 2434 1421 2532 Stempels der Sündhaftigkeit, sagen wir aus Temverament.
358 2490 1417 2575 Und heizlich gleichgiltig blieb es dem Publicum, ob Fedor
257 2553 1425 2599 der 1 so oder so über die Sache denkt, denn das hat er schließlich
351 2591 1418 2661 mit sich selber auszumachen, wie das auch Andere mit sich
260 2648 340 2709 die
352 2640 1429 2709 selbst ausgemacht haben. So fehlte das Interesse für Diese
353 2677 1423 2758 und Jenen, und ihre Stimmungen wurden nicht die
352 2730 1426 2784 des Publicums. — Der Stoff war ein verfehlter, ein
347 2781 1419 2852 undramatischer. All das anerkennenswerthe Talent Schnitzler's,
355 2834 1413 2898 glaubhafte Charaktere zu zeichnen, sie eine plausible und
346 2871 1409 2946 feine Zwiesprach führen zu lassen, ein veristisches Milien
253 2927 1412 2986 ark zu zeichnen, litt Schiffbruch angesichts des matten Vorwurfs,
352 2969 1415 3028 der sich überdies zu keiner halbwegs anregenden Handlung
346 3020 1413 3089 aufraffen konnte. Gespielt wurden die Psycho=Dialoge mit
357 3064 1416 3141 vielem Eiser von Frl. Sandrock und Herrn Nhil. In
359 3116 1418 3170 Nebenrollen thaten sich sehr verdienstlich hervor die Damen
346 3165 1414 3224 Bock, Berg und Trenk, sowie die Herren Kutschera,
252 3161 315 3237 er¬
351 3204 1420 3295 Giampietro, Tewele, Meixner, Eppens und
250 3251 572 3336 us  Weisse.
1414 2793 1581 2875 6
1891 1171 3382 1259 Stück ab. Heri Abler hat eben keine Adlerschwingen, um sich in die hoheren
1899 1228 2660 1287 Regionen der Poesie erheben zu können.
2011 1258 3381 1349 Die deutschen Bühnenschriftsteller pfuschen neuester Zeit gar zu gerne den
1893 1283 3381 1398 Herren Franzosen ins Handwerk und wählen mit Vorliebe Stoffe, welche von
1900 1372 3377 1442 diesen schon oft und meisterlich behandelt worden sind. Auch Arthur Schnitzler,
1895 1417 3370 1492 der Verfasser des vorigen Freitag im Deutschen Volkstheater zum ersten¬
1892 1472 3369 1521 male aufgeführten Schauspieles „Das Märchen“, wählte für sein Stück ein
1896 1517 3379 1582 Problem, das schon viele Franzosen, am besten Dumas in seiner „Denise“, mit
1892 1568 3369 1638 vielem Glücke behandelt haben. Abgesehen davon, ist dieser Stoff ein so heikler,
1900 1611 3368 1681 dass er nicht delicat genug behandelt werden kann. Letzteres hat nun Herr
1898 1643 3378 1734 Arthur Schnitzler ganz und gar nicht gethan, denn in seinem Stücke kommen
1898 1698 3372 1776 Dinge vor, welche nicht einmal auf einer „Freien Bühne“ erlaubi sein sollten.
1890 1744 3380 1829 Der Held des Stückes, Fedor Demmer, will das „Märchen“ von den Ge¬
1902 1790 3370 1861 fallenen aus der Welt schaffen, er will, dass der Mann vorurtheilsfrei das
1889 1848 3366 1918 Mädchen, welches er liebt, heirate, gleichviel wie dessen Vergangenheit sei. Und
1881 1904 3364 1970 was er sich theoretisch so schön gedacht, das kann er nun an sich selbst praktisch
1889 1955 3379 2009 erproben, denn er liebt eine junge Schauspielerin, die mit Recht einen schlechten
1886 1990 3127 2039 Ruf genießt. Sie selbst erzählt ihm freimüthig alles, und er — —
1896 2038 3366 2115 heiratet sie schließlich doch nicht, denn er fürchtet, dass sie ihre Vergangenheit
1884 2094 3368 2146 auch in der Zukunft fortsetzen könnte. Und sie? Nun sie tröstet sich und unter¬
1892 2141 3367 2200 zeichnet einen neuen Vertrag mit dem Deutschen Theater in St. Petersburg.
1880 2186 3369 2248 Die gut gemachten zwei ersten Acte interessierten das Publicum, der letzte fiel
1889 2232 3368 2309 kolossal durch und mit ihm das ganze Stück, denn der Autor straft sich zum
1881 2288 3361 2347 Schlusse selbst Lügen; alles, was er in glänzenden Reden als bewiesen hinstellt,
1890 2333 3356 2404 erweist sich zum Schlusse als hinfällig, das „Märchen“ von  Gefallenen ist
1888 2376 3357 2451 nun einmal nicht aus der Welt zu schaffen. Die Darsteller# beiden Haupt¬
1879 2435 3365 2486 rollen, Fräulein Sandrock und Herr Nhil, gaben sich mit ihren undankbaren
2270 2465 2372 2502 (
1878 2467 2221 2530 Partien vergebl.
2315 2469 3391 2568 ihe. Dagegen gelang es den Herren Kutschera,
1838 2561 3328 2618 Giampietro und Tewele, in drei gut gezeichneten Wiener Typen Erfolg
1833 2609 3316 2679 und Heiterkeit zu erzielen. Letztere stellte sich übrigens auch im letzten Acte ganz
1848 2665 3317 2719 ungebeten und ganz unverhofft ein. In einer kleinen Rolle debutierte das frühere
1845 2711 3316 2766 Burgtheatermitglied Fräulein Bock; hoffentlich ist ihr erstes Mitwirken bei
1844 2767 3325 2822 einem so glänzenden Durchfalle kein böses Omen für ihre fernere Thätigkeit an
1844 2808 3326 2856 dieser Bühne. Das „Märchen“ ist schon nach der zweiten Aufführung vom
1848 2848 3325 2933 Repertoire verschwunden; besser wäre es freilich gewesen, dieses frivole Stück gar
1838 2894 2196 2961 nicht aufzuführen.
1946 2941 3320 3009 Nach Raimund kam im Raimund=Theater sofort Adolf Wil¬
1832 2998 2902 3053 hrondr„ Mauto „ id.
