3296 4352
1483 170 1938 264 box 34/7
1050 197 1124 253 à
228 188 1323 292 8. Die letzten Masken
766 561 1205 643 Telephon 12801.
389 667 1601 743 Alex. Weigl’s Unternehmen für Zeitungs-Ausschnitte
1227 715 1558 813 Sce Ausschmift
644 766 1182 862 „OBSEH VI
1391 773 1540 863 Nr.
272 857 1730 920 I. österr. behördl. conc. Bureau für Zeitungsberichte u. Personalnacbrichten
479 907 1469 997 OWien, I., Concondiaplatz 4.
280 966 1733 1040 Vertretungen in Berlin, Budapest, Chicago, Genf, London, Newyork, Paris, Rom,
641 1034 1350 1087 Stockholm, Kristiania, St. Petersburg
275 1145 809 1242 Ausschnitt aus:
2254 1161 2713 1244 Telephon 12801.
903 1202 1610 1299 Jlannierter Ael#un
1867 1247 3086 1331 Alex. Welgl’s Unternehmen für Zeitungs-Aussohnitte
267 1294 887 1431 vomt 3/477 0)
2689 1318 3046 1421 Dee Ausschnitt
2120 1370 2792 1461 „OBSEN VEN
2895 1371 3037 1471 Nr.
1757 1457 3224 1516 i. esterr. behördl. oonc. Burcau für Zeitungsberichte u. Personalnachrichten
1231 1484 1538 1555 * Der englischen
2025 1525 2956 1597 Wien, I., Concondiaplatz 4.
440 1519 1538 1594 Komodie foigten die beiden wirksamsten der vier Einakter,
441 1574 1532 1626 die Arthur Schnitzler unter dem gezwungenen Titel:
1769 1593 3215 1650 Vertretungen in Berlin, Budapest, Chicago, Genf, London, Newyork, Paris, Rom.
452 1614 1521 1658 „Lebendige Stunden“ in einen Theaterabend zusammenge¬
2130 1637 2850 1690 Stockholm, Kristiania, St. Petersburg.
454 1651 1514 1707 faßt hat: das ernste Drama „Die letzten Masken“
450 1691 1537 1736 und das ironische Lustspiel „Literatur" Leider war
444 1721 1529 1785 das Publikum bereits nervös geworden, und so empfand es
443 1763 1528 1813 unlustig die Schauerlichkeiten, die in der kleinen Kranken¬
1752 1757 2270 1843 Ausschnitt aus:
440 1808 1532 1862 haus=Tragödie neben der poetischen Handlung einhergehen.
2372 1777 3080 1895 Der Humorist, Wise
443 1846 1536 1913 Das Publikum hat nach dem Vorausgegangenen nicht Un¬
445 1894 1538 1946 recht gehabt, aber dem Dichter ist Unrecht geschehen. Man
1754 1905 1953 1971 vom:
449 1922 1524 1981 fühlt es diesem Drama an, daß Schnitzler, der aus der
438 1961 1531 2011 Medizin in die Literatur gekommen ist, mit Poetenauge in
2000 1933 2384 2041 ( 140 S
438 2000 1525 2061 das Antlitz gar manches Sterbenden geblickt und sich dabei
436 2034 1525 2095 vor der geheimnisschweren Unfaßbarkeit des Todes gebührend
434 2080 1525 2141 entsetzt hat. Der alte Shandn hat gut sagen: „Es ist ein
260 2101 371 2170 Für
436 2116 1698 2188 unvermeidliches Schicksal, primum statutum in magus inclusive
377 2154 1658 2245 10 charta, es ist eine immerwährende Parlamentsakte, mein Porto.
2210 2067 2624 2250 ode Tucht
364 2193 497 2250 20
1488 2209 1676 2274 —Zahlbar
450 2229 1699 2323 lieber Bruder, Alles muß sterben.“ — wer, der sich lebeni Vora#
352 2271 443 2331 100
463 2260 1548 2319 fühlt, sei er jung oder alt, unklug oder weise, vermöchte,
314 2284 358 2329 *
461 2309 1700 2380 ohne daß ihm der Atem stockte, seiner eigenen letzten Lei= ist di
449 2329 1701 2427 densstunde zu gedenken! Die Szenen, die sich im „Extra=cht es d.
266 2356 430 2413 Abonne
2693 2356 3157 2433 — Leider wurde das
443 2378 1602 2450 kammer!“ des Wiener Krankenhauses abspielen, — der trau=n.
274 2402 428 2461 Abonne
1773 2397 3142 2484 Püblikum durch die Novität des Engländers sol arg verstimmt, daß
444 2411 1548 2483 liche=Name bezeichnet den Raum, wo die dem Tode Ver¬
452 2454 1699 2535 fallenen ihr Ende erwarten, — sind künstlerisch beseelte Wirk=tend di
1774 2458 3147 2534 es seinem Unmute auch gegenüber der Schnitzler'schen Studie
443 2495 1701 2582 lichkeitsschilderung. Der sterbende Mann, der danach dürstehlorgen
1779 2512 3149 2560 „Masken“ Luft machte und das feinempfundene, interessante Werk
439 2532 1688 2622 seinen Todfeind mit einem einzigen Worte zu vernichten Zeiung“
271 2485 441 2625 Inhalte
1774 2562 3150 2636 ablehnte. Um so beifälliger wurde des Dichters allerliebster Schwank
446 2573 1690 2654 und der im entscheidenden Moment vorzieht, dieses Wortzehaltlich
1785 2628 3153 2680 „Literatur“ ausgenommen, dem Frl. Garda Irmen, unterstützt von
276 2618 1703 2705 wodurch mit sich in die Ewigkeit hinüberzunehmen („Was hat unser=Jjese Al
273 2648 1529 2722 Leben de einer mit den Leuten zu schaffen, die morgen noch auf der“
1781 2655 3187 2750 den Herren Bauer und Bolz, durch die entzückend=graziöse und
263 2686 863 2738 tbeilung Welt sein werden!"),
888 2706 933 2742 —
929 2697 1533 2768 dann sein armseliger Gefährte,
1781 2703 2979 2788 sein durchdachte Art ihres Spieles zu vollem Siege verhalf.
441 2727 1531 2783 der Spaßmacher von Beruf, der unaufhörlich neue Lebens¬
2938 2751 3085 2828 A. I.
436 2761 1530 2843 pläne schmiedet und keine Ahnung davon hat, daß er in acht
442 2808 1531 2860 Tagen begraben sein wrd, — das sind Gestalten von wirk¬
2979 2812 3182 2876 Zahlbar
1784 2811 1969 2889 „ 500
2813 2818 2942 2889 110.—
438 2842 1519 2914 licher Tragik. Und der Auftritt, in dem der Sterbende dem
2818 2864 3210 2940 200.—) im Voraus.
1788 2873 1965 2947 " 1000
431 2880 1516 2930 Schauspieler sein Leben beichtet und gleichsam die General¬
431 2930 1529 2970 probe des Strafgerichts abhält, das er an seinem Feinde
1886 2901 3209 2983 Im tegensatze zu anderen Bureaux für Zeitungsausschnitte ist das
433 2964 1516 3017 zu vollziehen gedenkt, diese Szene ist stark in ihrem grotesken
1767 2970 3204 3011 Abonnement durch keine bestimmte Zeitdauer begrenzt; — auch stcht es den
437 3006 1505 3067 Humor. Der den Schluß bildende Scherz „Literatur“
1765 3006 3089 3045 Abonnenten frei die aufgegebenen Themen zu ergänzen oder zu ündern.
444 3037 1520 3115 spielt in der frivolen Welt der Anatols. Er verspottet jene
430 3083 1521 3140 gewisse Sorte von Schriftstellern, die Erlebnisse suchen, blos
1880 3078 3206 3149 Der „OBSERVER“ veranstaltet täglich einen Auszug enthaltend die
435 3117 1529 3171 um literarische Stoffe zu finden (als wäre die Kunst se¬
1767 3137 3196 3180 Inhaltsangabe aller wichtigen Mittheilungen der Wiener Morgen¬
442 3166 1535 3226 eine Art Selbstbiographie, wie Oscar Wilde einmal bei
1759 3169 3196 3223 blätter (Tagesjournale ausser „Neue Freie Presse“ und „Wiener Zeitung“)
435 3186 1523 3273 einem ähnlichen Anlaß rügte). Die Komik der Situation,
1767 3211 3200 3251 wodurch eine Uebersicht über das gesammte politische und wirthschaftliche
445 3236 1523 3300 witzige und geistreiche Worte erheiterten das Publikum und
1761 3244 3204 3294 Leben des In- und Auslandes in drastischer Kürze geboten wird. Diese Mit¬
437 3269 1526 3345 sicherten dem Abend, der vorher reich an Verstimmung und
1755 3294 2795 3354 theilungen werden in Wien um 9 Uhr Früh verschickt.
434 3313 1521 3385 auch an hörbaren Aeußerungen des Mißfallens war,
436 3354 1521 3423 wenigstens einen angenehmen Ausklang. Gute schauspie¬
2093 3381 2858 3452 Pnospecte gnatis und fnanco.
438 3385 1525 3458 lerische Leistungen kamen dem Dichter zu Hilfe. In den
446 3438 1518 3487 „Letzten Masken“ gab Herr Diegelmann den resignie¬
439 3469 1521 3512 renden Helden, Herr Bayrhammer den schwindsüch¬
434 3505 1516 3573 tigen Cabotin (allerdings mit etwas sehr viel Gehuste) und
433 3540 1516 3602 jeder wußte den eigenen Ton, auf den seine Aufgabe gestimmi
438 3585 1528 3629 ist, wirksam anzuschlagen. Die Herren Pfeil, A. Meyer
429 3626 1525 3682 und Frl. Klinkhammer gal in ihren Nebenrollen
429 3655 1523 3728 den Hauptpartien die nötige Reson Z. In der „Literatur“
427 3694 1515 3758 plauderten Frl. Irmen, anmutig und graziös, sowie die
442 3741 1526 3798 Herren Bauer und Bolz ihre koketten, blasierten und
440 3775 1511 3836 zhnischen Sprüche flink und mit Laune durcheinander. Die
436 3815 1517 3857 Vorstellung (Regie Herr Qnincke) konnte sich, was alles
443 3847 1520 3929 Aeußere, Dekoration und Zusammenspiel, anbelangt,
421 3879 1005 3946 sehen und hören lassen. — m.
