<?xml version="1.0" encoding="UTF-8" standalone="yes"?>
<PcGts xmlns="http://schema.primaresearch.org/PAGE/gts/pagecontent/2013-07-15" xmlns:xsi="http://www.w3.org/2001/XMLSchema-instance" xsi:schemaLocation="http://schema.primaresearch.org/PAGE/gts/pagecontent/2013-07-15 http://schema.primaresearch.org/PAGE/gts/pagecontent/2013-07-15/pagecontent.xsd">
    <Metadata>
        <Creator>prov=University of Rostock/Institute of Mathematics/CITlab/Gundram Leifert/gundram.leifert@uni-rostock.de:name=ONB_Newseye_GT_M1+(htr_id=10810)::::v=2.4.2
prov=University of Rostock/Institute of Mathematics/CITlab/Tobias Gruening/tobias.gruening@uni-rostock.de:name=de.uros.citlab.module.baseline2polygon.B2PSeamMultiOriented:v=2.4.2
prov=University of Rostock/Institute of Mathematics/CITlab/Tobias Gruening/tobias.gruening@uni-rostock.de:name=/mnt/transkribus/LA/DEA/URO/LA_news_onb_att.pb:de.uros.citlab.segmentation.CITlab_LA_ML:v=2.4.2
Transkribus</Creator>
        <Created>2019-10-07T12:13:51.687+02:00</Created>
        <LastChange>2019-10-08T14:44:56.210+02:00</LastChange>
        <TranskribusMetadata docId="224046" pageId="9507513" pageNr="77" tsid="16593475" status="IN_PROGRESS" userId="40391" imgUrl="https://files.transkribus.eu/Get?id=QZDEEYCJNFGSNZWPLNDJXEXC&amp;fileType=view" xmlUrl="https://files.transkribus.eu/Get?id=LFQMHHVKLHFZJXIYKLBMMZEI" imageId="6197212"/>
    </Metadata>
    <Page imageFilename="224046_0077.jpeg" imageWidth="3344" imageHeight="4352">
        <ReadingOrder>
            <OrderedGroup id="ro_1711444386744" caption="Regions reading order">
                <RegionRefIndexed index="0" regionRef="r1"/>
                <RegionRefIndexed index="1" regionRef="r2"/>
            </OrderedGroup>
        </ReadingOrder>
        <TextRegion orientation="0.0" id="r1" custom="readingOrder {index:0;}">
            <Coords points="311,188 311,3463 2003,3463 2003,188"/>
            <TextLine id="r1l1" custom="readingOrder {index:0;}">
                <Coords points="1077,216 1085,216 1092,223 1106,219 1129,223 1143,218 1153,224 1167,224 1169,162 1160,162 1153,169 1135,158 1126,165 1112,168 1101,159 1078,165"/>
                <Baseline points="1086,209 1122,209 1158,211"/>
                <TextEquiv>
                    <Unicode>Ma</Unicode>
                </TextEquiv>
            </TextLine>
            <TextLine id="r1l2" custom="readingOrder {index:1;}">
                <Coords points="1576,227 1643,245 1681,228 1730,242 1763,217 1816,236 1855,220 1887,239 1944,215 2012,235 2013,165 1994,156 1970,169 1946,155 1821,161 1768,185 1613,152 1577,166"/>
                <Baseline points="1584,220 1610,218 1636,218 1662,218 1688,218 1714,219 1741,219 1767,220 1793,221 1819,222 1845,223 1872,223 1898,223 1924,223 1950,221 1976,220 2003,217"/>
                <TextEquiv>
                    <Unicode>box 34//7</Unicode>
                </TextEquiv>
            </TextLine>
            <TextLine id="r1l3" custom="readingOrder {index:2;}">
                <Coords points="303,210 512,256 941,267 1369,257 1412,244 1413,191 1232,159 1089,220 1006,165 697,152 635,190 497,154 426,205 360,156 303,179"/>
                <Baseline points="311,208 365,213 420,218 474,223 529,226 584,229 638,230 693,232 747,233 802,234 857,234 911,234 966,234 1020,234 1075,233 1130,233 1184,233 1239,233 1293,234 1348,234 1403,236"/>
                <TextEquiv>
                    <Unicode>8. Die letztenieken</Unicode>
                </TextEquiv>
            </TextLine>
            <TextLine id="r1l4" custom="readingOrder {index:3;}">
                <Coords points="970,1270 1032,1293 1107,1267 1820,1285 1804,1192 970,1210"/>
                <Baseline points="979,1260 1020,1262 1062,1263 1103,1264 1145,1265 1187,1265 1228,1265 1270,1265 1311,1265 1353,1265 1395,1265 1436,1264 1478,1264 1519,1263 1561,1263 1603,1262 1644,1261 1686,1261 1727,1260 1769,1260 1811,1259"/>
                <TextEquiv>
                    <Unicode>Greslauer Morgen Zeitung</Unicode>
                </TextEquiv>
            </TextLine>
            <TextLine id="r1l5" custom="readingOrder {index:4;}">
                <Coords points="649,1338 1111,1354 1191,1334 1194,1271 1107,1268 1045,1305 962,1251 898,1270 846,1242 788,1283 653,1266"/>
                <Baseline points="659,1312 685,1310 711,1308 737,1308 763,1307 790,1307 816,1307 842,1308 868,1309 894,1311 921,1312 947,1314 973,1316 999,1318 1025,1321 1052,1322 1078,1325 1104,1327 1130,1330 1156,1331 1183,1333"/>
                <TextEquiv>
                    <Unicode>vem: 1NED</Unicode>
                </TextEquiv>
            </TextLine>
            <TextLine id="r1l6" custom="readingOrder {index:5;}">
                <Coords points="1453,1373 1508,1380 1552,1369 1566,1380 1636,1368 1686,1381 1747,1363 1746,1329 1678,1345 1637,1329 1623,1339 1598,1333 1547,1347 1491,1307 1452,1308"/>
                <Baseline points="1462,1370 1487,1368 1512,1367 1537,1366 1562,1365 1587,1365 1613,1364 1638,1364 1663,1364 1688,1364 1713,1365 1739,1365"/>
                <TextEquiv>
                    <Unicode>. —</Unicode>
                </TextEquiv>
            </TextLine>
            <TextLine id="r1l7" custom="readingOrder {index:6;}">
                <Coords points="945,1474 1029,1505 1121,1485 1186,1494 1212,1482 1265,1506 1289,1500 1290,1435 1266,1427 1205,1419 1186,1429 1164,1415 1140,1431 1109,1413 1080,1428 1046,1410 1019,1418 993,1407 946,1433"/>
                <Baseline points="954,1471 979,1473 1004,1473 1029,1475 1054,1475 1079,1476 1104,1476 1130,1477 1155,1477 1180,1478 1205,1478 1230,1479 1255,1479 1281,1480"/>
                <TextEquiv>
                    <Unicode>Theater.</Unicode>
                </TextEquiv>
            </TextLine>
            <TextLine id="r1l8" custom="readingOrder {index:7;}">
                <Coords points="524,1567 1791,1550 1791,1502 1752,1499 808,1516 524,1478"/>
                <Baseline points="533,1543 595,1544 657,1544 720,1545 782,1545 845,1546 907,1546 970,1547 1032,1548 1095,1548 1157,1549 1219,1549 1282,1550 1344,1550 1407,1551 1469,1551 1532,1551 1594,1551 1657,1552 1719,1551 1782,1551"/>
                <TextEquiv>
                    <Unicode>Lobethéater. Mittwoch, 15. Mai. „Die letzten Masken“</Unicode>
                </TextEquiv>
            </TextLine>
            <TextLine id="r1l9" custom="readingOrder {index:8;}">
                <Coords points="548,1583 1583,1615 1754,1595 1770,1559 549,1542"/>
                <Baseline points="557,1582 617,1582 677,1583 737,1583 797,1584 858,1585 918,1586 978,1587 1038,1587 1098,1588 1159,1590 1219,1591 1279,1592 1339,1592 1399,1593 1460,1594 1520,1594 1580,1594 1640,1594 1700,1594 1761,1594"/>
                <TextEquiv>
                    <Unicode>Mokatur“. „Abschiedssouper“ von Aatur=Schpinler.</Unicode>
                </TextEquiv>
            </TextLine>
            <TextLine id="r1l10" custom="readingOrder {index:9;}">
                <Coords points="545,1629 1474,1652 1749,1643 1760,1595 546,1586"/>
                <Baseline points="554,1617 613,1619 673,1620 733,1622 793,1624 853,1625 913,1627 972,1628 1032,1630 1092,1631 1152,1632 1212,1633 1272,1633 1332,1634 1391,1634 1451,1633 1511,1633 1571,1632 1631,1630 1691,1628 1751,1626"/>
                <TextEquiv>
                    <Unicode>Wiener Dichter, dessen fünfzigsten Geburtstag es A</Unicode>
                </TextEquiv>
            </TextLine>
            <TextLine id="r1l11" custom="readingOrder {index:10;}">
                <Coords points="519,1664 1766,1674 1703,1629 520,1620"/>
                <Baseline points="528,1654 589,1657 650,1659 712,1661 773,1663 835,1665 896,1666 958,1668 1019,1669 1081,1670 1142,1670 1203,1671 1265,1672 1326,1672 1388,1672 1449,1672 1511,1671 1572,1671 1634,1669 1695,1668 1757,1667"/>
                <TextEquiv>
                    <Unicode>Krigen Einakterabend zu feiern galt, ist längst ein deutscher</Unicode>
                </TextEquiv>
            </TextLine>
            <TextLine id="r1l12" custom="readingOrder {index:11;}">
                <Coords points="531,1709 1769,1712 1764,1670 531,1663"/>
                <Baseline points="540,1694 601,1696 662,1699 723,1700 784,1702 845,1703 906,1705 967,1706 1028,1707 1089,1708 1150,1708 1211,1709 1272,1709 1333,1710 1394,1710 1455,1710 1516,1709 1577,1709 1638,1709 1699,1708 1761,1707"/>
                <TextEquiv>
                    <Unicode>cier geworden. Sein „Liebelei“ und sein „Anatol“ wirken heute</Unicode>
                </TextEquiv>
            </TextLine>
            <TextLine id="r1l13" custom="readingOrder {index:12;}">
                <Coords points="587,1745 1728,1757 1768,1704 1393,1732 588,1708"/>
                <Baseline points="596,1737 654,1739 712,1740 770,1742 828,1743 886,1744 944,1745 1003,1746 1061,1747 1119,1748 1177,1748 1235,1749 1293,1749 1351,1749 1410,1749 1468,1749 1526,1748 1584,1748 1642,1747 1700,1746 1759,1745"/>
                <TextEquiv>
                    <Unicode>und lebendig wie am ersten Tag, und selbst in seinem</Unicode>
                </TextEquiv>
            </TextLine>
            <TextLine id="r1l14" custom="readingOrder {index:13;}">
                <Coords points="460,1792 477,1797 490,1782 497,1784 507,1773 516,1779 538,1777 549,1786 560,1774 569,1774 567,1741 555,1742 541,1732 529,1743 517,1733 495,1746 467,1722 457,1722"/>
                <Baseline points="468,1774 498,1772 529,1770 560,1770"/>
                <TextEquiv>
                    <Unicode>u#</Unicode>
                </TextEquiv>
            </TextLine>
            <TextLine id="r1l15" custom="readingOrder {index:14;}">
                <Coords points="613,1777 705,1806 1152,1771 1562,1807 1748,1791 1768,1748 613,1744"/>
                <Baseline points="621,1777 677,1778 734,1779 791,1779 848,1780 905,1781 962,1782 1019,1783 1076,1784 1133,1785 1190,1785 1246,1786 1303,1786 1360,1787 1417,1787 1474,1787 1531,1787 1588,1786 1645,1786 1702,1785 1759,1784"/>
                <TextEquiv>
                    <Unicode>n. schwächeren Werke, dem morschen Dekadentenstück „Das</Unicode>
                </TextEquiv>
            </TextLine>
            <TextLine id="r1l16" custom="readingOrder {index:15;}">
                <Coords points="459,1810 1775,1849 1776,1779 459,1791"/>
                <Baseline points="468,1808 536,1810 604,1812 673,1814 741,1816 809,1817 878,1819 946,1821 1014,1822 1083,1823 1151,1825 1220,1825 1288,1826 1356,1827 1425,1827 1493,1826 1561,1826 1630,1825 1698,1824 1767,1822"/>
                <TextEquiv>
                    <Unicode># Land, steckt immer noch mehr lebenskluger Witz als in zehn</Unicode>
                </TextEquiv>
            </TextLine>
            <TextLine id="r1l17" custom="readingOrder {index:16;}">
                <Coords points="455,1880 1772,1878 1773,1819 1299,1847 456,1809"/>
                <Baseline points="465,1851 533,1851 601,1852 670,1852 738,1853 806,1855 875,1856 943,1857 1011,1859 1080,1861 1148,1862 1217,1863 1285,1864 1353,1865 1422,1866 1490,1866 1558,1866 1627,1865 1695,1864 1764,1862"/>
                <TextEquiv>
                    <Unicode>anoe Schauspielen von heute zusammen. Zwar hat auch er der</Unicode>
                </TextEquiv>
            </TextLine>
            <TextLine id="r1l18" custom="readingOrder {index:17;}">
                <Coords points="474,1890 1659,1914 1776,1866 474,1854"/>
                <Baseline points="482,1888 546,1888 610,1889 674,1890 738,1891 803,1893 867,1894 931,1896 995,1897 1059,1899 1124,1900 1188,1901 1252,1903 1316,1903 1380,1904 1445,1904 1509,1903 1573,1902 1637,1900 1701,1898 1766,1895"/>
                <TextEquiv>
                    <Unicode>Zeit kseinen Tribut zahlen müssen, und der einst einer Einakter¬</Unicode>
                </TextEquiv>
            </TextLine>
            <TextLine id="r1l19" custom="readingOrder {index:18;}">
                <Coords points="457,1926 1777,1946 1777,1893 457,1888"/>
                <Baseline points="466,1927 531,1928 596,1929 661,1931 726,1932 791,1933 856,1934 921,1936 986,1937 1051,1938 1117,1939 1182,1940 1247,1940 1312,1941 1377,1942 1442,1942 1507,1942 1572,1942 1637,1942 1702,1942 1768,1941"/>
                <TextEquiv>
                    <Unicode>sammlung den tiefen Merkspruch „Wir spielen alle; wer es weiß,</Unicode>
                </TextEquiv>
            </TextLine>
            <TextLine id="r1l20" custom="readingOrder {index:19;}">
                <Coords points="475,1968 489,1970 504,1978 511,1971 518,1973 523,1970 525,1972 540,1970 541,1936 524,1937 517,1930 507,1932 495,1928 487,1934 476,1934"/>
                <Baseline points="484,1965 532,1966"/>
                <TextEquiv>
                    <Unicode>ist</Unicode>
                </TextEquiv>
            </TextLine>
            <TextLine id="r1l21" custom="readingOrder {index:20;}">
                <Coords points="586,1981 1437,2002 1760,1986 1761,1948 586,1940"/>
                <Baseline points="594,1971 651,1971 709,1972 767,1972 825,1973 883,1974 941,1975 999,1976 1057,1976 1115,1977 1173,1978 1230,1979 1288,1980 1346,1981 1404,1981 1462,1981 1520,1981 1578,1981 1636,1981 1694,1980 1752,1979"/>
                <TextEquiv>
                    <Unicode>g“, mit auf den Weg gab, hat heute als höchsten Treffer nur</Unicode>
                </TextEquiv>
            </TextLine>
            <TextLine id="r1l22" custom="readingOrder {index:21;}">
                <Coords points="468,2003 560,2041 614,2010 1770,2030 1770,1976 469,1981"/>
                <Baseline points="477,2005 541,2005 605,2006 669,2008 734,2009 798,2010 862,2012 926,2013 991,2015 1055,2016 1119,2017 1183,2018 1248,2019 1312,2020 1376,2021 1440,2021 1505,2021 1569,2020 1633,2019 1697,2018 1762,2016"/>
                <TextEquiv>
                    <Unicode>Inoch die Talmiweisheit zu versenden, daß die Seele ein weites Land</Unicode>
                </TextEquiv>
            </TextLine>
            <TextLine id="r1l23" custom="readingOrder {index:22;}">
                <Coords points="556,2046 1777,2056 1509,2017 556,2029"/>
                <Baseline points="565,2047 625,2048 685,2048 745,2049 805,2050 865,2051 925,2052 986,2053 1046,2054 1106,2055 1166,2056 1226,2057 1286,2058 1346,2058 1407,2059 1467,2059 1527,2059 1587,2059 1647,2058 1707,2058 1768,2057"/>
                <TextEquiv>
                    <Unicode>Aber trotzdem ist das eine sicher: von den fünfundzwanzig</Unicode>
                </TextEquiv>
            </TextLine>
            <TextLine id="r1l24" custom="readingOrder {index:23;}">
                <Coords points="450,2097 1775,2117 1776,2068 450,2063"/>
                <Baseline points="459,2078 524,2079 589,2081 655,2083 720,2084 785,2086 851,2088 916,2090 981,2091 1047,2093 1112,2094 1177,2096 1243,2097 1308,2098 1373,2098 1439,2099 1504,2099 1569,2098 1635,2098 1700,2096 1766,2095"/>
                <TextEquiv>
                    <Unicode>Bänden, die bis jetzt Schnitzlers stattliches Lebenswerk darstellen,</Unicode>
                </TextEquiv>
            </TextLine>
            <TextLine id="r1l25" custom="readingOrder {index:24;}">
                <Coords points="469,2119 1772,2140 1762,2090 469,2094"/>
                <Baseline points="477,2123 541,2124 605,2124 669,2125 734,2126 798,2127 862,2129 927,2130 991,2131 1055,2133 1120,2134 1184,2135 1248,2136 1312,2137 1377,2137 1441,2138 1505,2137 1570,2137 1634,2136 1698,2135 1763,2133"/>
                <TextEquiv>
                    <Unicode>wird mehr als einer unsere Zeit überdauern, und nach uns ebenso</Unicode>
                </TextEquiv>
            </TextLine>
            <TextLine id="r1l26" custom="readingOrder {index:25;}">
                <Coords points="439,2180 476,2192 562,2162 1000,2178 1000,2150 965,2130 688,2124 646,2140 507,2122 439,2139"/>
                <Baseline points="447,2168 474,2167 501,2166 528,2165 555,2164 583,2164 610,2164 637,2164 664,2164 691,2164 719,2164 746,2164 773,2165 800,2165 827,2165 855,2165 882,2164 909,2164 936,2164 963,2163 991,2161"/>
                <TextEquiv>
                    <Unicode>[lebendig wirken wie heute.</Unicode>
                </TextEquiv>
            </TextLine>
            <TextLine id="r1l27" custom="readingOrder {index:26;}">
                <Coords points="524,2199 1681,2223 1768,2206 1769,2147 1617,2185 1131,2145 1063,2178 524,2171"/>
                <Baseline points="532,2199 593,2199 654,2200 716,2201 777,2202 839,2204 900,2205 961,2207 1023,2208 1084,2209 1146,2211 1207,2211 1268,2213 1330,2213 1391,2214 1453,2214 1514,2213 1575,2213 1637,2212 1698,2210 1760,2208"/>
                <TextEquiv>
                    <Unicode>Den ersten Satz der dramatischen Symphonie bildete die wirk¬</Unicode>
                </TextEquiv>
            </TextLine>
            <TextLine id="r1l28" custom="readingOrder {index:27;}">
                <Coords points="464,2244 1738,2261 1773,2205 465,2201"/>
                <Baseline points="473,2236 537,2237 602,2238 666,2240 731,2241 795,2242 860,2244 924,2246 989,2247 1053,2249 1118,2250 1183,2251 1247,2252 1312,2253 1376,2254 1441,2254 1505,2254 1570,2254 1634,2253 1699,2253 1764,2251"/>
                <TextEquiv>
                    <Unicode>same, aber ein wenig konstruierte Tragik der „letzten Masken“.]</Unicode>
                </TextEquiv>
            </TextLine>
            <TextLine id="r1l29" custom="readingOrder {index:28;}">
                <Coords points="463,2274 1748,2306 1770,2255 463,2243"/>
                <Baseline points="472,2277 536,2277 600,2278 665,2279 729,2280 794,2282 858,2283 923,2285 987,2287 1052,2288 1116,2290 1180,2292 1245,2293 1309,2294 1374,2294 1438,2295 1503,2294 1567,2293 1632,2292 1696,2289 1761,2286"/>
                <TextEquiv>
                    <Unicode>In dem gut abgestimmten Ensemble vereinigten sich der eindrucks¬</Unicode>
                </TextEquiv>
            </TextLine>
            <TextLine id="r1l30" custom="readingOrder {index:29;}">
                <Coords points="470,2314 1773,2337 1756,2290 471,2280"/>
                <Baseline points="478,2315 542,2315 606,2316 670,2317 735,2318 799,2320 863,2321 928,2323 992,2325 1056,2326 1121,2328 1185,2329 1249,2330 1313,2331 1378,2332 1442,2332 1506,2332 1571,2332 1635,2331 1699,2329 1764,2328"/>
                <TextEquiv>
                    <Unicode>volle Nademacher des Herrn Schmidt, der diskrete Arzt des Herrn</Unicode>
                </TextEquiv>
            </TextLine>
            <TextLine id="r1l31" custom="readingOrder {index:30;}">
                <Coords points="469,2357 1621,2388 1765,2374 1766,2335 470,2315"/>
                <Baseline points="478,2355 541,2355 605,2355 669,2356 733,2357 797,2359 861,2360 925,2361 989,2363 1053,2364 1117,2366 1180,2367 1244,2368 1308,2369 1372,2370 1436,2370 1500,2370 1564,2369 1628,2368 1692,2366 1756,2364"/>
                <TextEquiv>
                    <Unicode>Jltz und der hohle, litterarische Schaumschläger des Herrn Marx</Unicode>
                </TextEquiv>
            </TextLine>
            <TextLine id="r1l32" custom="readingOrder {index:31;}">
                <Coords points="455,2401 1768,2411 1768,2372 1710,2369 455,2363"/>
                <Baseline points="464,2392 528,2392 593,2393 658,2394 723,2396 787,2397 852,2398 917,2399 982,2401 1046,2402 1111,2403 1176,2405 1241,2406 1305,2407 1370,2407 1435,2408 1500,2408 1564,2408 1629,2408 1694,2407 1759,2406"/>
                <TextEquiv>
                    <Unicode>zu einem untadeligen Terzett. Wie ein geniales Scherzo wirkte</Unicode>
                </TextEquiv>
            </TextLine>
            <TextLine id="r1l33" custom="readingOrder {index:32;}">
                <Coords points="463,2430 1068,2451 1221,2424 1184,2400 901,2396 869,2423 739,2395 703,2415 666,2385 464,2396"/>
                <Baseline points="472,2428 509,2429 546,2429 583,2430 620,2431 657,2431 694,2432 731,2433 768,2434 805,2435 842,2436 879,2437 916,2437 953,2438 990,2438 1027,2438 1064,2438 1101,2438 1138,2438 1175,2437 1212,2437"/>
                <TextEquiv>
                    <Unicode>die köstliche Satire „Litteratur“</Unicode>
                </TextEquiv>
            </TextLine>
            <TextLine id="r1l34" custom="readingOrder {index:33;}">
                <Coords points="1228,2443 1714,2459 1767,2432 1746,2413 1622,2405 1579,2422 1449,2403 1228,2413"/>
                <Baseline points="1237,2440 1263,2441 1289,2442 1315,2443 1341,2443 1367,2444 1393,2444 1419,2444 1445,2444 1471,2444 1498,2444 1524,2444 1550,2444 1576,2444 1602,2444 1628,2443 1654,2443 1680,2443 1706,2443 1732,2442 1759,2442"/>
                <TextEquiv>
                    <Unicode>Mit kaltblütiger Routine</Unicode>
                </TextEquiv>
            </TextLine>
            <TextLine id="r1l35" custom="readingOrder {index:34;}">
                <Coords points="455,2494 1749,2496 1778,2432 456,2434"/>
                <Baseline points="464,2465 529,2467 594,2469 659,2470 725,2472 790,2474 855,2475 920,2476 986,2478 1051,2479 1116,2480 1181,2481 1247,2482 1312,2482 1377,2483 1442,2483 1508,2484 1573,2484 1638,2485 1703,2485 1769,2485"/>
                <TextEquiv>
                    <Unicode>meisterte Herr Strobl seine anfängliche Textunsicherheit, dann</Unicode>
                </TextEquiv>
            </TextLine>
            <TextLine id="r1l36" custom="readingOrder {index:35;}">
                <Coords points="465,2505 1730,2537 1777,2481 465,2476"/>
                <Baseline points="473,2504 537,2505 602,2507 667,2508 731,2510 796,2511 861,2513 925,2514 990,2516 1055,2517 1120,2518 1184,2519 1249,2520 1314,2521 1378,2521 1443,2521 1508,2521 1572,2521 1637,2520 1702,2519 1767,2518"/>
                <TextEquiv>
                    <Unicode>aber besann er sich mehr und mehr auf seine Nolle und entwickelte!</Unicode>
                </TextEquiv>
            </TextLine>
            <TextLine id="r1l37" custom="readingOrder {index:36;}">
                <Coords points="460,2544 1751,2575 1783,2515 461,2508"/>
                <Baseline points="468,2544 533,2544 598,2545 663,2546 729,2547 794,2548 859,2550 924,2552 990,2553 1055,2555 1120,2557 1185,2558 1251,2560 1316,2561 1381,2562 1446,2562 1512,2562 1577,2562 1642,2561 1707,2560 1773,2557"/>
                <TextEquiv>
                    <Unicode>eine Natürlichkeit, die uns das Scheiden dieses begabten Schau¬</Unicode>
                </TextEquiv>
            </TextLine>
            <TextLine id="r1l38" custom="readingOrder {index:37;}">
                <Coords points="466,2597 1592,2618 1800,2583 466,2544"/>
                <Baseline points="474,2582 539,2582 605,2583 671,2584 737,2585 803,2587 869,2588 934,2590 1000,2591 1066,2593 1132,2594 1198,2595 1264,2596 1330,2597 1395,2598 1461,2598 1527,2598 1593,2598 1659,2597 1725,2596 1791,2594"/>
                <TextEquiv>
                    <Unicode>spielers aufrichtig bedauern läßt. Herr Iltz spielte den Litteratur=</Unicode>
                </TextEquiv>
            </TextLine>
            <TextLine id="r1l39" custom="readingOrder {index:38;}">
                <Coords points="473,2632 1745,2653 1789,2597 474,2589"/>
                <Baseline points="482,2622 546,2622 611,2623 676,2624 741,2625 806,2626 871,2627 936,2628 1001,2630 1066,2631 1131,2633 1195,2634 1260,2635 1325,2636 1390,2637 1455,2637 1520,2637 1585,2637 1650,2637 1715,2636 1780,2635"/>
                <TextEquiv>
                    <Unicode>Zigeuner Gilbert, der fortwährend mit seinem neuesten Romansi</Unicode>
                </TextEquiv>
            </TextLine>
            <TextLine id="r1l40" custom="readingOrder {index:39;}">
                <Coords points="468,2661 1759,2692 1679,2643 469,2608"/>
                <Baseline points="477,2656 540,2658 604,2660 667,2662 731,2663 795,2665 858,2666 922,2668 986,2669 1049,2670 1113,2671 1177,2672 1240,2672 1304,2673 1368,2673 1431,2674 1495,2674 1559,2675 1622,2675 1686,2676 1750,2676"/>
                <TextEquiv>
                    <Unicode>kokettiert. Herr Iltz hatte sich zu diesem Zweck „Alraune", das</Unicode>
                </TextEquiv>
            </TextLine>
            <TextLine id="r1l41" custom="readingOrder {index:40;}">
                <Coords points="461,2698 1750,2724 1751,2684 1693,2678 462,2659"/>
                <Baseline points="470,2696 533,2698 597,2699 660,2700 724,2701 788,2702 851,2704 915,2705 978,2706 1042,2707 1106,2708 1169,2709 1233,2710 1296,2711 1360,2712 1424,2712 1487,2713 1551,2713 1614,2713 1678,2713 1742,2713"/>
                <TextEquiv>
                    <Unicode>neueste Buch von Hanns Heinz Evers, mitgebracht, und hätte konse¬</Unicode>
                </TextEquiv>
            </TextLine>
            <TextLine id="r1l42" custom="readingOrder {index:41;}">
                <Coords points="468,2736 1714,2766 1776,2755 1777,2717 469,2702"/>
                <Baseline points="476,2735 540,2736 605,2736 669,2738 734,2739 798,2740 863,2741 927,2743 992,2744 1056,2746 1121,2747 1186,2749 1250,2750 1315,2751 1379,2752 1444,2753 1508,2753 1573,2754 1637,2754 1702,2754 1767,2753"/>
                <TextEquiv>
                    <Unicode>quenterweise dann mindestens diesen Autor kopieren müssen. Das'!</Unicode>
                </TextEquiv>
            </TextLine>
            <TextLine id="r1l43" custom="readingOrder {index:42;}">
                <Coords points="414,2769 1770,2799 1744,2747 415,2745"/>
                <Baseline points="422,2773 489,2774 556,2774 623,2775 690,2776 757,2778 824,2779 891,2780 958,2781 1025,2783 1092,2785 1159,2786 1226,2788 1293,2789 1360,2790 1427,2791 1494,2792 1561,2792 1628,2792 1695,2792 1762,2792"/>
                <TextEquiv>
                    <Unicode>rstat er aber nicht und hat es vermutlich auch gar nicht tun wollen.</Unicode>
                </TextEquiv>
            </TextLine>
            <TextLine id="r1l44" custom="readingOrder {index:43;}">
                <Coords points="438,2809 1794,2826 1782,2794 438,2763"/>
                <Baseline points="446,2813 516,2813 586,2813 657,2813 727,2814 798,2815 868,2817 939,2818 1009,2820 1080,2822 1150,2824 1221,2826 1291,2827 1362,2829 1432,2830 1503,2831 1573,2831 1644,2831 1714,2831 1785,2829"/>
                <TextEquiv>
                    <Unicode>[Auf jeden Fall beging er eine Unvorsichtigkeit, deren Schuld erse</Unicode>
                </TextEquiv>
            </TextLine>
            <TextLine id="r1l45" custom="readingOrder {index:44;}">
                <Coords points="438,2858 1739,2887 1714,2835 438,2810"/>
                <Baseline points="446,2848 510,2849 574,2850 638,2851 703,2852 767,2854 831,2855 895,2856 960,2858 1024,2859 1088,2860 1152,2862 1217,2863 1281,2864 1345,2865 1409,2867 1474,2867 1538,2868 1602,2869 1666,2870 1731,2870"/>
                <TextEquiv>
                    <Unicode>und der Regisseur zu gleichen Teilen zu tragen haben. Davon ab¬</Unicode>
                </TextEquiv>
            </TextLine>
            <TextLine id="r1l46" custom="readingOrder {index:45;}">
                <Coords points="457,2892 1738,2919 1668,2868 458,2856"/>
                <Baseline points="466,2888 529,2888 592,2889 655,2890 718,2891 782,2892 845,2893 908,2894 971,2895 1034,2896 1098,2897 1161,2899 1224,2900 1287,2901 1350,2902 1414,2903 1477,2904 1540,2906 1603,2907 1666,2908 1730,2909"/>
                <TextEquiv>
                    <Unicode>gesehen aber gab er wieder eine Probe seines achtbaren Könnens,</Unicode>
                </TextEquiv>
            </TextLine>
            <TextLine id="r1l47" custom="readingOrder {index:46;}">
                <Coords points="1745,2912 1754,2908 1760,2910 1777,2907 1747,2791 1737,2792 1729,2801 1725,2799 1716,2801"/>
                <Baseline points="1752,2908 1768,2904"/>
                <TextEquiv>
                    <Unicode></Unicode>
                </TextEquiv>
            </TextLine>
            <TextLine id="r1l48" custom="readingOrder {index:47;}">
                <Coords points="412,2938 1772,2934 413,2863"/>
                <Baseline points="421,2924 488,2925 555,2925 622,2926 689,2927 756,2929 823,2930 890,2931 957,2932 1024,2934 1092,2935 1159,2937 1226,2938 1293,2940 1360,2941 1427,2943 1494,2944 1561,2946 1628,2947 1695,2949 1763,2950"/>
                <TextEquiv>
                    <Unicode>wenn er hier auch mit erheblich stärkeren Mitteln arbeitete, als im.</Unicode>
                </TextEquiv>
            </TextLine>
            <TextLine id="r1l49" custom="readingOrder {index:48;}">
                <Coords points="453,2964 1755,2970 454,2937"/>
                <Baseline points="462,2963 526,2963 590,2964 654,2965 718,2966 783,2968 847,2969 911,2971 975,2972 1039,2974 1104,2975 1168,2977 1232,2978 1296,2980 1360,2981 1425,2982 1489,2983 1553,2983 1617,2983 1681,2983 1746,2982"/>
                <TextEquiv>
                    <Unicode>ersten Akt. Der Margarete lieh Fräulein Kernic ihre blonde</Unicode>
                </TextEquiv>
            </TextLine>
            <TextLine id="r1l50" custom="readingOrder {index:49;}">
                <Coords points="449,2988 930,3037 1676,3036 1749,2974 449,2973"/>
                <Baseline points="458,3002 522,3002 586,3003 650,3004 714,3005 778,3006 842,3008 906,3009 970,3011 1034,3012 1099,3013 1163,3015 1227,3017 1291,3018 1355,3019 1419,3020 1483,3021 1547,3022 1611,3022 1675,3023 1740,3023"/>
                <TextEquiv>
                    <Unicode>(Schönheit. Dem Scherzo folgte ein schwungvolles Finale in dem</Unicode>
                </TextEquiv>
            </TextLine>
            <TextLine id="r1l51" custom="readingOrder {index:50;}">
                <Coords points="466,3040 1597,3079 1803,3061 1804,3013 1600,3045 467,3011"/>
                <Baseline points="475,3039 541,3040 607,3041 673,3042 739,3043 805,3044 871,3046 937,3048 1003,3049 1069,3051 1135,3053 1201,3054 1267,3056 1333,3058 1399,3059 1465,3060 1531,3061 1597,3062 1663,3062 1729,3062 1795,3062"/>
                <TextEquiv>
                    <Unicode>„Abschiedssouper“, das Fräulein Jaucks offizielle, künst###</Unicode>
                </TextEquiv>
            </TextLine>
            <TextLine id="r1l52" custom="readingOrder {index:51;}">
                <Coords points="449,3081 1735,3112 1719,3065 450,3045"/>
                <Baseline points="458,3077 521,3078 584,3080 648,3081 711,3083 775,3084 838,3085 901,3086 965,3088 1028,3089 1092,3090 1155,3091 1218,3093 1282,3094 1345,3095 1409,3096 1472,3098 1535,3099 1599,3100 1662,3102 1726,3103"/>
                <TextEquiv>
                    <Unicode>lerische Henkersmahlzeit auf unserer Bühne bedeutete. Noch einmal</Unicode>
                </TextEquiv>
            </TextLine>
            <TextLine id="r1l53" custom="readingOrder {index:52;}">
                <Coords points="460,3118 1737,3155 1738,3106 461,3084"/>
                <Baseline points="468,3117 531,3118 594,3119 657,3120 720,3121 783,3123 846,3124 909,3125 972,3127 1035,3128 1098,3129 1161,3131 1224,3132 1287,3133 1350,3134 1413,3135 1476,3136 1539,3137 1602,3138 1665,3138 1728,3139"/>
                <TextEquiv>
                    <Unicode>zeichnete die Scheidende mit virtuoser Leichtigkeit diesen sprunghaften</Unicode>
                </TextEquiv>
            </TextLine>
            <TextLine id="r1l54" custom="readingOrder {index:53;}">
                <Coords points="451,3156 1688,3188 1734,3148 451,3119"/>
                <Baseline points="459,3154 522,3155 585,3156 648,3158 712,3159 775,3161 838,3162 902,3163 965,3164 1028,3166 1092,3167 1155,3169 1218,3170 1281,3171 1345,3172 1408,3174 1471,3175 1535,3176 1598,3177 1661,3178 1725,3178"/>
                <TextEquiv>
                    <Unicode>Charakter, in dem biedere Ehrlichkeit und entzückend naive Frivolis</Unicode>
                </TextEquiv>
            </TextLine>
            <TextLine id="r1l55" custom="readingOrder {index:54;}">
                <Coords points="435,3204 1622,3228 1719,3221 1720,3180 436,3154"/>
                <Baseline points="444,3193 507,3194 570,3195 633,3196 697,3197 760,3198 823,3199 887,3200 950,3201 1013,3203 1077,3204 1140,3206 1203,3207 1266,3209 1330,3210 1393,3211 1456,3213 1520,3214 1583,3215 1646,3216 1710,3217"/>
                <TextEquiv>
                    <Unicode>tät so nabe beieinander wohnen. Die Herren Strobl, Skode</Unicode>
                </TextEquiv>
            </TextLine>
            <TextLine id="r1l56" custom="readingOrder {index:55;}">
                <Coords points="423,3221 1727,3275 1750,3241 424,3180"/>
                <Baseline points="432,3229 497,3230 562,3232 628,3233 693,3235 759,3236 824,3238 890,3239 955,3241 1021,3242 1086,3243 1151,3245 1217,3246 1282,3247 1348,3249 1413,3250 1479,3252 1544,3253 1610,3254 1675,3256 1741,3257"/>
                <TextEquiv>
                    <Unicode>und der bewegliche Herr Mendel assistierten ihr wacker. Das</Unicode>
                </TextEquiv>
            </TextLine>
            <TextLine id="r1l57" custom="readingOrder {index:56;}">
                <Coords points="440,3283 1761,3304 1778,3253 441,3236"/>
                <Baseline points="449,3268 515,3269 581,3270 647,3271 713,3273 779,3275 845,3276 911,3278 977,3279 1043,3281 1109,3282 1175,3284 1241,3285 1307,3287 1373,3288 1439,3289 1505,3290 1571,3291 1637,3291 1703,3292 1769,3292"/>
                <TextEquiv>
                    <Unicode>svolle Haus jubelte seinem scheidenden Liebling, dem es Lorbeer und</Unicode>
                </TextEquiv>
            </TextLine>
            <TextLine id="r1l58" custom="readingOrder {index:57;}">
                <Coords points="453,3306 1768,3339 1769,3277 1358,3311 454,3270"/>
                <Baseline points="461,3304 525,3307 590,3309 655,3312 720,3313 785,3315 850,3317 915,3319 980,3320 1045,3322 1110,3323 1174,3324 1239,3326 1304,3327 1369,3328 1434,3329 1499,3330 1564,3331 1629,3332 1694,3334 1759,3335"/>
                <TextEquiv>
                    <Unicode>Blumen in reichster Fülle mitgab. minntenlang zu. und schlug mit</Unicode>
                </TextEquiv>
            </TextLine>
            <TextLine id="r1l59" custom="readingOrder {index:58;}">
                <Coords points="452,3355 1703,3391 1804,3340 453,3305"/>
                <Baseline points="460,3345 526,3347 593,3348 660,3350 727,3351 793,3353 860,3355 927,3357 994,3360 1060,3362 1127,3364 1194,3366 1261,3368 1327,3369 1394,3371 1461,3371 1528,3372 1594,3373 1661,3372 1728,3372 1795,3371"/>
                <TextEquiv>
                    <Unicode>seiner hartnäckigen Begeisterung sogar in den eisernen Vorhangfal</Unicode>
                </TextEquiv>
            </TextLine>
            <TextLine id="r1l60" custom="readingOrder {index:59;}">
                <Coords points="414,3405 431,3400 449,3414 472,3395 506,3395 525,3411 540,3396 582,3392 639,3413 677,3398 708,3399 709,3360 648,3351 603,3360 569,3341 540,3357 487,3347 463,3355 444,3341 415,3349"/>
                <Baseline points="422,3388 447,3385 472,3384 497,3384 522,3384 547,3385 573,3386 598,3388 623,3389 648,3390 673,3391 699,3391"/>
                <TextEquiv>
                    <Unicode>eine Bresche.</Unicode>
                </TextEquiv>
            </TextLine>
            <TextLine id="r1l61" custom="readingOrder {index:60;}">
                <Coords points="1533,3461 1550,3465 1559,3459 1567,3467 1574,3462 1590,3466 1624,3451 1634,3455 1641,3448 1686,3458 1687,3376 1663,3382 1657,3377 1645,3384 1617,3371 1581,3382 1556,3369 1535,3374"/>
                <Baseline points="1542,3440 1569,3436 1596,3435 1623,3437 1650,3439 1677,3441"/>
                <TextEquiv>
                    <Unicode></Unicode>
                </TextEquiv>
            </TextLine>
            <TextLine id="r1l62" custom="readingOrder {index:61;}">
                <Coords points="644,3470 666,3467 673,3474 682,3472 695,3481 707,3476 717,3483 748,3483 749,3435 732,3432 727,3437 718,3432 709,3433 698,3424 682,3426 674,3419 667,3424 660,3417 645,3417"/>
                <Baseline points="652,3451 681,3452 710,3451 740,3453"/>
                <TextEquiv>
                    <Unicode>—</Unicode>
                </TextEquiv>
            </TextLine>
            <TextEquiv>
                <Unicode>Ma
box 34//7
8. Die letztenieken
Greslauer Morgen Zeitung
vem: 1NED
. —
Theater.
Lobethéater. Mittwoch, 15. Mai. „Die letzten Masken“
Mokatur“. „Abschiedssouper“ von Aatur=Schpinler.
Wiener Dichter, dessen fünfzigsten Geburtstag es A
Krigen Einakterabend zu feiern galt, ist längst ein deutscher
cier geworden. Sein „Liebelei“ und sein „Anatol“ wirken heute
und lebendig wie am ersten Tag, und selbst in seinem
u#
n. schwächeren Werke, dem morschen Dekadentenstück „Das
# Land, steckt immer noch mehr lebenskluger Witz als in zehn
anoe Schauspielen von heute zusammen. Zwar hat auch er der
Zeit kseinen Tribut zahlen müssen, und der einst einer Einakter¬
sammlung den tiefen Merkspruch „Wir spielen alle; wer es weiß,
ist
g“, mit auf den Weg gab, hat heute als höchsten Treffer nur
Inoch die Talmiweisheit zu versenden, daß die Seele ein weites Land
Aber trotzdem ist das eine sicher: von den fünfundzwanzig
Bänden, die bis jetzt Schnitzlers stattliches Lebenswerk darstellen,
wird mehr als einer unsere Zeit überdauern, und nach uns ebenso
[lebendig wirken wie heute.
Den ersten Satz der dramatischen Symphonie bildete die wirk¬
same, aber ein wenig konstruierte Tragik der „letzten Masken“.]
In dem gut abgestimmten Ensemble vereinigten sich der eindrucks¬
volle Nademacher des Herrn Schmidt, der diskrete Arzt des Herrn
Jltz und der hohle, litterarische Schaumschläger des Herrn Marx
zu einem untadeligen Terzett. Wie ein geniales Scherzo wirkte
die köstliche Satire „Litteratur“
Mit kaltblütiger Routine
meisterte Herr Strobl seine anfängliche Textunsicherheit, dann
aber besann er sich mehr und mehr auf seine Nolle und entwickelte!
eine Natürlichkeit, die uns das Scheiden dieses begabten Schau¬
spielers aufrichtig bedauern läßt. Herr Iltz spielte den Litteratur=
Zigeuner Gilbert, der fortwährend mit seinem neuesten Romansi
kokettiert. Herr Iltz hatte sich zu diesem Zweck „Alraune", das
neueste Buch von Hanns Heinz Evers, mitgebracht, und hätte konse¬
quenterweise dann mindestens diesen Autor kopieren müssen. Das'!
rstat er aber nicht und hat es vermutlich auch gar nicht tun wollen.
[Auf jeden Fall beging er eine Unvorsichtigkeit, deren Schuld erse
und der Regisseur zu gleichen Teilen zu tragen haben. Davon ab¬
gesehen aber gab er wieder eine Probe seines achtbaren Könnens,

wenn er hier auch mit erheblich stärkeren Mitteln arbeitete, als im.
ersten Akt. Der Margarete lieh Fräulein Kernic ihre blonde
(Schönheit. Dem Scherzo folgte ein schwungvolles Finale in dem
„Abschiedssouper“, das Fräulein Jaucks offizielle, künst###
lerische Henkersmahlzeit auf unserer Bühne bedeutete. Noch einmal
zeichnete die Scheidende mit virtuoser Leichtigkeit diesen sprunghaften
Charakter, in dem biedere Ehrlichkeit und entzückend naive Frivolis
tät so nabe beieinander wohnen. Die Herren Strobl, Skode
und der bewegliche Herr Mendel assistierten ihr wacker. Das
svolle Haus jubelte seinem scheidenden Liebling, dem es Lorbeer und
Blumen in reichster Fülle mitgab. minntenlang zu. und schlug mit
seiner hartnäckigen Begeisterung sogar in den eisernen Vorhangfal
eine Bresche.

—</Unicode>
            </TextEquiv>
        </TextRegion>
        <TextRegion orientation="0.0" id="r2" custom="readingOrder {index:1;}">
            <Coords points="1939,1195 1939,3399 3306,3399 3306,1195"/>
            <TextLine id="r2l1" custom="readingOrder {index:0;}">
                <Coords points="2360,1231 2377,1235 2399,1226 2413,1232 2424,1224 2449,1232 2456,1229 2466,1236 2490,1231 2501,1240 2515,1239 2518,1181 2497,1187 2472,1177 2450,1184 2435,1171 2411,1172 2386,1189 2373,1180 2362,1181"/>
                <Baseline points="2369,1220 2396,1219 2424,1220 2451,1222 2479,1224 2507,1226"/>
                <TextEquiv>
                    <Unicode>Icneliches</Unicode>
                </TextEquiv>
            </TextLine>
            <TextLine id="r2l2" custom="readingOrder {index:1;}">
                <Coords points="2000,1292 2141,1300 2159,1287 2196,1301 2238,1285 2328,1304 2402,1297 2401,1259 2378,1269 2346,1246 2324,1259 2269,1258 2237,1235 2190,1255 2163,1240 2105,1241 2091,1253 2001,1233"/>
                <Baseline points="2008,1279 2033,1281 2059,1282 2085,1284 2110,1284 2136,1285 2162,1285 2187,1286 2213,1286 2239,1286 2264,1286 2290,1287 2316,1288 2341,1288 2367,1289 2393,1291"/>
                <TextEquiv>
                    <Unicode>Ausschnitt, aus:</Unicode>
                </TextEquiv>
            </TextLine>
            <TextLine id="r2l3" custom="readingOrder {index:2;}">
                <Coords points="2125,1353 2551,1314 3029,1372 3044,1278 2447,1250 2394,1292 2125,1300"/>
                <Baseline points="2133,1331 2178,1328 2223,1326 2268,1323 2313,1321 2358,1319 2403,1318 2448,1317 2493,1316 2538,1316 2584,1316 2629,1316 2674,1318 2719,1319 2764,1321 2809,1323 2854,1326 2899,1329 2944,1332 2989,1336 3035,1342"/>
                <TextEquiv>
                    <Unicode>Ib.MALIR!: Aeslauer Zeitung</Unicode>
                </TextEquiv>
            </TextLine>
            <TextLine id="r2l4" custom="readingOrder {index:3;}">
                <Coords points="1984,1406 2055,1420 2073,1409 2127,1408 2141,1418 2184,1416 2203,1435 2217,1437 2219,1394 2157,1391 2098,1357 2069,1351 2035,1371 1986,1369"/>
                <Baseline points="1992,1401 2019,1403 2046,1404 2073,1405 2101,1406 2128,1407 2155,1409 2182,1411 2210,1413"/>
                <TextEquiv>
                    <Unicode>vom:</Unicode>
                </TextEquiv>
            </TextLine>
            <TextLine id="r2l5" custom="readingOrder {index:4;}">
                <Coords points="2275,1462 2313,1485 2463,1469 2569,1484 2617,1456 2690,1494 2846,1484 2917,1452 2917,1399 2636,1416 2452,1394 2407,1426 2276,1400"/>
                <Baseline points="2284,1461 2315,1461 2346,1462 2377,1462 2408,1463 2440,1464 2471,1465 2502,1466 2533,1466 2564,1467 2596,1468 2627,1468 2658,1469 2689,1469 2720,1469 2752,1469 2783,1469 2814,1468 2845,1467 2876,1466 2908,1464"/>
                <TextEquiv>
                    <Unicode>Breslauer Theater.</Unicode>
                </TextEquiv>
            </TextLine>
            <TextLine id="r2l6" custom="readingOrder {index:5;}">
                <Coords points="1993,1523 2399,1526 2505,1567 2907,1504 3255,1533 3190,1487 2407,1502 1993,1452"/>
                <Baseline points="2002,1514 2064,1519 2126,1524 2188,1529 2251,1531 2313,1533 2375,1535 2437,1535 2500,1535 2562,1535 2624,1534 2686,1533 2749,1532 2811,1531 2873,1529 2935,1528 2998,1527 3060,1526 3122,1526 3184,1525 3247,1526"/>
                <TextEquiv>
                    <Unicode>Fr Lobe=Theater. Schnihler=Abend“. Das Breslauer</Unicode>
                </TextEquiv>
            </TextLine>
            <TextLine id="r2l7" custom="readingOrder {index:6;}">
                <Coords points="1938,1586 3254,1580 3254,1533 2928,1515 2514,1562 1938,1518"/>
                <Baseline points="1946,1572 2011,1574 2076,1575 2141,1576 2206,1578 2271,1579 2336,1579 2401,1579 2466,1580 2531,1580 2596,1580 2661,1580 2726,1579 2791,1579 2856,1578 2921,1577 2986,1576 3051,1575 3116,1574 3181,1573 3246,1572"/>
                <TextEquiv>
                    <Unicode>Thater hat viel Veranlasung, Schnitzter dankbar zi  Nicht immer</Unicode>
                </TextEquiv>
            </TextLine>
            <TextLine id="r2l8" custom="readingOrder {index:7;}">
                <Coords points="1948,1644 3195,1638 3249,1578 1948,1585"/>
                <Baseline points="1957,1626 2021,1627 2085,1627 2149,1627 2213,1627 2278,1628 2342,1628 2406,1628 2470,1629 2534,1629 2599,1629 2663,1629 2727,1629 2791,1628 2855,1628 2920,1627 2984,1626 3048,1625 3112,1623 3176,1621 3241,1619"/>
                <TextEquiv>
                    <Unicode>fand diese Dankbarkeit den richtigen Ausdruck; ja seinen „Schleier der</Unicode>
                </TextEquiv>
            </TextLine>
            <TextLine id="r2l9" custom="readingOrder {index:8;}">
                <Coords points="1939,1678 3256,1698 3256,1640 3204,1630 1939,1644"/>
                <Baseline points="1947,1675 2012,1676 2077,1677 2142,1677 2207,1678 2272,1678 2337,1678 2402,1678 2467,1678 2532,1678 2597,1677 2662,1677 2727,1676 2792,1676 2857,1675 2922,1674 2987,1674 3052,1673 3117,1673 3182,1672 3248,1672"/>
                <TextEquiv>
                    <Unicode>Reatrice“, sein reisstes, tiefstes Werk, hat man ihm seinerzeit bei der Bres¬</Unicode>
                </TextEquiv>
            </TextLine>
            <TextLine id="r2l10" custom="readingOrder {index:9;}">
                <Coords points="1943,1730 3250,1736 3227,1683 3094,1676 1943,1682"/>
                <Baseline points="1951,1724 2015,1724 2080,1724 2144,1724 2209,1725 2273,1725 2338,1725 2402,1726 2467,1726 2531,1726 2596,1726 2660,1726 2725,1726 2789,1726 2854,1726 2918,1726 2983,1726 3047,1725 3112,1725 3176,1724 3241,1724"/>
                <TextEquiv>
                    <Unicode>Jauer Uraufführung arg in Fetzen gerissen. Und auch für seine echt</Unicode>
                </TextEquiv>
            </TextLine>
            <TextLine id="r2l11" custom="readingOrder {index:10;}">
                <Coords points="1939,1777 3254,1797 3253,1727 1939,1738"/>
                <Baseline points="1947,1773 2011,1773 2076,1773 2141,1773 2206,1773 2271,1773 2336,1773 2401,1773 2466,1773 2531,1774 2596,1774 2660,1774 2725,1774 2790,1774 2855,1774 2920,1774 2985,1773 3050,1773 3115,1772 3180,1771 3245,1770"/>
                <TextEquiv>
                    <Unicode>Wiener dramatischen Plandereien hat man trotz des Reichtums an Wiener</Unicode>
                </TextEquiv>
            </TextLine>
            <TextLine id="r2l12" custom="readingOrder {index:11;}">
                <Coords points="1937,1832 3178,1845 3291,1839 3291,1773 1937,1784"/>
                <Baseline points="1945,1826 2011,1825 2078,1824 2145,1823 2212,1823 2279,1823 2346,1822 2412,1822 2479,1822 2546,1822 2613,1822 2680,1823 2747,1823 2814,1823 2880,1823 2947,1823 3014,1823 3081,1823 3148,1823 3215,1823 3282,1823"/>
                <TextEquiv>
                    <Unicode>Künstlern gar oft nicht den rechten Ton gefunden. Aber bei dem gestrigen</Unicode>
                </TextEquiv>
            </TextLine>
            <TextLine id="r2l13" custom="readingOrder {index:12;}">
                <Coords points="1934,1885 3211,1892 3297,1880 3297,1833 1934,1837"/>
                <Baseline points="1943,1876 2010,1875 2077,1875 2144,1874 2212,1874 2279,1874 2346,1874 2414,1874 2481,1874 2548,1874 2616,1875 2683,1875 2750,1875 2817,1875 2885,1875 2952,1875 3019,1875 3087,1875 3154,1875 3221,1874 3289,1873"/>
                <TextEquiv>
                    <Unicode>Albend anläßlich seines fünfzigsten Geburtstages hat man vor leidlich gut I</Unicode>
                </TextEquiv>
            </TextLine>
            <TextLine id="r2l14" custom="readingOrder {index:13;}">
                <Coords points="1945,1945 3255,1952 3255,1885 3162,1877 1945,1882"/>
                <Baseline points="1953,1927 2017,1926 2082,1925 2146,1925 2211,1924 2276,1923 2340,1923 2405,1922 2470,1922 2534,1922 2599,1921 2664,1921 2728,1921 2793,1921 2858,1921 2922,1921 2987,1921 3052,1921 3116,1921 3181,1921 3246,1922"/>
                <TextEquiv>
                    <Unicode>besetztem Hause — an sich hätte man die Breslauer Schnitzler=Gemeinde</Unicode>
                </TextEquiv>
            </TextLine>
            <TextLine id="r2l15" custom="readingOrder {index:14;}">
                <Coords points="1943,1999 3194,1988 3247,1940 1942,1926"/>
                <Baseline points="1951,1978 2015,1978 2079,1976 2144,1976 2208,1975 2272,1974 2337,1974 2401,1973 2465,1973 2530,1972 2594,1972 2658,1972 2723,1972 2787,1972 2851,1972 2916,1972 2980,1972 3044,1973 3109,1973 3173,1973 3238,1974"/>
                <TextEquiv>
                    <Unicode>größer einschätzen sollen — drei seiner oft bei uns gespielten Einakter in</Unicode>
                </TextEquiv>
            </TextLine>
            <TextLine id="r2l16" custom="readingOrder {index:15;}">
                <Coords points="1939,2056 3285,2044 3305,1958 3187,1995 1939,1999"/>
                <Baseline points="1947,2028 2014,2027 2082,2025 2149,2024 2217,2023 2284,2022 2352,2021 2419,2021 2487,2021 2554,2020 2622,2020 2689,2020 2757,2020 2824,2021 2892,2021 2959,2021 3027,2022 3094,2022 3162,2022 3229,2023 3297,2023"/>
                <TextEquiv>
                    <Unicode>schlechthin ausgezeichneter Darstellung unter der Regie des Herrn Bonnos</Unicode>
                </TextEquiv>
            </TextLine>
            <TextLine id="r2l17" custom="readingOrder {index:16;}">
                <Coords points="1943,2090 3224,2092 3253,2017 1943,2043"/>
                <Baseline points="1952,2075 2016,2074 2081,2074 2145,2074 2210,2074 2275,2074 2339,2074 2404,2074 2468,2073 2533,2073 2598,2073 2662,2073 2727,2073 2791,2073 2856,2073 2920,2072 2985,2072 3050,2072 3114,2072 3179,2073 3244,2073"/>
                <TextEquiv>
                    <Unicode>als würdige Festgabe gespielt. In den „Letzten Masken“ ist zuletzt in</Unicode>
                </TextEquiv>
            </TextLine>
            <TextLine id="r2l18" custom="readingOrder {index:17;}">
                <Coords points="1946,2137 3246,2135 3246,2090 3164,2077 2993,2107 1946,2081"/>
                <Baseline points="1954,2124 2018,2123 2082,2123 2146,2122 2210,2122 2275,2122 2339,2122 2403,2123 2467,2123 2531,2123 2596,2123 2660,2123 2724,2124 2788,2124 2852,2124 2917,2124 2981,2124 3045,2123 3109,2123 3173,2123 3238,2122"/>
                <TextEquiv>
                    <Unicode>Breslau Moissi (im Sommer=Theater) aufgetreten. Nun, Herr</Unicode>
                </TextEquiv>
            </TextLine>
            <TextLine id="r2l19" custom="readingOrder {index:18;}">
                <Coords points="1936,2197 3251,2166 3212,2129 1936,2117"/>
                <Baseline points="1945,2174 2009,2174 2074,2173 2139,2173 2204,2173 2269,2173 2334,2172 2398,2172 2463,2172 2528,2172 2593,2172 2658,2172 2723,2172 2788,2172 2852,2172 2917,2172 2982,2171 3047,2171 3112,2170 3177,2170 3242,2169"/>
                <TextEquiv>
                    <Unicode>[Schmidt ist dem innersten Wesen des unglücklichen Journalisten Rade¬</Unicode>
                </TextEquiv>
            </TextLine>
            <TextLine id="r2l20" custom="readingOrder {index:19;}">
                <Coords points="1935,2225 3090,2238 3242,2189 1935,2195"/>
                <Baseline points="1943,2223 2007,2222 2072,2221 2136,2221 2201,2220 2265,2220 2330,2220 2394,2220 2459,2220 2523,2220 2588,2220 2653,2221 2717,2221 2782,2221 2846,2221 2911,2221 2975,2221 3040,2221 3104,2220 3169,2220 3234,2219"/>
                <TextEquiv>
                    <Unicode>macher, der in der Sterbestunde den tiefsten Sinn und Wert des Lebens er¬</Unicode>
                </TextEquiv>
            </TextLine>
            <TextLine id="r2l21" custom="readingOrder {index:20;}">
                <Coords points="1942,2285 2725,2261 3247,2301 3295,2287 3295,2203 3093,2239 1942,2227"/>
                <Baseline points="1951,2271 2017,2271 2084,2271 2151,2271 2218,2271 2284,2271 2351,2271 2418,2271 2485,2272 2551,2272 2618,2272 2685,2272 2752,2272 2818,2272 2885,2272 2952,2272 3019,2272 3085,2271 3152,2271 3219,2271 3286,2270"/>
                <TextEquiv>
                    <Unicode>faßt, vielleicht näher gekommen als der berühmte Gast. Auch Herr n</Unicode>
                </TextEquiv>
            </TextLine>
            <TextLine id="r2l22" custom="readingOrder {index:21;}">
                <Coords points="1930,2324 3240,2342 3315,2286 1930,2293"/>
                <Baseline points="1939,2319 2007,2318 2075,2318 2144,2319 2212,2319 2280,2319 2349,2320 2417,2320 2485,2320 2554,2321 2622,2321 2690,2322 2759,2322 2827,2322 2895,2322 2964,2321 3032,2321 3100,2320 3169,2319 3237,2318 3306,2316"/>
                <TextEquiv>
                    <Unicode>Strobl als Schauspieler spielte mit höchster Natürlichkeit. Die Herrenjö</Unicode>
                </TextEquiv>
            </TextLine>
            <TextLine id="r2l23" custom="readingOrder {index:22;}">
                <Coords points="1935,2381 3063,2397 3294,2369 3306,2326 1935,2348"/>
                <Baseline points="1944,2372 2011,2372 2079,2372 2147,2372 2214,2372 2282,2371 2350,2371 2417,2371 2485,2371 2553,2371 2621,2371 2688,2371 2756,2371 2824,2370 2891,2370 2959,2370 3027,2370 3094,2369 3162,2369 3230,2369 3298,2369"/>
                <TextEquiv>
                    <Unicode>Marx und Iltz vervollständigten das Ensemble. — In dem folgenden 13</Unicode>
                </TextEquiv>
            </TextLine>
            <TextLine id="r2l24" custom="readingOrder {index:23;}">
                <Coords points="1936,2419 3307,2436 3307,2371 3247,2361 1936,2385"/>
                <Baseline points="1945,2425 2012,2424 2080,2424 2147,2424 2215,2423 2283,2423 2350,2422 2418,2422 2486,2421 2553,2421 2621,2421 2689,2420 2756,2420 2824,2420 2892,2420 2959,2420 3027,2420 3095,2420 3162,2421 3230,2422 3298,2423"/>
                <TextEquiv>
                    <Unicode>Lustspiel „Literatur“ traf Herr Strobl ganz ausgezeichnet den Ton des </Unicode>
                </TextEquiv>
            </TextLine>
            <TextLine id="r2l25" custom="readingOrder {index:24;}">
                <Coords points="1943,2470 3174,2487 3253,2441 1943,2446"/>
                <Baseline points="1951,2473 2015,2470 2080,2469 2144,2468 2209,2468 2274,2467 2338,2468 2403,2468 2468,2468 2532,2469 2597,2470 2662,2471 2726,2471 2791,2472 2856,2472 2920,2472 2985,2472 3050,2472 3114,2470 3179,2469 3244,2467"/>
                <TextEquiv>
                    <Unicode>aristokratischen Wiener Sportsman, und auch Frl. Kernic war sehr!</Unicode>
                </TextEquiv>
            </TextLine>
            <TextLine id="r2l26" custom="readingOrder {index:25;}">
                <Coords points="1940,2539 3291,2538 3291,2453 3204,2487 1940,2482"/>
                <Baseline points="1949,2521 2015,2520 2082,2519 2148,2519 2215,2519 2282,2519 2348,2520 2415,2521 2482,2521 2548,2522 2615,2523 2682,2523 2748,2524 2815,2524 2882,2524 2948,2524 3015,2524 3082,2523 3148,2521 3215,2519 3282,2517"/>
                <TextEquiv>
                    <Unicode>drollig in der Art, wie sie sich selbst und den andern vorschauspielerte. 2</Unicode>
                </TextEquiv>
            </TextLine>
            <TextLine id="r2l27" custom="readingOrder {index:26;}">
                <Coords points="1940,2577 3207,2585 3249,2535 1940,2538"/>
                <Baseline points="1949,2574 2013,2572 2078,2570 2142,2570 2207,2569 2271,2569 2336,2568 2400,2569 2465,2569 2529,2570 2594,2570 2659,2571 2723,2571 2788,2572 2852,2572 2917,2572 2981,2572 3046,2572 3110,2571 3175,2570 3240,2568"/>
                <TextEquiv>
                    <Unicode>Herr Iltz karikie#te den Vertreter der Caféhausliteraten vielleicht ein</Unicode>
                </TextEquiv>
            </TextLine>
            <TextLine id="r2l28" custom="readingOrder {index:27;}">
                <Coords points="1940,2622 3111,2647 3212,2633 3245,2583 1940,2591"/>
                <Baseline points="1948,2624 2012,2621 2076,2620 2141,2618 2205,2618 2270,2617 2334,2617 2398,2617 2463,2618 2527,2618 2592,2619 2656,2620 2720,2620 2785,2621 2849,2621 2914,2621 2978,2621 3042,2621 3107,2620 3171,2619 3236,2617"/>
                <TextEquiv>
                    <Unicode>wenig stark, erzielle aber damit starken und schließlich doch auch verdienten</Unicode>
                </TextEquiv>
            </TextLine>
            <TextLine id="r2l29" custom="readingOrder {index:28;}">
                <Coords points="1941,2682 3244,2676 3244,2637 3042,2623 1941,2635"/>
                <Baseline points="1949,2672 2013,2670 2077,2669 2142,2668 2206,2667 2270,2667 2335,2667 2399,2667 2463,2667 2528,2668 2592,2668 2656,2669 2721,2669 2785,2670 2849,2670 2914,2670 2978,2670 3042,2670 3107,2669 3171,2668 3236,2666"/>
                <TextEquiv>
                    <Unicode>Heiterkeitserfolg. Den Schluß des Abends bildete eine Doppelfeier. Das</Unicode>
                </TextEquiv>
            </TextLine>
            <TextLine id="r2l30" custom="readingOrder {index:29;}">
                <Coords points="1944,2732 3116,2737 3258,2694 2059,2670 1944,2701"/>
                <Baseline points="1953,2723 2017,2721 2082,2720 2147,2719 2212,2718 2277,2718 2341,2717 2406,2717 2471,2717 2536,2718 2601,2718 2665,2718 2730,2719 2795,2719 2860,2719 2925,2719 2989,2719 3054,2719 3119,2718 3184,2717 3249,2716"/>
                <TextEquiv>
                    <Unicode>„Abschiedssouper“ galt nicht nur dem Dichter Schnitzler, sondern auch Frl.</Unicode>
                </TextEquiv>
            </TextLine>
            <TextLine id="r2l31" custom="readingOrder {index:30;}">
                <Coords points="1942,2776 3255,2799 3255,2718 1942,2732"/>
                <Baseline points="1950,2771 2014,2770 2079,2769 2144,2769 2209,2768 2274,2768 2338,2768 2403,2768 2468,2768 2533,2768 2598,2768 2662,2768 2727,2768 2792,2768 2857,2768 2922,2768 2986,2767 3051,2767 3116,2767 3181,2766 3246,2766"/>
                <TextEquiv>
                    <Unicode>Rella Jauck, die uns verlassen ll. Sie hatte in der Rolle der Annie, die</Unicode>
                </TextEquiv>
            </TextLine>
            <TextLine id="r2l32" custom="readingOrder {index:31;}">
                <Coords points="1932,2818 3129,2833 3239,2816 3239,2773 1932,2777"/>
                <Baseline points="1941,2819 2005,2818 2069,2817 2134,2817 2198,2817 2263,2817 2327,2817 2392,2817 2456,2817 2521,2818 2585,2818 2649,2818 2714,2818 2778,2818 2843,2818 2907,2818 2972,2817 3036,2816 3101,2815 3165,2814 3230,2812"/>
                <TextEquiv>
                    <Unicode>sie ja des öfteren bei uns gespielt hat, noch einmal Gelegenheit, ihr starkes</Unicode>
                </TextEquiv>
            </TextLine>
            <TextLine id="r2l33" custom="readingOrder {index:32;}">
                <Coords points="1932,2871 3259,2896 3239,2811 1932,2837"/>
                <Baseline points="1940,2868 2005,2868 2071,2869 2136,2869 2202,2869 2267,2869 2333,2869 2398,2869 2464,2869 2529,2869 2595,2869 2660,2868 2726,2868 2791,2868 2857,2868 2922,2867 2988,2867 3053,2867 3119,2867 3184,2867 3250,2867"/>
                <TextEquiv>
                    <Unicode>Temperament und wenigstens ein kleines Gebiet ihrer Kunst, die so frisch</Unicode>
                </TextEquiv>
            </TextLine>
            <TextLine id="r2l34" custom="readingOrder {index:33;}">
                <Coords points="1940,2925 3142,2915 3256,2951 3209,2874 1940,2882"/>
                <Baseline points="1949,2921 2017,2919 2085,2919 2154,2918 2222,2917 2290,2917 2359,2917 2427,2917 2495,2917 2564,2918 2632,2918 2701,2918 2769,2918 2837,2919 2906,2919 2974,2919 3042,2919 3111,2919 3179,2918 3248,2918"/>
                <TextEquiv>
                    <Unicode>zuzugreifen und aus dem Vollen zu schöpfen weiß, zu zeigen, wenn auch</Unicode>
                </TextEquiv>
            </TextLine>
            <TextLine id="r2l35" custom="readingOrder {index:34;}">
                <Coords points="1941,2980 3248,2968 3174,2922 1941,2947"/>
                <Baseline points="1949,2971 2013,2970 2078,2969 2142,2968 2207,2967 2271,2967 2336,2967 2400,2967 2465,2967 2529,2967 2594,2968 2658,2968 2723,2968 2787,2969 2852,2969 2916,2969 2981,2968 3045,2968 3110,2967 3174,2966 3239,2964"/>
                <TextEquiv>
                    <Unicode>zu wünschen gewesen wäre, daß sie ihre Kunst noch einmal an einer</Unicode>
                </TextEquiv>
            </TextLine>
            <TextLine id="r2l36" custom="readingOrder {index:35;}">
                <Coords points="1932,3022 3235,3042 3247,2968 1932,2989"/>
                <Baseline points="1941,3021 2005,3021 2070,3020 2135,3020 2200,3020 2265,3019 2330,3019 2395,3019 2460,3018 2525,3018 2590,3018 2654,3017 2719,3017 2784,3017 2849,3017 2914,3017 2979,3017 3044,3017 3109,3017 3174,3017 3239,3017"/>
                <TextEquiv>
                    <Unicode>größeren Aufgabe hätte messen können (denn auch bei ihrem heutigen,</Unicode>
                </TextEquiv>
            </TextLine>
            <TextLine id="r2l37" custom="readingOrder {index:36;}">
                <Coords points="1932,3069 3230,3088 3252,3018 1932,3037"/>
                <Baseline points="1941,3067 2006,3067 2071,3067 2136,3067 2201,3067 2266,3067 2331,3067 2397,3067 2462,3067 2527,3068 2592,3068 2657,3068 2722,3068 2787,3068 2853,3068 2918,3068 2983,3068 3048,3067 3113,3067 3178,3066 3244,3065"/>
                <TextEquiv>
                    <Unicode>definitiv allerletzten Auftreten im „Barbier von Berriac“ hat sie ja nur ein</Unicode>
                </TextEquiv>
            </TextLine>
            <TextLine id="r2l38" custom="readingOrder {index:37;}">
                <Coords points="1940,3125 3062,3142 3192,3135 3248,3082 1940,3087"/>
                <Baseline points="1948,3118 2012,3117 2077,3117 2141,3117 2206,3117 2271,3117 2335,3117 2400,3118 2464,3118 2529,3118 2594,3119 2658,3119 2723,3119 2787,3119 2852,3119 2916,3119 2981,3118 3046,3118 3110,3117 3175,3116 3240,3114"/>
                <TextEquiv>
                    <Unicode>winziges Röllchen). Aber der Beifall, der sich am Schlusse in enthustasti¬</Unicode>
                </TextEquiv>
            </TextLine>
            <TextLine id="r2l39" custom="readingOrder {index:38;}">
                <Coords points="1937,3174 3232,3186 3259,3118 1937,3129"/>
                <Baseline points="1945,3169 2010,3169 2075,3169 2140,3168 2206,3168 2271,3168 2336,3167 2401,3167 2467,3167 2532,3167 2597,3166 2662,3166 2728,3166 2793,3166 2858,3166 2923,3166 2989,3166 3054,3166 3119,3166 3184,3166 3250,3166"/>
                <TextEquiv>
                    <Unicode>scher Weise äußerte, galt nicht nur der gestrigen Leistung, sondern allen den</Unicode>
                </TextEquiv>
            </TextLine>
            <TextLine id="r2l40" custom="readingOrder {index:39;}">
                <Coords points="1935,3224 3250,3237 3250,3183 3158,3169 1935,3187"/>
                <Baseline points="1944,3218 2008,3219 2073,3219 2138,3219 2203,3220 2268,3220 2333,3219 2398,3219 2463,3219 2528,3219 2593,3218 2657,3218 2722,3217 2787,3217 2852,3217 2917,3216 2982,3216 3047,3216 3112,3216 3177,3217 3242,3217"/>
                <TextEquiv>
                    <Unicode>künstlerischen Gaben, die sie uns in einer Reihe von Jahren in reichsten</Unicode>
                </TextEquiv>
            </TextLine>
            <TextLine id="r2l41" custom="readingOrder {index:40;}">
                <Coords points="1933,3270 2939,3269 2980,3300 3221,3281 3255,3239 1933,3244"/>
                <Baseline points="1941,3268 2006,3268 2071,3268 2136,3268 2202,3268 2267,3268 2332,3268 2398,3268 2463,3268 2528,3268 2594,3268 2659,3267 2724,3267 2789,3267 2855,3267 2920,3267 2985,3267 3051,3267 3116,3267 3181,3268 3247,3268"/>
                <TextEquiv>
                    <Unicode>Muße geboten. Daß es auch an Lorbeer und Blumen nicht fehlte, #ebärf</Unicode>
                </TextEquiv>
            </TextLine>
            <TextLine id="r2l42" custom="readingOrder {index:41;}">
                <Coords points="1933,3316 2058,3335 2124,3316 2160,3338 2206,3323 2316,3333 2360,3321 2360,3297 2275,3280 2261,3290 2225,3273 2186,3285 2135,3273 2076,3285 2058,3271 1933,3285"/>
                <Baseline points="1941,3318 1966,3318 1992,3318 2018,3318 2043,3317 2069,3317 2095,3316 2120,3316 2146,3316 2172,3316 2197,3316 2223,3316 2249,3316 2274,3317 2300,3318 2326,3319 2352,3321"/>
                <TextEquiv>
                    <Unicode>kaum der Erwähnung.</Unicode>
                </TextEquiv>
            </TextLine>
            <TextLine id="r2l43" custom="readingOrder {index:42;}">
                <Coords points="1979,3380 3308,3398 3293,3325 1978,3346"/>
                <Baseline points="1987,3380 2052,3383 2118,3384 2183,3385 2249,3386 2314,3387 2380,3387 2445,3387 2511,3386 2576,3386 2642,3385 2708,3384 2773,3382 2839,3381 2904,3380 2970,3379 3035,3377 3101,3376 3166,3375 3232,3374 3298,3373"/>
                <TextEquiv>
                    <Unicode>P. Att. Schauspielhaus. Mittwoch, 15. Mai: „Der Vogel=</Unicode>
                </TextEquiv>
            </TextLine>
            <TextEquiv>
                <Unicode>Icneliches
Ausschnitt, aus:
Ib.MALIR!: Aeslauer Zeitung
vom:
Breslauer Theater.
Fr Lobe=Theater. Schnihler=Abend“. Das Breslauer
Thater hat viel Veranlasung, Schnitzter dankbar zi  Nicht immer
fand diese Dankbarkeit den richtigen Ausdruck; ja seinen „Schleier der
Reatrice“, sein reisstes, tiefstes Werk, hat man ihm seinerzeit bei der Bres¬
Jauer Uraufführung arg in Fetzen gerissen. Und auch für seine echt
Wiener dramatischen Plandereien hat man trotz des Reichtums an Wiener
Künstlern gar oft nicht den rechten Ton gefunden. Aber bei dem gestrigen
Albend anläßlich seines fünfzigsten Geburtstages hat man vor leidlich gut I
besetztem Hause — an sich hätte man die Breslauer Schnitzler=Gemeinde
größer einschätzen sollen — drei seiner oft bei uns gespielten Einakter in
schlechthin ausgezeichneter Darstellung unter der Regie des Herrn Bonnos
als würdige Festgabe gespielt. In den „Letzten Masken“ ist zuletzt in
Breslau Moissi (im Sommer=Theater) aufgetreten. Nun, Herr
[Schmidt ist dem innersten Wesen des unglücklichen Journalisten Rade¬
macher, der in der Sterbestunde den tiefsten Sinn und Wert des Lebens er¬
faßt, vielleicht näher gekommen als der berühmte Gast. Auch Herr n
Strobl als Schauspieler spielte mit höchster Natürlichkeit. Die Herrenjö
Marx und Iltz vervollständigten das Ensemble. — In dem folgenden 13
Lustspiel „Literatur“ traf Herr Strobl ganz ausgezeichnet den Ton des 
aristokratischen Wiener Sportsman, und auch Frl. Kernic war sehr!
drollig in der Art, wie sie sich selbst und den andern vorschauspielerte. 2
Herr Iltz karikie#te den Vertreter der Caféhausliteraten vielleicht ein
wenig stark, erzielle aber damit starken und schließlich doch auch verdienten
Heiterkeitserfolg. Den Schluß des Abends bildete eine Doppelfeier. Das
„Abschiedssouper“ galt nicht nur dem Dichter Schnitzler, sondern auch Frl.
Rella Jauck, die uns verlassen ll. Sie hatte in der Rolle der Annie, die
sie ja des öfteren bei uns gespielt hat, noch einmal Gelegenheit, ihr starkes
Temperament und wenigstens ein kleines Gebiet ihrer Kunst, die so frisch
zuzugreifen und aus dem Vollen zu schöpfen weiß, zu zeigen, wenn auch
zu wünschen gewesen wäre, daß sie ihre Kunst noch einmal an einer
größeren Aufgabe hätte messen können (denn auch bei ihrem heutigen,
definitiv allerletzten Auftreten im „Barbier von Berriac“ hat sie ja nur ein
winziges Röllchen). Aber der Beifall, der sich am Schlusse in enthustasti¬
scher Weise äußerte, galt nicht nur der gestrigen Leistung, sondern allen den
künstlerischen Gaben, die sie uns in einer Reihe von Jahren in reichsten
Muße geboten. Daß es auch an Lorbeer und Blumen nicht fehlte, #ebärf
kaum der Erwähnung.
P. Att. Schauspielhaus. Mittwoch, 15. Mai: „Der Vogel=</Unicode>
            </TextEquiv>
        </TextRegion>
    </Page>
</PcGts>
