3344 4352
1577 161 2020 247 box 34/7
304 143 1424 265 8. Die letzten Nasken
2082 1468 2146 1526 —
2279 1463 2579 1543 —.—
1809 1502 3126 1609 über, daß men gern über diese und jene Unwahrscheinlichkeit hin¬
613 1508 1397 1621 Wenden! Rückselte beacrten!
1359 1547 1717 1629 Wenden!
1814 1563 3130 1649 wegsieht, wie sie eben im Wesen der Satire liegt. — Schnitzlers
1808 1592 3129 1692 Einakter sind alte Bekannte, wirken aber noch heute, wie vor Jahren
1349 1616 1697 1711 Telephon 12.801
1801 1630 3128 1720 bei ihrer ersten Aufführung, mit frischer Unmittelbarkeit. „Die
1806 1673 3134 1745 letzten Masken“ mit ienem unter Tränen lächelnden Humor, der
1808 1719 3124 1801 nach Jean Paul eine Gabe des Herzens ist, spielen auf der Schwelle
1812 1756 3124 1851 des Todes, von der zwei sieche Lebenskämpfer mit der Trugkraft der
846 1770 1408 1860 „UDSEHVEK
1807 1804 3123 1887 letzten Tage ins Leben schauen und Pläne schmieden, als sagten sie
1807 1838 3118 1921 sich, es hat's noch keiner erlebt, daß er — gestorben ist! — „Litteratur“.
661 1838 1653 1920 I. österr. behördl. konzession. Unternehmen für Zeitungs-Ausschnitte
1800 1882 3116 1960 endlich ist die Verspottung eines gewissen Litteratentums, das in der
770 1903 1559 1981 WIEN I, CONCORDIAPLATZ 4
1809 1911 3130 2012 Großstadt mit großgezogen wird, Marodeure und Komödianten des
1814 1953 2687 2035 Tages, denen die ernste Arbeit ein Greuel ist.
992 1958 1329 2035 Vertretungen:
1876 1991 3112 2062 Das Haus war zwar nicht ausverkauft aber doch etwa zu drei
598 1982 1708 2097 in Berlin, Basel, Budapest, Chicago, Cleveland, Christiania,
1789 2013 3120 2119 Viertel gefüllt, so daß die Darsteller, endlich acht Tage nach dem
592 2037 1705 2135 Genf, Kopenhagen, London, Madrid, Mailand, Minneapolis,
1798 2060 3113 2156 Wiederbeginn der Spielzeit, erfuhren, wozu sie eigentlich auf der
593 2090 1700 2180 New-Vork, Paris, Rom, San Francisco, Stockholm, St. Peters¬
1801 2104 3109 2194 Bühne stehen. Von der Wiedergabe des Zweigschen Einakters und
1004 2133 1307 2195 burg, Toronto.
1803 2143 3115 2236 der Thomaschen Satire läßt sich nichts neues sagen. Die Besetzung
895 2162 1417 2249 (Quellenangabe ohne Gewähr.)
1799 2184 3112 2272 war in beiden Stücken, bis auf das Lottchen, das Fräulein Mein¬
1800 2230 3115 2314 shardt spielte, die alte geblieben, nur wollte es mir scheinen, daß
586 2224 1023 2314 Ausschnitt aus:
1805 2266 3107 2346 das Rokokospiel noch gewonnen hatte. Manches kam noch ausge¬
1777 2302 3101 2371 glichener und im Stil echter und fester heraus, als bei der ersten Auf¬
873 2288 1761 2381 2 Ausiauer morgen Zeitung,
589 2311 755 2383 vom:
1797 2340 3108 2426 führung im Mai. Namentlich schien mir Herr Skoda mit dem
1799 2383 3110 2456 [„Komödianten“ auf noch vertrauterem Fuße zu stehen, und die Anto¬
1779 2419 3097 2497 Uniusrede kam mit feinster Gliederung und Steigerung zum Ausdruck.
1788 2452 3106 2533 Frau Santen (Favoritin) Herr Ilt (Chevalier), eir Johow
584 2465 1804 2562 Lobetheater. „Der verwandelte Komödiant.“ Von
1807 2505 3106 2577 (Fürst) und Fräulein Rücker (Hoffräulein) stimmten das Zu¬
525 2510 1808 2600 Stefan Zweig.—,Die letzten Masken". Litteratur“
1805 2531 3104 2617 sammenspiel geschickt auf den Ton der Zeit. Das Gleiche gilt auch
525 2565 1132 2640 Von Arthur Schnitzler.
1166 2574 1804 2638 „Lottchens Geburtstag“.
1807 2577 3100 2656 vom Thomaschen Lustspiel, dem außer den genannten die Herren
1799 2611 3104 2693 [Schmidt und Schindler und die Damen Salta, Mäder¬
508 2616 3106 2683 Von Ludwig Thoma. Mit den bekannten vier Einaktern, von[Stegemann und Barna zum alten Erfolge verhalfen. In den
517 2645 1810 2727 denen der erste und der letzte hier zuerst bei der diesjährigen Vor¬
512 2681 1802 2760 mittagsvorstellung der „Freien litterarischen Vereinigung“ in Szene
1792 2686 3101 2762 „Letzten Masken“ war wohl Herr Schmidt als Rademacher nicht
1796 2730 3098 2809 an seinem Platze: aus der Rolle hätte sich viel mehr herausholen
516 2733 3100 2830 gingen, machte die Bühne zum dritten Male den Versuch, der ihrlassen, die hier ganz in der Skizze stecken blieb. Eine charakteri¬
507 2758 1806 2836 bedauerlicherweise mit Wilde und Hebbel nicht gelungen ist, dem
522 2804 1815 2883 Publikum das Bestehen eines Theaters auf der Lessingstraße (Haus¬
1797 2805 3094 2892 stische Figur schuf Herr Strobl' mit seinem Schauspieler, in der
518 2845 1398 2911 nummer 8) ins Gedächtnis zurückzurufen. —
1797 2849 3096 2924 ganzen Unbekümmertheit seines nur noch auf Tage bemessenen Da¬
1377 2873 3098 2962 Zweigs Komödie istsseins. Die Herren Götze und Glasemann boten das Ihre zu
523 2886 3096 2998 ein glücklicher Griff in die Zeit des 18. Jahrhunderts, als der Geistsdiesem Ausschnitt aus der menschlichen Tragikomödie. Eine wirkungs¬
503 2931 3088 3047 Shakespeares die im Rokoko eingeschnürten Zeitgenossen aufrüttelte, volle Darstellung fand auch Schnitzlers „Litteratur“ mit den Herren
513 2965 2940 3055 und zeigt in ihrem Aufbau eine so künstlerische Steigerung und in[Strobl (Clemens), Iltz (Gilbert) und Fräulein
2938 3007 3099 3079 von
509 3000 3099 3120 der Verssprache so viel Schönheit und Klarheit, daß die Wieder=[Helling, deren Eintritt in unser Ensemble dem Schauspiel ohne
502 3035 1561 3111 aufnahme am Sonnabend wohlberechtigt war. —
1543 3058 1804 3116 Thoma, der
1791 3066 3106 3154 Zweifel zum Vorteil gereicht. Herrn Bonnos Regie gab allen
506 3074 2670 3195 Spötter, ist zwar in seiner Satire gegen die „sexuelle Aufklärung“lvier Stücken ein lebendiges szenisches Milien.
479 3125 1824 3205 etwas robust absichtlich, sprudelt aber von so köstlichen Einfällen!
2905 3139 3068 3215 7.
