3392 4256
1446 187 1906 283 box 34/7
177 213 1310 310 8. Die leizten Nasken
2560 1048 2693 1141 —
1761 1125 2894 1190 Endlich noch das Drama von der Liebelei. Es heißt dies¬
497 1145 1740 1227 Glanz der Gewänder ab. Der neue Kostümgrichner, Herr Fanto,
506 1162 2892 1276 hat abermals ein Meisterstück gemacht. Ich ziehe ferner Petrarcas mal „Literatur“ und ist höchst ergötzlich, wenn man es ober¬
502 1245 2885 1300 großen Namen und den historischen Nahmen ab. Endlich ziehe flächlich ansieht. Diese Kafseehausliteraten, diese abenteuernden
501 1297 2881 1348 ich ab Herrn Wieckes seltsam starre, stilgroße Renaissancefigur Literaturzigennerinnen, die Verhältnisse in München und Wien
1691 1304 2877 1373 mit einander haben, sich heiße Liebesbriefe blutend von der Seele
507 1328 1687 1384 des Petrarca, Herrn Müllers Maske als heiliger Clemens und
1697 1336 2871 1417 schreiben, aber Abschriften davon beralten, um aus den „mensch¬
514 1366 1694 1449 Frau Salbachs herzlich warme, wenn auch nicht heiße Dar¬
1683 1391 2884 1467 lichen Dokumenten“ später einmell ###eratur“ zu machen, sind
509 1413 1698 1476 stellung der Laura, und ich frage: was bleibt? Es ist ein
1689 1437 2878 1503 von Schnitzler, der solche Kneipe###### von Wien her genau
505 1461 1693 1536 Lob, nach solchen Abzügen, die mancher billig genug dem
510 1520 2886 1567 Poeten zu gute schreibt, sagen zu können: es bleibt ein kennt und selbst ein Stück von ihnen ist, aufs genaueste geschildert
503 1502 2896 1603 poetischer Kern mit einer aufs sorgfältigste gefeillen, feier= worden. Aber schärfer angesehen, ist der letzte Einakter die bitterste
1693 1564 2888 1648 Satire auf die beiden vorhergehenden, ja auf alles Künstlertum
506 1601 1701 1656 lich klingenden Sprache und schöner poetischer Stimmung. So
519 1588 2901 1701 lange die Personen nur von dem reden, was vergangen ist und  überhaupt. Er trifft das Stück Prostitution, das mit allem!
513 1698 2887 1753 wir die Ereignisse nur durch das verschönernde Medium der künstlerischen Schaffen, sei es Dichten, Singen oder Schauspielen,
1699 1696 2878 1769 verbunden ist und das Preisgabe des Innersten heißt. Die Chan¬
516 1725 1702 1780 Erinnerung sehen, bleibt auch ein poetischer Gehalt. Aber in
512 1745 2895 1838 dem Augenblicke, wo die Handlung — spät geuug! — einsetzt, wo sonetten bei Ronacher, die sich im Trikot hinstellen, sind nichts
515 1790 2880 1868 Laura ihre Liebe bekennt, versagt da: Können von Königsbru# alderes als die Literaten, die ihre innersten Gefühle und Erleb¬
514 1884 2881 1926 Schaup total. Die Gestalt Lauras ist verschwommen, die nhsse im Lied und im Roman enthüllen, und, setzen wir hinzu.
523 1876 2885 1972 Motivierung verlirt alles Zwingende; die drammische Be¬auch nichts anderes als Herr Schnitzler, der satirische Dramatiker,
1697 1922 2837 1989 der alle diese Literaturjämmerlichkeit dem Publikum enthüllt.
523 1940 1706 2005 rechtigung des heiligen Clemens ist mir nicht klar, auch was die
512 1975 1713 2059 junge Laura soll, verstehe ich nicht, und in romantisch=leere Vor¬
1766 1988 2885 2062 So schließt die Reihe dieser stofflich verschiedenen, innerlich
520 2029 1712 2105 stellungen löst sich das Stück vom Fluche des Künstlertums auf.
1698 2051 2896 2115 aber zusammenhängenden Werke mit einer fast grotesken Persi¬
608 2135 2872 2184 Von Arthur Schnitzler hat m##sagt: er habe zwei Spe=flage, mit einer geistreich grinsenden Grimasse: „Alles ist
527 2142 2916 2236 zialitäten: Biebelei und Sterbelei. anchmal vermischt er die eitel!“— Ein volles Lob gebührt Herrn Lewingers Regie, die 2
526 2227 2902 2281 die beiden, diesmal trennt er sie und wir haben zuerst in den den wechselnden Ton der drei Dramen charakteristisch traf und
520 2269 2924 2338 „letzten Masien“ Shnitzlers zweite Spezialität vor uns. Die reich an Feinheiten alle Art war. Im zweiten Stücke waren 2
526 2267 2905 2354 Szene ist im allgemeinen Krankenhaus. Ein verkommener Herr Froböse und Herr Wiene von menschlich ergreisender
533 2360 2925 2411 Journalist fuhlt seine letzte Stunde nahe. Verpfuscht erscheint! Wirkung, Herr Froböse sogar meisterhaft. Im letzten Stück weiß 6
517 2351 2906 2448 ihm sein Leben, und neidisch gedenkt er des Jugendfreundes, des ich nicht, wem die Palme gehührt: Fräulein Serda, die eine
532 2405 2935 2495 glücklichen Rivalen und berühmten Dichters Weihgast. Erk ehrgeizige Bohemienne im Augenblick, wo sie anständig werden ss
528 2475 2904 2541 möchte sich in letzter Stunde an ihm rächen. Er weiß ein Ge=will, so flott zeichnete, Herrn Franz, der den österreichischen
2871 2490 2926 2540 1
528 2483 2896 2590 heimnis, das den „Freund“ vernichten muß: daß er, der Ver=Kavalier fabelhaft echt spielte oder Herrn René, der litterarische
1718 2537 2865 2629 Charakterköpfe zu seinem Spezialstudium gemacht haben muß.
532 2559 1733 2629 achtete, einst die Frau seines Rivalen verführt und daß sie nur
2430 2578 2881 2657 Friedrich Kummer.,
991 2604 1724 2667 „letzte Maske“ soll fallen. Und der
526 2622 956 2684 ihn geliebt habe. D
527 2642 1732 2734 andere kommt in seichter Überlegenheit sitzt der gefeierte Poet
528 2692 1730 2758 am Krankenlager des sterbenden Mannes. Aber die letzte Maske
1896 2686 2964 2774 Kunst und Wissenschaft.
522 2741 1738 2811 fällt nicht. Die beiden sprechen liebenswürdig über ganz gleichgültige
2085 2754 2545 2823 Theater und Musik.
536 2795 1739 2846 Dinge. Der Sterbende erkennt, wie schwer der so glücklich
1782 2781 2965 2867 * Königliche Hoftheater. Heute Opernhaus (Anfang ½8 Uhr)P.
532 2816 1733 2882 scheinende berühmte Mann an Schicksalslasten zu tragen hat
522 2840 2973 2924 und wir es sich nicht lohni, ihm den tötlichen Stoß zu versetzen. Der Freischütz, Schauspielhaus (Anfang ½2 Uhr) VII. Volks=[S
539 2886 2963 2992 Das Schicksal wirds schon selber tun! Er braucht es sicher sichtlvorstellung: Die Brant von Messina. (Anfang ½8 Uhr)f uf
536 2963 2979 3031 zu tun, der morgen schon im Land des Todes sein wird. Be= Lumpacivagabundus, Zauberposse mit Gesang in drei Akten M¬
1720 2962 2985 3047 von Nestroy. Die Hauptrollen sind folgendermaßen besetzt: D#
534 3001 1726 3077 friedigt scheidet er mit dem Bewußtsein, daß der Ruhm, wie
534 3018 2982 3112 einst zu Petrarcas Zeit zu hoch mit dem Glück des Lebens! Leim — Herr Franz, Zwirn — Herr René, Knieriem — Herrs Ale¬
540 3068 2974 3164 erkauft werden muß. Das Drama ist ein wenig zu breit an= Gunz, Peppi — Fräulein Serda. Die Rollen der Laura undUl
536 3098 2983 3203 gelegt, und die Luft des Hosvitals wirkt doppelt beklemmend! Kamilla, die zum größeren Teil Gesangspartien sind, werden von B##
531 3137 2990 3256 nach Lauras und Petrarcas Liebe; is ist währlich kein reiner den Königlichen Hofopernsängerinnen Frau Irene Abendrothfko
1722 3201 2534 3285 und Fräulein Mira Abendroth dargestellt.
546 3226 1731 3294 Kunstgenuß, aber alle Einzelheiten sind schlicht und echt, die
1819 3210 2978 3309 * Wochenplan der Königlichen Hoftheater. Opernhaus. bi
533 3265 1734 3337 Charakteristik ist voller Leben und über dem Ganzen liegt ein
1728 3273 2929 3353 Sonntag den 29. März: Der Freischütz. (Anfang ½8 Uhr.) —
542 3311 1740 3388 Hauch von Wehmut und von Sronie. Die Schilderung von
1727 3318 2990 3400 Montag: Der fliegende Holländer. (Anfang ½8 Uhr.) — Diens=A
542 3360 1737 3418 armen, zuckenden Menschenherzen, vom Schimmer des Humors
2700 3367 2977 3423 Mittwoch li
536 3400 2718 3467 beleuchtet, ist höher zu stellen, als die bald verbleichende Prachtstag: Der Tronbedour. (Anfang ½8 Uhr.) —
540 3409 2981 3509 schön kostümierter historischer Personen, mag zehnmal auch die den 1. April: Hänsel und Gretel. Auf dem Maskenball. Ballett=m
532 3509 2994 3567 Wahrheit neben dem Pseudoidealischen eine schlechte Figur machen. Divertissement. (Anfang ½8 Uhr.) — Donnerstag: Tell. (An=ti
