<?xml version="1.0" encoding="UTF-8" standalone="yes"?>
<PcGts xmlns="http://schema.primaresearch.org/PAGE/gts/pagecontent/2013-07-15" xmlns:xsi="http://www.w3.org/2001/XMLSchema-instance" xsi:schemaLocation="http://schema.primaresearch.org/PAGE/gts/pagecontent/2013-07-15 http://schema.primaresearch.org/PAGE/gts/pagecontent/2013-07-15/pagecontent.xsd">
    <Metadata>
        <Creator>prov=University of Rostock/Institute of Mathematics/CITlab/Gundram Leifert/gundram.leifert@uni-rostock.de:name=ONB_Newseye_GT_M1+(htr_id=10810)::::v=2.4.2
prov=University of Rostock/Institute of Mathematics/CITlab/Tobias Gruening/tobias.gruening@uni-rostock.de:name=de.uros.citlab.module.baseline2polygon.B2PSeamMultiOriented:v=2.4.2
prov=University of Rostock/Institute of Mathematics/CITlab/Tobias Gruening/tobias.gruening@uni-rostock.de:name=/mnt/transkribus/LA/DEA/URO/LA_news_onb_att.pb:de.uros.citlab.segmentation.CITlab_LA_ML:v=2.4.2
Transkribus</Creator>
        <Created>2019-10-07T12:13:37.698+02:00</Created>
        <LastChange>2019-10-08T13:57:56.683+02:00</LastChange>
        <TranskribusMetadata docId="224046" pageId="9507258" pageNr="25" tsid="16583472" status="IN_PROGRESS" userId="40391" imgUrl="https://files.transkribus.eu/Get?id=SRDUTXLCZVRTEIBOVEZHBDLN&amp;fileType=view" xmlUrl="https://files.transkribus.eu/Get?id=FQGKCQQJGZIOWWLXNDOOOVZR" imageId="6196996"/>
    </Metadata>
    <Page imageFilename="224046_0025.jpeg" imageWidth="3344" imageHeight="4352">
        <ReadingOrder>
            <OrderedGroup id="ro_1711444362999" caption="Regions reading order">
                <RegionRefIndexed index="0" regionRef="r1"/>
                <RegionRefIndexed index="1" regionRef="r2"/>
                <RegionRefIndexed index="2" regionRef="r3"/>
            </OrderedGroup>
        </ReadingOrder>
        <TextRegion orientation="0.0" id="r1" custom="readingOrder {index:0;}">
            <Coords points="275,265 275,3757 1566,3757 1566,265"/>
            <TextLine id="r1l1" custom="readingOrder {index:0;}">
                <Coords points="786,292 815,298 841,293 858,293 856,254 845,255 838,248 822,248 814,241 813,243 804,239 800,239 792,249 783,249"/>
                <Baseline points="793,289 822,289 851,285"/>
                <TextEquiv>
                    <Unicode>2</Unicode>
                </TextEquiv>
            </TextLine>
            <TextLine id="r1l2" custom="readingOrder {index:1;}">
                <Coords points="1038,296 1057,298 1071,293 1086,298 1097,291 1107,297 1140,298 1152,291 1165,297 1166,255 1140,257 1123,254 1099,239 1057,241 1040,234"/>
                <Baseline points="1046,289 1074,289 1102,289 1130,290 1158,293"/>
                <TextEquiv>
                    <Unicode>Ma</Unicode>
                </TextEquiv>
            </TextLine>
            <TextLine id="r1l3" custom="readingOrder {index:2;}">
                <Coords points="1317,297 1335,298 1336,296 1352,295 1349,252 1334,254 1327,252 1321,247 1314,247"/>
                <Baseline points="1324,291 1344,290"/>
                <TextEquiv>
                    <Unicode>1</Unicode>
                </TextEquiv>
            </TextLine>
            <TextLine id="r1l4" custom="readingOrder {index:3;}">
                <Coords points="268,286 536,325 1374,313 640,297 456,230 362,279 269,229"/>
                <Baseline points="275,286 329,292 384,296 438,300 493,303 548,305 602,306 657,308 711,308 766,308 821,307 875,307 930,306 984,305 1039,305 1094,304 1148,304 1203,304 1257,305 1312,307 1367,308"/>
                <TextEquiv>
                    <Unicode>8. D16</Unicode>
                </TextEquiv>
            </TextLine>
            <TextLine id="r1l5" custom="readingOrder {index:4;}">
                <Coords points="1165,1100 1238,1113 1507,1104 1574,1084 1573,1052 1488,1022 1458,1036 1382,1024 1340,1045 1163,1052"/>
                <Baseline points="1171,1085 1197,1085 1223,1084 1250,1084 1276,1082 1302,1081 1329,1080 1355,1079 1381,1078 1408,1076 1434,1075 1460,1074 1487,1074 1513,1074 1539,1074 1566,1074"/>
                <TextEquiv>
                    <Unicode>Telephon 12801.</Unicode>
                </TextEquiv>
            </TextLine>
            <TextLine id="r1l6" custom="readingOrder {index:5;}">
                <Coords points="526,1317 1474,1288 1483,1204 1102,1268 1028,1215 880,1274 761,1271 684,1228 524,1237"/>
                <Baseline points="532,1290 579,1289 626,1288 673,1288 721,1287 768,1287 815,1286 862,1286 910,1285 957,1285 1004,1284 1051,1283 1099,1282 1146,1280 1193,1279 1240,1277 1288,1275 1335,1273 1382,1270 1429,1267 1477,1263"/>
                <TextEquiv>
                    <Unicode>Minn WEEe AN</Unicode>
                </TextEquiv>
            </TextLine>
            <TextLine id="r1l7" custom="readingOrder {index:6;}">
                <Coords points="402,1336 425,1330 432,1336 449,1330 472,1331 485,1318 496,1316 495,1292 486,1294 470,1286 448,1292 434,1291 423,1302 400,1301"/>
                <Baseline points="409,1323 435,1321 462,1319 489,1319"/>
                <TextEquiv>
                    <Unicode>—</Unicode>
                </TextEquiv>
            </TextLine>
            <TextLine id="r1l8" custom="readingOrder {index:7;}">
                <Coords points="415,1362 1569,1330 1522,1285 415,1349"/>
                <Baseline points="422,1363 479,1360 536,1359 593,1356 650,1355 707,1353 764,1351 821,1349 878,1347 935,1345 992,1344 1049,1341 1106,1340 1163,1338 1220,1336 1277,1334 1334,1332 1391,1330 1448,1328 1505,1325 1562,1323"/>
                <TextEquiv>
                    <Unicode>Ο l. österr. behördl. konz. Unternehmen für Zeitungs-Ausschnitte</Unicode>
                </TextEquiv>
            </TextLine>
            <TextLine id="r1l9" custom="readingOrder {index:8;}">
                <Coords points="421,1404 433,1403 440,1410 446,1407 449,1409 454,1407 465,1410 472,1409 469,1368 446,1369 442,1374 441,1372 436,1372 427,1376 419,1376"/>
                <Baseline points="428,1406 465,1404"/>
                <TextEquiv>
                    <Unicode>60</Unicode>
                </TextEquiv>
            </TextLine>
            <TextLine id="r1l10" custom="readingOrder {index:9;}">
                <Coords points="583,1426 861,1440 1468,1403 1466,1358 1411,1350 581,1377"/>
                <Baseline points="590,1428 633,1428 677,1428 720,1427 764,1426 807,1424 851,1423 894,1421 938,1420 981,1418 1025,1416 1069,1414 1112,1412 1156,1410 1199,1408 1243,1407 1286,1406 1330,1405 1373,1404 1417,1403 1461,1403"/>
                <TextEquiv>
                    <Unicode>Wien, I., Concordiaplatz 4.</Unicode>
                </TextEquiv>
            </TextLine>
            <TextLine id="r1l11" custom="readingOrder {index:10;}">
                <Coords points="804,1472 890,1499 975,1481 1177,1486 1222,1460 1248,1465 1248,1441 1161,1431 1111,1446 1001,1430 962,1450 932,1439 804,1449"/>
                <Baseline points="812,1475 837,1476 862,1477 887,1477 912,1477 938,1476 963,1476 988,1475 1013,1475 1039,1474 1064,1473 1089,1471 1114,1471 1140,1470 1165,1469 1190,1468 1215,1467 1241,1466"/>
                <TextEquiv>
                    <Unicode>Vertretungen</Unicode>
                </TextEquiv>
            </TextLine>
            <TextLine id="r1l12" custom="readingOrder {index:11;}">
                <Coords points="400,1490 413,1490 435,1508 445,1504 467,1505 477,1494 486,1501 495,1491 505,1491 502,1443 449,1445 428,1458 418,1458 411,1466 398,1462"/>
                <Baseline points="407,1485 437,1480 467,1478 498,1480"/>
                <TextEquiv>
                    <Unicode>—</Unicode>
                </TextEquiv>
            </TextLine>
            <TextLine id="r1l13" custom="readingOrder {index:12;}">
                <Coords points="456,1554 1509,1518 1570,1504 1569,1469 454,1505"/>
                <Baseline points="463,1541 518,1539 573,1538 628,1536 683,1534 738,1533 793,1531 848,1530 903,1528 958,1526 1013,1524 1068,1522 1123,1520 1178,1517 1233,1516 1288,1513 1343,1510 1398,1508 1453,1505 1508,1502 1563,1499"/>
                <TextEquiv>
                    <Unicode>D in Berlin, Budapest, Chicago, Christiania, Genf, Kopen¬</Unicode>
                </TextEquiv>
            </TextLine>
            <TextLine id="r1l14" custom="readingOrder {index:13;}">
                <Coords points="405,1594 1571,1554 1530,1512 1291,1514 404,1568"/>
                <Baseline points="413,1586 470,1583 528,1581 585,1579 643,1577 700,1574 758,1571 815,1570 873,1568 930,1565 988,1563 1045,1560 1103,1559 1160,1556 1218,1554 1275,1552 1333,1550 1390,1548 1448,1546 1505,1544 1563,1543"/>
                <TextEquiv>
                    <Unicode> hagen, London, Madrid, Mailand, Minneapolis, New-Vork,</Unicode>
                </TextEquiv>
            </TextLine>
            <TextLine id="r1l15" custom="readingOrder {index:14;}">
                <Coords points="412,1570 419,1569 430,1574 447,1576 456,1575 449,1515 435,1518 423,1531 415,1536 408,1537"/>
                <Baseline points="420,1572 448,1569"/>
                <TextEquiv>
                    <Unicode>4</Unicode>
                </TextEquiv>
            </TextLine>
            <TextLine id="r1l16" custom="readingOrder {index:15;}">
                <Coords points="511,1623 1542,1585 1438,1549 509,1592"/>
                <Baseline points="517,1619 567,1618 618,1616 669,1614 720,1613 771,1610 822,1608 873,1605 924,1603 975,1600 1026,1598 1076,1596 1127,1594 1178,1593 1229,1591 1280,1590 1331,1589 1382,1588 1433,1588 1484,1589 1535,1590"/>
                <TextEquiv>
                    <Unicode>Paris, Rom, San Francisco, Stockholm, St. Petersburg.</Unicode>
                </TextEquiv>
            </TextLine>
            <TextLine id="r1l17" custom="readingOrder {index:16;}">
                <Coords points="428,1623 438,1623 450,1633 453,1631 460,1634 471,1631 480,1633 493,1623 506,1624 506,1597 499,1597 493,1601 489,1598 483,1601 477,1595 428,1597"/>
                <Baseline points="435,1625 467,1623 499,1625"/>
                <TextEquiv>
                    <Unicode>0</Unicode>
                </TextEquiv>
            </TextLine>
            <TextLine id="r1l18" custom="readingOrder {index:17;}">
                <Coords points="834,1651 1011,1658 1033,1640 1119,1636 1206,1639 1245,1658 1254,1607 1012,1618 988,1602 833,1626"/>
                <Baseline points="841,1642 866,1641 891,1640 917,1639 942,1638 967,1637 993,1636 1018,1636 1044,1635 1069,1634 1094,1634 1120,1633 1145,1633 1170,1632 1196,1632 1221,1632 1247,1632"/>
                <TextEquiv>
                    <Unicode>(Quellenangabe ohne Gewahr.)</Unicode>
                </TextEquiv>
            </TextLine>
            <TextLine id="r1l19" custom="readingOrder {index:18;}">
                <Coords points="422,1746 1498,1696 1464,1651 1384,1679 1270,1642 908,1682 420,1664"/>
                <Baseline points="429,1732 482,1728 535,1724 588,1721 641,1718 694,1715 747,1714 800,1712 853,1711 906,1710 960,1709 1013,1708 1066,1708 1119,1707 1172,1706 1225,1705 1278,1704 1331,1703 1384,1701 1437,1699 1491,1697"/>
                <TextEquiv>
                    <Unicode>4 Ausschnitt aus: % #77 gOgraee.</Unicode>
                </TextEquiv>
            </TextLine>
            <TextLine id="r1l20" custom="readingOrder {index:19;}">
                <Coords points="749,1816 765,1816 773,1822 777,1819 785,1822 809,1815 820,1823 827,1823 827,1767 817,1768 806,1763 793,1774 788,1771 783,1774 775,1774 773,1771 749,1773"/>
                <Baseline points="756,1818 788,1818 820,1818"/>
                <TextEquiv>
                    <Unicode>7</Unicode>
                </TextEquiv>
            </TextLine>
            <TextLine id="r1l21" custom="readingOrder {index:20;}">
                <Coords points="409,1821 445,1844 534,1826 630,1829 651,1814 673,1823 728,1806 728,1767 610,1771 571,1792 550,1779 513,1794 486,1784 435,1795 409,1786"/>
                <Baseline points="417,1826 442,1824 467,1823 493,1822 518,1822 543,1822 569,1823 594,1823 619,1824 645,1824 670,1824 695,1824 721,1823"/>
                <TextEquiv>
                    <Unicode>E vom: 7“</Unicode>
                </TextEquiv>
            </TextLine>
            <TextLine id="r1l22" custom="readingOrder {index:21;}">
                <Coords points="799,1858 846,1856 856,1866 871,1859 882,1867 910,1852 1069,1852 1069,1813 1024,1815 1009,1805 968,1816 915,1778 841,1821 799,1815"/>
                <Baseline points="806,1834 831,1836 857,1837 882,1838 908,1839 934,1839 959,1840 985,1839 1010,1839 1036,1839 1062,1837"/>
                <TextEquiv>
                    <Unicode>—</Unicode>
                </TextEquiv>
            </TextLine>
            <TextLine id="r1l23" custom="readingOrder {index:22;}">
                <Coords points="1155,1964 1173,1960 1184,1965 1189,1960 1222,1975 1230,1984 1256,1980 1257,1923 1218,1932 1185,1927 1156,1928"/>
                <Baseline points="1163,1960 1191,1959 1220,1958 1249,1962"/>
                <TextEquiv>
                    <Unicode></Unicode>
                </TextEquiv>
            </TextLine>
            <TextLine id="r1l24" custom="readingOrder {index:23;}">
                <Coords points="713,1975 745,1977 768,1989 779,1987 792,1977 807,1980 813,1988 830,1983 833,1941 806,1948 784,1931 766,1941 753,1940 735,1949 715,1950"/>
                <Baseline points="721,1972 746,1971 772,1973 797,1976 823,1978"/>
                <TextEquiv>
                    <Unicode>Neil.</Unicode>
                </TextEquiv>
            </TextLine>
            <TextLine id="r1l25" custom="readingOrder {index:24;}">
                <Coords points="722,2061 1427,2077 1428,2038 1370,2017 724,2006"/>
                <Baseline points="730,2062 764,2060 799,2059 833,2058 868,2058 902,2058 937,2059 971,2060 1006,2062 1040,2063 1075,2065 1109,2067 1144,2068 1178,2071 1213,2072 1247,2074 1282,2076 1316,2077 1351,2077 1385,2077 1420,2077"/>
                <TextEquiv>
                    <Unicode>THREE ONE ACT PLAYS</Unicode>
                </TextEquiv>
            </TextLine>
            <TextLine id="r1l26" custom="readingOrder {index:25;}">
                <Coords points="824,2134 1185,2134 1217,2156 1364,2136 1474,2159 1477,2098 1410,2076 827,2072"/>
                <Baseline points="832,2110 863,2112 895,2113 927,2116 959,2117 991,2119 1022,2120 1054,2122 1086,2124 1118,2126 1150,2127 1181,2129 1213,2131 1245,2132 1277,2133 1309,2134 1340,2135 1372,2135 1404,2136 1436,2136 1468,2136"/>
                <TextEquiv>
                    <Unicode>IN GERMAN THEATRE</Unicode>
                </TextEquiv>
            </TextLine>
            <TextLine id="r1l27" custom="readingOrder {index:26;}">
                <Coords points="712,2206 821,2241 870,2221 1463,2254 1465,2209 1364,2193 1008,2196 966,2168 932,2191 714,2166"/>
                <Baseline points="719,2208 755,2210 792,2213 829,2216 866,2218 903,2220 940,2222 976,2224 1013,2226 1050,2227 1087,2229 1124,2230 1161,2231 1198,2232 1234,2233 1271,2235 1308,2236 1345,2237 1382,2239 1419,2240 1456,2242"/>
                <TextEquiv>
                    <Unicode>Works of Mr. Arthur Schnitzler, a</Unicode>
                </TextEquiv>
            </TextLine>
            <TextLine id="r1l28" custom="readingOrder {index:27;}">
                <Coords points="817,2296 1370,2319 1358,2275 820,2241"/>
                <Baseline points="825,2276 851,2278 878,2279 905,2280 932,2282 959,2284 986,2286 1013,2286 1040,2288 1067,2289 1094,2290 1120,2292 1147,2293 1174,2294 1201,2295 1228,2296 1255,2298 1282,2299 1309,2301 1336,2302 1363,2304"/>
                <TextEquiv>
                    <Unicode>Vienna Author, to Have 1</Unicode>
                </TextEquiv>
            </TextLine>
            <TextLine id="r1l29" custom="readingOrder {index:28;}">
                <Coords points="924,2363 992,2379 1027,2370 1051,2382 1070,2375 1080,2383 1114,2366 1171,2387 1212,2366 1232,2377 1234,2329 1215,2337 1155,2329 1136,2310 1118,2319 1091,2304 1049,2314 1025,2304 985,2321 964,2311 942,2323 926,2317"/>
                <Baseline points="932,2348 958,2349 985,2350 1012,2351 1038,2353 1065,2354 1092,2356 1119,2357 1145,2359 1172,2361 1199,2361 1226,2362"/>
                <TextEquiv>
                    <Unicode>Hearing Here.</Unicode>
                </TextEquiv>
            </TextLine>
            <TextLine id="r1l30" custom="readingOrder {index:29;}">
                <Coords points="754,2432 913,2410 1458,2449 1469,2382 881,2381 756,2352"/>
                <Baseline points="762,2413 796,2411 831,2409 866,2408 901,2407 936,2407 971,2408 1006,2409 1041,2409 1076,2411 1111,2413 1145,2415 1180,2416 1215,2419 1250,2421 1285,2423 1320,2424 1355,2426 1390,2428 1425,2428 1460,2429"/>
                <TextEquiv>
                    <Unicode>R. ARTHUR SCHNITZLER, a Vien¬</Unicode>
                </TextEquiv>
            </TextLine>
            <TextLine id="r1l31" custom="readingOrder {index:30;}">
                <Coords points="773,2457 1214,2459 1458,2490 1460,2441 774,2412"/>
                <Baseline points="780,2444 813,2444 847,2445 880,2445 914,2446 948,2447 981,2449 1015,2450 1048,2450 1082,2452 1116,2453 1149,2455 1183,2456 1216,2457 1250,2459 1284,2460 1317,2461 1351,2462 1384,2462 1418,2463 1452,2463"/>
                <TextEquiv>
                    <Unicode>nese plswriget, was pr##h#eally un¬</Unicode>
                </TextEquiv>
            </TextLine>
            <TextLine id="r1l32" custom="readingOrder {index:31;}">
                <Coords points="708,2483 1397,2511 1460,2503 1462,2460 1401,2479 843,2462 711,2413"/>
                <Baseline points="717,2464 753,2469 790,2472 827,2476 864,2480 901,2482 937,2484 974,2486 1011,2488 1048,2489 1085,2490 1121,2491 1158,2492 1195,2493 1232,2494 1269,2494 1305,2495 1342,2497 1379,2497 1416,2500 1453,2501"/>
                <TextEquiv>
                    <Unicode>1 Vknorn to nattive #beahre Aullenees</Unicode>
                </TextEquiv>
            </TextLine>
            <TextLine id="r1l33" custom="readingOrder {index:32;}">
                <Coords points="696,2529 1280,2554 1449,2531 1449,2501 697,2491"/>
                <Baseline points="704,2520 740,2521 777,2522 814,2523 851,2524 888,2525 925,2525 962,2526 999,2527 1036,2527 1073,2528 1109,2528 1146,2529 1183,2530 1220,2530 1257,2531 1294,2532 1331,2533 1368,2533 1405,2534 1442,2535"/>
                <TextEquiv>
                    <Unicode>undschis play The Reckoning“ Found per¬</Unicode>
                </TextEquiv>
            </TextLine>
            <TextLine id="r1l34" custom="readingOrder {index:33;}">
                <Coords points="706,2556 1382,2579 1452,2602 1473,2530 1362,2557 707,2530"/>
                <Baseline points="713,2558 750,2559 788,2560 825,2561 863,2562 900,2563 938,2564 975,2565 1013,2566 1050,2568 1088,2569 1126,2570 1163,2572 1201,2573 1238,2575 1276,2576 1313,2577 1351,2579 1388,2580 1426,2582 1464,2583"/>
                <TextEquiv>
                    <Unicode>formance last season. Now Dr. Mauricel.</Unicode>
                </TextEquiv>
            </TextLine>
            <TextLine id="r1l35" custom="readingOrder {index:34;}">
                <Coords points="699,2595 1416,2629 1453,2629 1454,2597 700,2555"/>
                <Baseline points="706,2594 743,2595 780,2596 817,2598 854,2599 891,2600 928,2601 965,2602 1002,2603 1039,2604 1076,2605 1113,2606 1150,2607 1187,2608 1224,2610 1261,2611 1298,2612 1335,2613 1372,2615 1409,2616 1446,2618"/>
                <TextEquiv>
                    <Unicode>Baumfeld, thie new director of the German</Unicode>
                </TextEquiv>
            </TextLine>
            <TextLine id="r1l36" custom="readingOrder {index:35;}">
                <Coords points="697,2631 1172,2661 1239,2642 1401,2669 1455,2654 1456,2625 698,2598"/>
                <Baseline points="705,2630 742,2632 779,2634 816,2635 853,2636 890,2637 927,2638 965,2639 1002,2640 1039,2642 1076,2642 1113,2643 1150,2644 1187,2646 1225,2647 1262,2648 1299,2649 1336,2651 1373,2653 1410,2654 1448,2657"/>
                <TextEquiv>
                    <Unicode>Theatre. hus decided to set forth this</Unicode>
                </TextEquiv>
            </TextLine>
            <TextLine id="r1l37" custom="readingOrder {index:36;}">
                <Coords points="702,2675 1445,2712 1457,2656 703,2634"/>
                <Baseline points="709,2669 747,2670 786,2671 825,2672 864,2673 903,2674 942,2675 981,2677 1020,2678 1059,2679 1097,2680 1136,2681 1175,2682 1214,2683 1253,2684 1292,2685 1331,2686 1370,2687 1409,2687 1448,2688"/>
                <TextEquiv>
                    <Unicode>dramatist’s powers and phases by produe¬</Unicode>
                </TextEquiv>
            </TextLine>
            <TextLine id="r1l38" custom="readingOrder {index:37;}">
                <Coords points="696,2716 1447,2738 1448,2705 1408,2695 698,2670"/>
                <Baseline points="703,2706 739,2706 776,2707 813,2707 850,2708 887,2709 924,2710 960,2711 997,2712 1034,2713 1071,2714 1108,2716 1145,2717 1182,2718 1218,2719 1255,2721 1292,2722 1329,2724 1366,2725 1403,2726 1440,2727"/>
                <TextEquiv>
                    <Unicode>ing at his playhouse on Tuesdag niglit a</Unicode>
                </TextEquiv>
            </TextLine>
            <TextLine id="r1l39" custom="readingOrder {index:38;}">
                <Coords points="689,2754 1438,2784 1440,2735 1404,2727 691,2711"/>
                <Baseline points="697,2744 733,2745 770,2745 807,2746 844,2747 880,2747 917,2748 954,2749 991,2750 1027,2751 1064,2752 1101,2753 1138,2755 1174,2756 1211,2757 1248,2759 1285,2760 1321,2761 1358,2763 1395,2764 1432,2765"/>
                <TextEquiv>
                    <Unicode>triple lbil! devoted entürely to Alr Schnitz¬</Unicode>
                </TextEquiv>
            </TextLine>
            <TextLine id="r1l40" custom="readingOrder {index:39;}">
                <Coords points="697,2794 726,2803 744,2790 775,2791 789,2781 831,2797 868,2789 880,2801 899,2797 920,2808 930,2806 931,2768 886,2756 872,2762 831,2754 808,2761 774,2761 764,2753 742,2762 725,2753 697,2758"/>
                <Baseline points="704,2779 731,2780 759,2781 786,2781 814,2781 841,2781 869,2781 896,2782 924,2783"/>
                <TextEquiv>
                    <Unicode>ler’s plays.</Unicode>
                </TextEquiv>
            </TextLine>
            <TextLine id="r1l41" custom="readingOrder {index:40;}">
                <Coords points="726,2832 1451,2847 1451,2817 1286,2794 1150,2811 1077,2782 727,2792"/>
                <Baseline points="734,2813 769,2817 805,2820 840,2822 876,2823 911,2824 947,2825 982,2826 1018,2826 1053,2826 1089,2827 1124,2827 1160,2827 1195,2827 1231,2828 1266,2829 1302,2831 1337,2832 1373,2834 1408,2837 1444,2840"/>
                <TextEquiv>
                    <Unicode>Tlie most Important of the trio is At</Unicode>
                </TextEquiv>
            </TextLine>
            <TextLine id="r1l42" custom="readingOrder {index:41;}">
                <Coords points="691,2874 944,2859 1458,2884 1431,2840 693,2819"/>
                <Baseline points="699,2856 736,2856 774,2857 811,2858 849,2859 887,2860 924,2861 962,2862 999,2863 1037,2864 1075,2865 1112,2866 1150,2867 1187,2868 1225,2870 1263,2871 1300,2872 1338,2874 1375,2875 1413,2877 1451,2878"/>
                <TextEquiv>
                    <Unicode>che Sign of the Green Parrot,“hich</Unicode>
                </TextEquiv>
            </TextLine>
            <TextLine id="r1l43" custom="readingOrder {index:42;}">
                <Coords points="683,2882 793,2913 845,2890 1300,2926 1440,2919 1441,2895 683,2865"/>
                <Baseline points="689,2892 726,2893 763,2894 800,2894 837,2896 875,2897 912,2898 949,2899 986,2900 1023,2901 1061,2902 1098,2903 1135,2904 1172,2905 1209,2907 1247,2908 1284,2909 1321,2909 1358,2910 1395,2911 1433,2912"/>
                <TextEquiv>
                    <Unicode>one act work is consldered bg some to bei</Unicode>
                </TextEquiv>
            </TextLine>
            <TextLine id="r1l44" custom="readingOrder {index:43;}">
                <Coords points="686,2928 1437,2961 1438,2915 687,2912"/>
                <Baseline points="694,2927 730,2929 767,2930 804,2932 841,2934 878,2935 914,2936 951,2937 988,2938 1025,2938 1062,2939 1098,2940 1135,2941 1172,2941 1209,2942 1246,2943 1282,2944 1319,2945 1356,2947 1393,2949 1430,2950"/>
                <TextEquiv>
                    <Unicode>the author’s masterpiece, I: plays during</Unicode>
                </TextEquiv>
            </TextLine>
            <TextLine id="r1l45" custom="readingOrder {index:44;}">
                <Coords points="685,2964 1431,3005 1411,2958 686,2928"/>
                <Baseline points="692,2965 728,2967 765,2968 801,2968 838,2970 875,2971 911,2972 948,2973 985,2974 1021,2975 1058,2976 1095,2977 1131,2978 1168,2979 1205,2980 1241,2980 1278,2981 1315,2982 1351,2983 1388,2983 1425,2984"/>
                <TextEquiv>
                    <Unicode>the temp#stuous days of the Frencl. Rero¬</Unicode>
                </TextEquiv>
            </TextLine>
            <TextLine id="r1l46" custom="readingOrder {index:45;}">
                <Coords points="689,3017 1433,3049 1434,3001 1354,2991 690,2976"/>
                <Baseline points="696,3003 732,3004 769,3005 805,3007 842,3008 878,3010 915,3011 951,3012 988,3014 1024,3015 1061,3016 1098,3017 1134,3018 1171,3019 1207,3019 1244,3019 1280,3019 1317,3019 1353,3019 1390,3018 1427,3017"/>
                <TextEquiv>
                    <Unicode>lution and is scene is lald in d cabate“,</Unicode>
                </TextEquiv>
            </TextLine>
            <TextLine id="r1l47" custom="readingOrder {index:46;}">
                <Coords points="692,3077 1304,3084 1438,3063 1406,3034 939,3046 692,3018"/>
                <Baseline points="699,3063 735,3064 772,3065 808,3066 845,3067 882,3068 918,3068 955,3068 991,3068 1028,3068 1065,3068 1101,3067 1138,3067 1174,3067 1211,3066 1248,3066 1284,3065 1321,3064 1357,3064 1394,3063 1431,3063"/>
                <TextEquiv>
                    <Unicode>where the under world rubs elbows with</Unicode>
                </TextEquiv>
            </TextLine>
            <TextLine id="r1l48" custom="readingOrder {index:47;}">
                <Coords points="696,3131 845,3104 1345,3115 1460,3078 696,3079"/>
                <Baseline points="703,3104 740,3103 778,3103 815,3103 853,3103 890,3103 928,3103 965,3104 1003,3105 1040,3105 1078,3105 1115,3106 1153,3106 1190,3106 1228,3106 1265,3106 1303,3105 1340,3105 1378,3103 1415,3102 1453,3100"/>
                <TextEquiv>
                    <Unicode>doomed aristocracy. Stress has been placed</Unicode>
                </TextEquiv>
            </TextLine>
            <TextLine id="r1l49" custom="readingOrder {index:48;}">
                <Coords points="712,3148 1456,3148 1456,3116 1407,3106 712,3110"/>
                <Baseline points="719,3142 755,3142 792,3142 828,3142 865,3142 901,3142 938,3142 974,3141 1011,3141 1047,3141 1084,3141 1120,3141 1157,3141 1193,3141 1230,3141 1266,3141 1303,3141 1339,3141 1376,3142 1412,3142 1449,3142"/>
                <TextEquiv>
                    <Unicode>upon the fact that the costüming of inis</Unicode>
                </TextEquiv>
            </TextLine>
            <TextLine id="r1l50" custom="readingOrder {index:49;}">
                <Coords points="706,3185 1363,3190 1452,3185 1452,3153 705,3159"/>
                <Baseline points="713,3182 749,3181 786,3179 822,3179 859,3178 896,3178 932,3178 969,3178 1005,3178 1042,3178 1079,3178 1115,3178 1152,3179 1188,3179 1225,3178 1262,3178 1298,3177 1335,3176 1371,3175 1408,3174 1445,3171"/>
                <TextEquiv>
                    <Unicode>play has been designed withhistorical ae¬</Unicode>
                </TextEquiv>
            </TextLine>
            <TextLine id="r1l51" custom="readingOrder {index:50;}">
                <Coords points="713,3231 836,3211 1441,3232 1451,3180 713,3189"/>
                <Baseline points="720,3214 756,3214 792,3214 828,3214 864,3214 901,3214 937,3214 973,3214 1009,3214 1045,3214 1082,3214 1118,3214 1154,3214 1190,3213 1226,3213 1263,3213 1299,3212 1335,3212 1371,3211 1407,3210 1444,3210"/>
                <TextEquiv>
                    <Unicode>curacy by Professor Loeffler, who planned</Unicode>
                </TextEquiv>
            </TextLine>
            <TextLine id="r1l52" custom="readingOrder {index:51;}">
                <Coords points="695,3260 1448,3259 1448,3232 1353,3216 772,3230 696,3199"/>
                <Baseline points="703,3249 739,3249 776,3250 813,3250 850,3251 887,3251 924,3252 961,3252 998,3252 1035,3252 1072,3252 1108,3252 1145,3252 1182,3252 1219,3252 1256,3252 1293,3252 1330,3252 1367,3252 1404,3252 1441,3252"/>
                <TextEquiv>
                    <Unicode>the costumes for the Metropolitan Opera</Unicode>
                </TextEquiv>
            </TextLine>
            <TextLine id="r1l53" custom="readingOrder {index:52;}">
                <Coords points="700,3280 909,3306 1282,3290 1282,3274 1190,3255 1157,3269 1108,3254 700,3258"/>
                <Baseline points="707,3284 735,3286 763,3286 792,3288 820,3289 849,3289 877,3289 905,3289 934,3289 962,3289 991,3288 1019,3288 1047,3287 1076,3287 1104,3286 1133,3286 1161,3286 1189,3287 1218,3287 1246,3288 1275,3289"/>
                <TextEquiv>
                    <Unicode>House production of“ Parsifal.“</Unicode>
                </TextEquiv>
            </TextLine>
            <TextLine id="r1l54" custom="readingOrder {index:53;}">
                <Coords points="721,3332 1441,3326 1441,3300 1386,3291 1164,3308 722,3290"/>
                <Baseline points="729,3320 764,3321 799,3322 834,3324 869,3325 905,3326 940,3326 975,3326 1010,3327 1045,3327 1081,3327 1116,3327 1151,3327 1186,3327 1221,3326 1257,3326 1292,3326 1327,3325 1362,3325 1397,3324 1433,3324"/>
                <TextEquiv>
                    <Unicode>Literature“ and“The Last Masks“ arei</Unicode>
                </TextEquiv>
            </TextLine>
            <TextLine id="r1l55" custom="readingOrder {index:54;}">
                <Coords points="691,3365 1155,3384 1383,3362 1439,3387 1426,3325 887,3344 691,3314"/>
                <Baseline points="698,3363 734,3363 771,3364 807,3364 844,3364 881,3365 917,3365 954,3365 991,3366 1027,3366 1064,3366 1101,3366 1137,3366 1174,3365 1211,3365 1247,3364 1284,3364 1321,3363 1357,3362 1394,3361 1431,3359"/>
                <TextEquiv>
                    <Unicode>ithe titles of the two remalning plays of</Unicode>
                </TextEquiv>
            </TextLine>
            <TextLine id="r1l56" custom="readingOrder {index:55;}">
                <Coords points="692,3399 781,3420 1343,3413 1450,3380 691,3367"/>
                <Baseline points="699,3402 736,3402 773,3403 810,3403 847,3403 885,3403 922,3404 959,3404 996,3404 1033,3404 1071,3403 1108,3403 1145,3403 1182,3402 1219,3401 1257,3400 1294,3399 1331,3398 1368,3397 1405,3396 1443,3393"/>
                <TextEquiv>
                    <Unicode>this bill. willch will be repeated on Thurs¬</Unicode>
                </TextEquiv>
            </TextLine>
            <TextLine id="r1l57" custom="readingOrder {index:56;}">
                <Coords points="694,3455 1282,3455 1448,3427 1447,3395 1324,3419 782,3421 694,3400"/>
                <Baseline points="701,3439 739,3439 778,3439 817,3439 856,3439 895,3439 934,3440 973,3440 1012,3440 1051,3440 1089,3440 1128,3440 1167,3439 1206,3439 1245,3439 1284,3438 1323,3437 1362,3437 1401,3435 1440,3434"/>
                <TextEquiv>
                    <Unicode>day and Friday evenings. The principals</Unicode>
                </TextEquiv>
            </TextLine>
            <TextLine id="r1l58" custom="readingOrder {index:57;}">
                <Coords points="703,3488 1426,3489 1444,3425 1276,3456 703,3455"/>
                <Baseline points="710,3478 746,3478 782,3477 819,3477 855,3477 891,3477 928,3477 964,3477 1000,3477 1037,3477 1073,3478 1109,3478 1146,3478 1182,3478 1218,3478 1255,3477 1291,3477 1327,3477 1364,3476 1400,3476 1437,3475"/>
                <TextEquiv>
                    <Unicode>of this estimable company will be distrib¬</Unicode>
                </TextEquiv>
            </TextLine>
            <TextLine id="r1l59" custom="readingOrder {index:58;}">
                <Coords points="694,3529 1222,3520 1222,3495 1177,3481 1129,3496 952,3480 851,3496 694,3475"/>
                <Baseline points="701,3514 726,3515 752,3515 778,3516 803,3516 829,3516 855,3516 880,3516 906,3516 932,3516 958,3516 983,3516 1009,3515 1035,3515 1060,3515 1086,3514 1112,3514 1137,3513 1163,3513 1189,3513 1215,3512"/>
                <TextEquiv>
                    <Unicode>juted through the three casts.</Unicode>
                </TextEquiv>
            </TextLine>
            <TextLine id="r1l60" custom="readingOrder {index:59;}">
                <Coords points="728,3572 1089,3570 1191,3544 1254,3570 1344,3543 1450,3567 1450,3517 728,3531"/>
                <Baseline points="735,3550 770,3551 805,3551 841,3552 876,3552 912,3552 947,3552 982,3552 1018,3552 1053,3552 1089,3552 1124,3552 1159,3551 1195,3551 1230,3551 1266,3550 1301,3550 1336,3550 1372,3549 1407,3549 1443,3548"/>
                <TextEquiv>
                    <Unicode>At this theatre Ibsen's Ghosts“ will</Unicode>
                </TextEquiv>
            </TextLine>
            <TextLine id="r1l61" custom="readingOrder {index:60;}">
                <Coords points="697,3599 1329,3608 1459,3586 1459,3567 1345,3543 1274,3566 696,3551"/>
                <Baseline points="704,3587 741,3589 778,3590 816,3591 853,3591 891,3592 928,3592 965,3592 1003,3592 1040,3592 1078,3592 1115,3591 1152,3591 1190,3591 1227,3590 1265,3590 1302,3590 1339,3589 1377,3589 1414,3589 1452,3589"/>
                <TextEquiv>
                    <Unicode>be repeatel to-morrow night, walle oni</Unicode>
                </TextEquiv>
            </TextLine>
            <TextLine id="r1l62" custom="readingOrder {index:61;}">
                <Coords points="679,3642 1328,3621 1399,3641 1455,3630 1455,3587 1203,3608 679,3589"/>
                <Baseline points="687,3625 725,3627 763,3629 801,3630 839,3630 877,3631 915,3631 953,3631 991,3631 1029,3631 1067,3630 1105,3630 1143,3629 1181,3629 1219,3628 1257,3628 1295,3627 1333,3627 1371,3626 1409,3626 1447,3626"/>
                <TextEquiv>
                    <Unicode>Wednesdng andl Saturdag evenings The</Unicode>
                </TextEquiv>
            </TextLine>
            <TextLine id="r1l63" custom="readingOrder {index:62;}">
                <Coords points="696,3678 957,3687 1039,3661 1247,3688 1300,3664 1348,3690 1449,3665 1435,3629 1312,3653 1278,3633 696,3645"/>
                <Baseline points="703,3664 739,3665 776,3666 813,3666 850,3667 887,3668 924,3668 961,3668 998,3668 1035,3668 1072,3668 1108,3667 1145,3667 1182,3666 1219,3666 1256,3665 1293,3665 1330,3664 1367,3664 1404,3663 1441,3663"/>
                <TextEquiv>
                    <Unicode>Great Communitg“ will be seen again.</Unicode>
                </TextEquiv>
            </TextLine>
            <TextLine id="r1l64" custom="readingOrder {index:63;}">
                <Coords points="713,3708 1427,3720 1467,3701 1467,3666 713,3680"/>
                <Baseline points="721,3701 759,3702 798,3703 837,3704 876,3704 915,3704 954,3705 993,3705 1032,3705 1071,3705 1109,3705 1148,3704 1187,3704 1226,3703 1265,3703 1304,3702 1343,3702 1382,3701 1421,3701 1460,3700"/>
                <TextEquiv>
                    <Unicode>:The Glamour of the Stage“ is #to be per¬</Unicode>
                </TextEquiv>
            </TextLine>
            <TextLine id="r1l65" custom="readingOrder {index:64;}">
                <Coords points="688,3764 842,3749 884,3765 953,3740 1296,3758 1296,3718 833,3725 688,3707"/>
                <Baseline points="695,3746 724,3746 754,3746 784,3746 813,3746 843,3746 873,3747 902,3747 932,3747 962,3747 992,3747 1021,3747 1051,3747 1081,3747 1110,3746 1140,3746 1170,3745 1199,3745 1229,3744 1259,3742 1289,3741"/>
                <TextEquiv>
                    <Unicode>formed at the Situnlay matinee.</Unicode>
                </TextEquiv>
            </TextLine>
            <TextEquiv>
                <Unicode>2
Ma
1
8. D16
Telephon 12801.
Minn WEEe AN
—
Ο l. österr. behördl. konz. Unternehmen für Zeitungs-Ausschnitte
60
Wien, I., Concordiaplatz 4.
Vertretungen
—
D in Berlin, Budapest, Chicago, Christiania, Genf, Kopen¬
 hagen, London, Madrid, Mailand, Minneapolis, New-Vork,
4
Paris, Rom, San Francisco, Stockholm, St. Petersburg.
0
(Quellenangabe ohne Gewahr.)
4 Ausschnitt aus: % #77 gOgraee.
7
E vom: 7“
—

Neil.
THREE ONE ACT PLAYS
IN GERMAN THEATRE
Works of Mr. Arthur Schnitzler, a
Vienna Author, to Have 1
Hearing Here.
R. ARTHUR SCHNITZLER, a Vien¬
nese plswriget, was pr##h#eally un¬
1 Vknorn to nattive #beahre Aullenees
undschis play The Reckoning“ Found per¬
formance last season. Now Dr. Mauricel.
Baumfeld, thie new director of the German
Theatre. hus decided to set forth this
dramatist’s powers and phases by produe¬
ing at his playhouse on Tuesdag niglit a
triple lbil! devoted entürely to Alr Schnitz¬
ler’s plays.
Tlie most Important of the trio is At
che Sign of the Green Parrot,“hich
one act work is consldered bg some to bei
the author’s masterpiece, I: plays during
the temp#stuous days of the Frencl. Rero¬
lution and is scene is lald in d cabate“,
where the under world rubs elbows with
doomed aristocracy. Stress has been placed
upon the fact that the costüming of inis
play has been designed withhistorical ae¬
curacy by Professor Loeffler, who planned
the costumes for the Metropolitan Opera
House production of“ Parsifal.“
Literature“ and“The Last Masks“ arei
ithe titles of the two remalning plays of
this bill. willch will be repeated on Thurs¬
day and Friday evenings. The principals
of this estimable company will be distrib¬
juted through the three casts.
At this theatre Ibsen's Ghosts“ will
be repeatel to-morrow night, walle oni
Wednesdng andl Saturdag evenings The
Great Communitg“ will be seen again.
:The Glamour of the Stage“ is #to be per¬
formed at the Situnlay matinee.</Unicode>
            </TextEquiv>
        </TextRegion>
        <TextRegion orientation="0.0" id="r2" custom="readingOrder {index:1;}">
            <Coords points="1528,185 1528,341 1960,341 1960,185"/>
            <TextLine id="r2l1" custom="readingOrder {index:0;}">
                <Coords points="1520,297 1549,291 1607,316 1696,314 1725,289 1758,307 1843,301 1891,315 1967,298 1967,243 1910,227 1829,228 1802,248 1777,236 1721,255 1583,225 1521,252"/>
                <Baseline points="1528,289 1553,288 1578,287 1604,287 1629,287 1655,287 1680,288 1705,289 1731,290 1756,290 1782,290 1807,291 1832,291 1858,291 1883,291 1909,289 1934,288 1960,285"/>
                <TextEquiv>
                    <Unicode>box 34/7</Unicode>
                </TextEquiv>
            </TextLine>
            <TextEquiv>
                <Unicode>box 34/7</Unicode>
            </TextEquiv>
        </TextRegion>
        <TextRegion orientation="0.0" id="r3" custom="readingOrder {index:2;}">
            <Coords points="1838,1207 1838,3813 3015,3813 3015,1207"/>
            <TextLine id="r3l1" custom="readingOrder {index:0;}">
                <Coords points="2642,1252 3020,1268 3022,1210 2970,1189 2943,1208 2896,1190 2872,1208 2834,1192 2817,1201 2801,1184 2752,1183 2718,1199 2700,1184 2646,1184"/>
                <Baseline points="2651,1228 2676,1229 2702,1230 2728,1232 2754,1233 2780,1234 2806,1236 2832,1237 2857,1239 2883,1240 2909,1241 2935,1242 2961,1242 2987,1243 3013,1244"/>
                <TextEquiv>
                    <Unicode>Telephon 12801.</Unicode>
                </TextEquiv>
            </TextLine>
            <TextLine id="r3l2" custom="readingOrder {index:1;}">
                <Coords points="1878,1303 1896,1299 1903,1306 1914,1304 1931,1307 1937,1302 1944,1307 1953,1307 1955,1248 1942,1249 1937,1243 1917,1243 1887,1269 1880,1269"/>
                <Baseline points="1886,1299 1916,1300 1946,1301"/>
                <TextEquiv>
                    <Unicode>8</Unicode>
                </TextEquiv>
            </TextLine>
            <TextLine id="r3l3" custom="readingOrder {index:2;}">
                <Coords points="1875,1369 1894,1371 1897,1374 1900,1370 1921,1368 1917,1304 1898,1308 1886,1317 1880,1313 1871,1313"/>
                <Baseline points="1882,1364 1914,1362"/>
                <TextEquiv>
                    <Unicode></Unicode>
                </TextEquiv>
            </TextLine>
            <TextLine id="r3l4" custom="readingOrder {index:3;}">
                <Coords points="1890,1411 3011,1455 3014,1385 2664,1358 2592,1413 2467,1341 2352,1394 2051,1317 1891,1369"/>
                <Baseline points="1898,1384 1953,1385 2008,1386 2064,1388 2119,1391 2175,1395 2230,1398 2285,1402 2341,1406 2396,1410 2452,1414 2507,1417 2562,1420 2618,1423 2673,1425 2729,1426 2784,1426 2839,1425 2895,1422 2950,1418 3006,1413"/>
                <TextEquiv>
                    <Unicode>P Minsn Brte Keennnn</Unicode>
                </TextEquiv>
            </TextLine>
            <TextLine id="r3l5" custom="readingOrder {index:4;}">
                <Coords points="1872,1436 2103,1476 3021,1503 2991,1450 1873,1415"/>
                <Baseline points="1878,1439 1934,1443 1991,1446 2048,1449 2105,1452 2162,1455 2219,1458 2275,1461 2332,1464 2389,1467 2446,1469 2503,1472 2560,1475 2617,1477 2673,1480 2730,1483 2787,1485 2844,1487 2901,1490 2958,1492 3015,1494"/>
                <TextEquiv>
                    <Unicode>O l. österr. behördl. konz. Unternehmen für Zeitungs-Ausschnitte</Unicode>
                </TextEquiv>
            </TextLine>
            <TextLine id="r3l6" custom="readingOrder {index:5;}">
                <Coords points="1867,1517 1878,1515 1888,1519 1892,1523 1895,1521 1900,1525 1914,1523 1909,1483 1902,1484 1899,1487 1890,1484 1887,1489 1884,1489 1877,1496 1864,1497"/>
                <Baseline points="1874,1516 1905,1512"/>
                <TextEquiv>
                    <Unicode>d</Unicode>
                </TextEquiv>
            </TextLine>
            <TextLine id="r3l7" custom="readingOrder {index:6;}">
                <Coords points="2033,1537 2789,1588 2919,1567 2920,1537 2861,1509 2466,1510 2036,1468"/>
                <Baseline points="2041,1518 2084,1521 2128,1525 2171,1527 2215,1530 2258,1533 2302,1536 2345,1538 2389,1540 2432,1542 2476,1544 2519,1546 2563,1548 2606,1550 2650,1552 2693,1554 2737,1557 2780,1559 2824,1562 2867,1565 2911,1568"/>
                <TextEquiv>
                    <Unicode>Wien, I., Concordiaplatz 4.</Unicode>
                </TextEquiv>
            </TextLine>
            <TextLine id="r3l8" custom="readingOrder {index:7;}">
                <Coords points="1857,1564 1866,1565 1878,1575 1907,1572 1915,1577 1931,1564 1952,1564 1954,1538 1947,1538 1932,1527 1923,1529 1919,1524 1898,1524 1881,1537 1870,1541 1859,1540"/>
                <Baseline points="1865,1560 1891,1559 1918,1561 1945,1566"/>
                <TextEquiv>
                    <Unicode>—</Unicode>
                </TextEquiv>
            </TextLine>
            <TextLine id="r3l9" custom="readingOrder {index:8;}">
                <Coords points="2257,1594 2338,1616 2398,1604 2687,1627 2690,1587 2558,1565 2517,1576 2462,1556 2428,1576 2391,1553 2376,1565 2259,1562"/>
                <Baseline points="2265,1588 2291,1590 2317,1592 2343,1593 2369,1596 2395,1597 2421,1599 2447,1600 2473,1602 2499,1605 2525,1606 2551,1608 2577,1609 2603,1610 2629,1612 2655,1613 2681,1614"/>
                <TextEquiv>
                    <Unicode>Vertretungen</Unicode>
                </TextEquiv>
            </TextLine>
            <TextLine id="r3l10" custom="readingOrder {index:9;}">
                <Coords points="1887,1630 2976,1690 3000,1655 1889,1584"/>
                <Baseline points="1894,1623 1948,1626 2003,1629 2058,1632 2113,1635 2168,1638 2223,1641 2277,1644 2332,1646 2387,1649 2442,1652 2497,1654 2552,1657 2607,1660 2661,1662 2716,1664 2771,1666 2826,1668 2881,1670 2936,1673 2991,1674"/>
                <TextEquiv>
                    <Unicode>0 in Berlin, Budapest, Chicago, Christiania, Genf, Kopen¬</Unicode>
                </TextEquiv>
            </TextLine>
            <TextLine id="r3l11" custom="readingOrder {index:10;}">
                <Coords points="1849,1677 2966,1729 3017,1691 1850,1640"/>
                <Baseline points="1856,1670 1913,1670 1971,1670 2028,1671 2086,1673 2144,1675 2201,1676 2259,1679 2316,1682 2374,1684 2432,1687 2489,1690 2547,1693 2604,1697 2662,1699 2720,1702 2777,1705 2835,1708 2892,1710 2950,1712 3008,1714"/>
                <TextEquiv>
                    <Unicode>E hagen, London, Madrid. Mailand, Minneapolis, New-Vork,</Unicode>
                </TextEquiv>
            </TextLine>
            <TextLine id="r3l12" custom="readingOrder {index:11;}">
                <Coords points="1958,1713 2909,1769 2973,1727 1959,1683"/>
                <Baseline points="1966,1703 2015,1707 2065,1710 2115,1713 2165,1716 2215,1718 2265,1721 2315,1723 2365,1725 2415,1727 2465,1730 2514,1732 2564,1733 2614,1736 2664,1738 2714,1740 2764,1743 2814,1745 2864,1748 2914,1751 2964,1754"/>
                <TextEquiv>
                    <Unicode>Paris, Rom. San Francisco, Stockholm, St. Petersburg.</Unicode>
                </TextEquiv>
            </TextLine>
            <TextLine id="r3l13" custom="readingOrder {index:12;}">
                <Coords points="2165,1758 3002,1848 3016,1781 2170,1711"/>
                <Baseline points="2174,1744 2215,1749 2256,1753 2298,1757 2339,1761 2381,1766 2422,1769 2464,1773 2505,1778 2547,1782 2588,1785 2629,1790 2671,1794 2712,1799 2754,1803 2795,1808 2837,1813 2878,1818 2920,1824 2961,1830 3003,1836"/>
                <TextEquiv>
                    <Unicode>1ne Sew Port unstald, Non Tonl</Unicode>
                </TextEquiv>
            </TextLine>
            <TextLine id="r3l14" custom="readingOrder {index:13;}">
                <Coords points="1850,1809 2870,1888 2803,1828 2425,1812 2355,1779 1852,1788"/>
                <Baseline points="1856,1811 1906,1809 1956,1808 2006,1809 2057,1810 2107,1812 2157,1815 2208,1820 2258,1824 2308,1829 2359,1834 2409,1840 2459,1846 2509,1853 2560,1859 2610,1865 2660,1871 2711,1877 2761,1882 2811,1887 2862,1891"/>
                <TextEquiv>
                    <Unicode>6 Ausschnitt aus (New York Edition)</Unicode>
                </TextEquiv>
            </TextLine>
            <TextLine id="r3l15" custom="readingOrder {index:14;}">
                <Coords points="1853,1861 1862,1866 1874,1864 1886,1869 1904,1866 1911,1870 1926,1842 1915,1837 1911,1828 1907,1826 1904,1828 1898,1826 1884,1828 1873,1822"/>
                <Baseline points="1871,1842 1908,1860"/>
                <TextEquiv>
                    <Unicode>23</Unicode>
                </TextEquiv>
            </TextLine>
            <TextLine id="r3l16" custom="readingOrder {index:15;}">
                <Coords points="1841,1925 1910,1911 2047,1924 2084,1908 2130,1924 2201,1908 2273,1919 2341,1899 2341,1864 2299,1848 2255,1862 2072,1848 2010,1884 1841,1863"/>
                <Baseline points="1848,1903 1873,1906 1899,1908 1924,1910 1950,1911 1975,1912 2001,1912 2027,1912 2052,1912 2078,1912 2103,1911 2129,1911 2154,1910 2180,1909 2206,1909 2231,1909 2257,1909 2282,1909 2308,1910 2334,1911"/>
                <TextEquiv>
                    <Unicode>E vom: 7.0K 150:</Unicode>
                </TextEquiv>
            </TextLine>
            <TextLine id="r3l17" custom="readingOrder {index:16;}">
                <Coords points="1898,2101 2053,2081 2614,2099 2598,2058 2515,2036 2321,2050 2131,2016 1901,2024"/>
                <Baseline points="1906,2077 1941,2075 1976,2073 2011,2073 2046,2073 2081,2073 2116,2074 2151,2076 2186,2077 2221,2080 2256,2082 2291,2084 2326,2086 2361,2089 2396,2090 2431,2092 2466,2094 2501,2094 2536,2095 2571,2095 2606,2094"/>
                <TextEquiv>
                    <Unicode>TIKEE ONE ACT PLAYS</Unicode>
                </TextEquiv>
            </TextLine>
            <TextLine id="r3l18" custom="readingOrder {index:17;}">
                <Coords points="2033,2144 2322,2147 2438,2170 2580,2154 2614,2172 2653,2168 2657,2099 2592,2116 2035,2083"/>
                <Baseline points="2040,2129 2070,2130 2100,2131 2130,2132 2161,2135 2191,2136 2221,2137 2252,2139 2282,2140 2312,2141 2343,2143 2373,2145 2403,2146 2433,2148 2464,2149 2494,2150 2524,2152 2555,2154 2585,2154 2615,2156 2646,2157"/>
                <TextEquiv>
                    <Unicode>IN GERMAN THEATRE</Unicode>
                </TextEquiv>
            </TextLine>
            <TextLine id="r3l19" custom="readingOrder {index:18;}">
                <Coords points="1902,2243 2368,2240 2650,2278 2652,2233 2581,2216 2212,2206 2160,2176 1905,2183"/>
                <Baseline points="1910,2223 1946,2227 1983,2230 2020,2232 2056,2235 2093,2237 2130,2239 2166,2240 2203,2243 2240,2244 2277,2246 2313,2247 2350,2249 2387,2250 2423,2251 2460,2252 2497,2254 2533,2255 2570,2257 2607,2259 2644,2261"/>
                <TextEquiv>
                    <Unicode>Works of Mr. Arthur Schnitzler, a</Unicode>
                </TextEquiv>
            </TextLine>
            <TextLine id="r3l20" custom="readingOrder {index:19;}">
                <Coords points="1999,2302 2403,2342 2497,2325 2542,2345 2552,2308 2477,2281 2206,2276 2181,2261 2134,2278 2052,2247 2001,2252"/>
                <Baseline points="2006,2295 2032,2297 2059,2297 2086,2299 2113,2300 2140,2302 2167,2303 2194,2305 2221,2306 2248,2308 2275,2309 2301,2310 2328,2312 2355,2313 2382,2314 2409,2316 2436,2318 2463,2319 2490,2320 2517,2321 2544,2323"/>
                <TextEquiv>
                    <Unicode>Vienna Author, to Have 1</Unicode>
                </TextEquiv>
            </TextLine>
            <TextLine id="r3l21" custom="readingOrder {index:20;}">
                <Coords points="2111,2386 2143,2380 2182,2393 2201,2381 2220,2395 2285,2395 2302,2383 2344,2381 2391,2396 2413,2391 2415,2342 2386,2349 2358,2329 2300,2339 2243,2322 2218,2337 2174,2324 2114,2331"/>
                <Baseline points="2120,2365 2146,2367 2172,2369 2198,2371 2224,2373 2250,2375 2276,2376 2302,2377 2328,2378 2354,2379 2380,2380 2406,2381"/>
                <TextEquiv>
                    <Unicode>Hearing Here.</Unicode>
                </TextEquiv>
            </TextLine>
            <TextLine id="r3l22" custom="readingOrder {index:21;}">
                <Coords points="1949,2443 2530,2446 2637,2476 2640,2419 2580,2427 2545,2405 1952,2387"/>
                <Baseline points="1958,2422 1991,2422 2025,2422 2059,2423 2092,2423 2126,2425 2160,2425 2193,2427 2227,2429 2261,2431 2295,2432 2328,2434 2362,2436 2396,2438 2429,2440 2463,2441 2497,2443 2530,2445 2564,2446 2598,2447 2632,2448"/>
                <TextEquiv>
                    <Unicode>R. ARTHUR SCHNITZLER, a Vien¬</Unicode>
                </TextEquiv>
            </TextLine>
            <TextLine id="r3l23" custom="readingOrder {index:22;}">
                <Coords points="1933,2453 2046,2479 2269,2469 2631,2508 2632,2470 2582,2452 1934,2423"/>
                <Baseline points="1940,2464 1974,2463 2008,2463 2042,2463 2077,2463 2111,2464 2145,2465 2179,2466 2214,2468 2248,2470 2282,2471 2316,2473 2351,2476 2385,2477 2419,2479 2453,2480 2488,2482 2522,2483 2556,2484 2590,2484 2625,2484"/>
                <TextEquiv>
                    <Unicode>nese piagwright, was prasticallg un¬</Unicode>
                </TextEquiv>
            </TextLine>
            <TextLine id="r3l24" custom="readingOrder {index:23;}">
                <Coords points="1899,2484 1906,2485 1909,2490 1921,2490 1922,2492 1929,2487 1936,2486 1937,2488 1944,2489 1949,2456 1942,2455 1936,2451 1914,2422 1907,2421"/>
                <Baseline points="1906,2479 1938,2483"/>
                <TextEquiv>
                    <Unicode></Unicode>
                </TextEquiv>
            </TextLine>
            <TextLine id="r3l25" custom="readingOrder {index:24;}">
                <Coords points="1960,2502 2544,2536 2640,2514 2641,2481 2159,2487 1961,2456"/>
                <Baseline points="1967,2495 2000,2496 2033,2498 2066,2500 2100,2502 2133,2503 2166,2505 2200,2506 2233,2508 2266,2509 2300,2510 2333,2511 2366,2512 2399,2513 2433,2515 2466,2516 2499,2517 2533,2518 2566,2519 2599,2520 2633,2521"/>
                <TextEquiv>
                    <Unicode>known vo nalie #hcatre audienees</Unicode>
                </TextEquiv>
            </TextLine>
            <TextLine id="r3l26" custom="readingOrder {index:25;}">
                <Coords points="1878,2556 2420,2549 2624,2572 2652,2567 2654,2511 2543,2536 1880,2500"/>
                <Baseline points="1886,2537 1925,2537 1965,2538 2005,2539 2045,2540 2085,2541 2125,2542 2165,2543 2205,2545 2245,2546 2285,2547 2325,2549 2365,2550 2405,2551 2445,2553 2485,2555 2525,2556 2565,2558 2605,2559 2645,2560"/>
                <TextEquiv>
                    <Unicode>untl bis play The Reckoning“ found per¬</Unicode>
                </TextEquiv>
            </TextLine>
            <TextLine id="r3l27" custom="readingOrder {index:26;}">
                <Coords points="1884,2572 2372,2608 2629,2597 2599,2562 2449,2573 2420,2550 2388,2570 1885,2550"/>
                <Baseline points="1891,2574 1927,2574 1964,2575 2000,2576 2037,2577 2073,2578 2110,2580 2146,2581 2183,2583 2219,2584 2256,2586 2292,2588 2329,2590 2365,2592 2402,2594 2438,2595 2475,2597 2511,2598 2548,2599 2584,2600 2621,2601"/>
                <TextEquiv>
                    <Unicode>formance last scason. Now (Dr. Maurice</Unicode>
                </TextEquiv>
            </TextLine>
            <TextLine id="r3l28" custom="readingOrder {index:27;}">
                <Coords points="1876,2605 2597,2653 2655,2635 2656,2612 1979,2589 1878,2557"/>
                <Baseline points="1883,2611 1921,2611 1959,2612 1997,2614 2035,2615 2074,2617 2112,2618 2150,2620 2188,2621 2226,2623 2265,2625 2303,2627 2341,2628 2379,2630 2417,2632 2456,2633 2494,2635 2532,2636 2570,2637 2608,2638 2647,2639"/>
                <TextEquiv>
                    <Unicode>Baumfeld, the new director ofche Germanj!</Unicode>
                </TextEquiv>
            </TextLine>
            <TextLine id="r3l29" custom="readingOrder {index:28;}">
                <Coords points="1887,2647 2616,2696 2645,2692 2648,2636 2601,2654 1888,2617"/>
                <Baseline points="1895,2645 1932,2648 1969,2650 2006,2651 2043,2654 2081,2656 2118,2657 2155,2659 2192,2660 2229,2661 2267,2663 2304,2664 2341,2666 2378,2667 2415,2669 2453,2670 2490,2672 2527,2674 2564,2676 2601,2678 2639,2681"/>
                <TextEquiv>
                    <Unicode>Theatre, has decided to set forth this</Unicode>
                </TextEquiv>
            </TextLine>
            <TextLine id="r3l30" custom="readingOrder {index:29;}">
                <Coords points="1868,2708 2045,2691 2468,2726 2635,2717 2637,2678 1951,2665 1871,2631"/>
                <Baseline points="1877,2684 1914,2685 1952,2686 1989,2687 2027,2689 2064,2690 2102,2692 2139,2693 2177,2696 2214,2697 2252,2698 2290,2700 2327,2702 2365,2704 2402,2705 2440,2706 2477,2707 2515,2707 2552,2707 2590,2707 2628,2706"/>
                <TextEquiv>
                    <Unicode>dramatist’s powers and phases by produe¬</Unicode>
                </TextEquiv>
            </TextLine>
            <TextLine id="r3l31" custom="readingOrder {index:30;}">
                <Coords points="1870,2742 2321,2735 2638,2770 2640,2727 2542,2714 1873,2682"/>
                <Baseline points="1879,2722 1916,2723 1954,2723 1991,2724 2029,2725 2067,2726 2104,2727 2142,2729 2180,2730 2217,2732 2255,2734 2293,2736 2330,2738 2368,2740 2406,2742 2443,2744 2481,2746 2519,2748 2556,2749 2594,2752 2632,2753"/>
                <TextEquiv>
                    <Unicode>ing at his playhouse on Tuesdag night al</Unicode>
                </TextEquiv>
            </TextLine>
            <TextLine id="r3l32" custom="readingOrder {index:31;}">
                <Coords points="1884,2765 2570,2806 2630,2759 1885,2724"/>
                <Baseline points="1891,2761 1927,2762 1964,2762 2000,2763 2037,2764 2073,2765 2110,2767 2146,2768 2183,2769 2219,2770 2256,2772 2292,2774 2329,2776 2365,2778 2402,2779 2438,2781 2475,2782 2511,2783 2548,2784 2584,2786 2621,2786"/>
                <TextEquiv>
                    <Unicode>triple Mil devoted enthreig 15 Mr. Schnitz¬</Unicode>
                </TextEquiv>
            </TextLine>
            <TextLine id="r3l33" custom="readingOrder {index:32;}">
                <Coords points="1870,2787 1910,2812 1926,2802 1962,2802 1973,2812 1982,2805 1994,2814 2010,2804 2043,2815 2053,2807 2076,2815 2108,2807 2108,2781 2080,2768 2067,2775 2058,2768 2042,2779 2025,2769 1971,2778 1943,2767 1927,2776 1910,2763 1871,2771"/>
                <Baseline points="1877,2796 1904,2795 1932,2796 1960,2797 1988,2797 2016,2798 2044,2799 2072,2800 2100,2799"/>
                <TextEquiv>
                    <Unicode>ler’s plays.</Unicode>
                </TextEquiv>
            </TextLine>
            <TextLine id="r3l34" custom="readingOrder {index:33;}">
                <Coords points="1904,2838 2410,2869 2541,2848 2635,2889 2652,2804 1905,2812"/>
                <Baseline points="1911,2832 1947,2834 1984,2836 2020,2838 2057,2840 2094,2842 2130,2844 2167,2846 2203,2847 2240,2849 2277,2850 2313,2851 2350,2853 2386,2853 2423,2854 2460,2855 2496,2855 2533,2856 2569,2856 2606,2856 2643,2856"/>
                <TextEquiv>
                    <Unicode>The most Important of the trlo is "Atsh</Unicode>
                </TextEquiv>
            </TextLine>
            <TextLine id="r3l35" custom="readingOrder {index:34;}">
                <Coords points="1874,2869 2629,2921 2658,2914 2660,2878 1875,2831"/>
                <Baseline points="1881,2872 1919,2873 1958,2873 1996,2874 2035,2876 2073,2877 2112,2879 2150,2880 2189,2882 2227,2884 2266,2886 2304,2888 2343,2890 2381,2891 2420,2893 2458,2894 2497,2895 2535,2896 2574,2896 2612,2897 2651,2896"/>
                <TextEquiv>
                    <Unicode>ühe Sign of dhe Green Parrst,“ whlch:</Unicode>
                </TextEquiv>
            </TextLine>
            <TextLine id="r3l36" custom="readingOrder {index:35;}">
                <Coords points="1866,2901 1976,2927 2662,2943 2663,2912 2630,2900 1866,2884"/>
                <Baseline points="1873,2908 1912,2910 1951,2911 1990,2913 2029,2915 2068,2916 2107,2918 2146,2920 2185,2921 2224,2923 2264,2925 2303,2926 2342,2928 2381,2929 2420,2930 2459,2931 2498,2932 2537,2932 2576,2932 2615,2932 2655,2932"/>
                <TextEquiv>
                    <Unicode>one act work is considered by some to beia“¬</Unicode>
                </TextEquiv>
            </TextLine>
            <TextLine id="r3l37" custom="readingOrder {index:36;}">
                <Coords points="1865,2937 1940,2966 2630,2972 2621,2940 1866,2911"/>
                <Baseline points="1872,2942 1909,2945 1947,2947 1984,2949 2022,2951 2059,2954 2097,2955 2134,2957 2172,2959 2209,2961 2247,2962 2285,2964 2322,2965 2360,2966 2397,2968 2435,2969 2472,2970 2510,2971 2547,2972 2585,2973 2623,2974"/>
                <TextEquiv>
                    <Unicode>tthe author’s masterpiege. It plays during'!</Unicode>
                </TextEquiv>
            </TextLine>
            <TextLine id="r3l38" custom="readingOrder {index:37;}">
                <Coords points="1871,2983 2641,3029 2632,2965 2579,2986 1872,2953"/>
                <Baseline points="1878,2978 1915,2979 1953,2982 1991,2984 2029,2985 2067,2988 2104,2990 2142,2992 2180,2994 2218,2997 2256,2999 2293,3000 2331,3002 2369,3003 2407,3005 2445,3006 2482,3007 2520,3008 2558,3009 2596,3009 2634,3009"/>
                <TextEquiv>
                    <Unicode>theitsmpestudus days of the French Reve-</Unicode>
                </TextEquiv>
            </TextLine>
            <TextLine id="r3l39" custom="readingOrder {index:38;}">
                <Coords points="1847,3021 1910,3034 1928,3020 1965,3033 2269,3033 2270,3004 2245,2997 2118,3005 1903,2987 1874,2999 1849,2985"/>
                <Baseline points="1854,3017 1879,3016 1905,3016 1930,3017 1956,3017 1981,3018 2007,3018 2032,3019 2058,3020 2084,3022 2109,3022 2135,3023 2160,3025 2186,3026 2211,3027 2237,3028 2263,3029"/>
                <TextEquiv>
                    <Unicode>t imlinn and ies scone i#</Unicode>
                </TextEquiv>
            </TextLine>
            <TextLine id="r3l40" custom="readingOrder {index:39;}">
                <Coords points="1851,3065 2570,3075 2655,3037 2392,3005 2277,3044 1850,3022"/>
                <Baseline points="1858,3059 1897,3059 1936,3059 1976,3060 2015,3060 2055,3061 2094,3061 2134,3061 2173,3061 2213,3061 2252,3061 2291,3061 2331,3061 2370,3060 2410,3059 2449,3059 2489,3058 2528,3056 2568,3055 2607,3053 2647,3051"/>
                <TextEquiv>
                    <Unicode>where the under worll rubs elbows wisdie</Unicode>
                </TextEquiv>
            </TextLine>
            <TextLine id="r3l41" custom="readingOrder {index:40;}">
                <Coords points="1850,3113 1911,3094 2610,3117 2597,3059 1851,3066"/>
                <Baseline points="1858,3090 1895,3092 1932,3092 1969,3093 2007,3094 2044,3095 2081,3095 2118,3096 2156,3096 2193,3096 2230,3096 2267,3096 2305,3096 2342,3096 2379,3097 2416,3097 2454,3097 2491,3097 2528,3097 2565,3098 2603,3098"/>
                <TextEquiv>
                    <Unicode>doon. d aristocracy. Stress has been placthl)</Unicode>
                </TextEquiv>
            </TextLine>
            <TextLine id="r3l42" custom="readingOrder {index:41;}">
                <Coords points="1864,3137 2511,3138 2606,3158 2607,3114 2546,3102 1865,3094"/>
                <Baseline points="1871,3128 1907,3129 1943,3131 1980,3131 2016,3132 2053,3133 2089,3133 2125,3133 2162,3134 2198,3134 2235,3134 2271,3134 2307,3134 2344,3134 2380,3134 2417,3135 2453,3135 2489,3136 2526,3137 2562,3138 2599,3139"/>
                <TextEquiv>
                    <Unicode>upon the fact that the eostuming of ihäs</Unicode>
                </TextEquiv>
            </TextLine>
            <TextLine id="r3l43" custom="readingOrder {index:42;}">
                <Coords points="1845,3185 1950,3167 2011,3187 2556,3186 2601,3159 1957,3129 1845,3147"/>
                <Baseline points="1852,3166 1889,3167 1926,3168 1963,3168 2000,3169 2037,3169 2074,3170 2111,3170 2148,3170 2185,3171 2222,3171 2259,3171 2296,3171 2333,3171 2370,3171 2407,3171 2444,3172 2481,3172 2518,3172 2555,3172 2593,3173"/>
                <TextEquiv>
                    <Unicode>play has been designed with historical ae¬</Unicode>
                </TextEquiv>
            </TextLine>
            <TextLine id="r3l44" custom="readingOrder {index:43;}">
                <Coords points="1850,3204 2603,3221 2603,3187 2569,3175 1851,3171"/>
                <Baseline points="1858,3199 1894,3201 1931,3203 1968,3204 2005,3205 2042,3206 2079,3206 2116,3206 2153,3207 2190,3207 2227,3207 2263,3207 2300,3207 2337,3207 2374,3207 2411,3207 2448,3208 2485,3208 2522,3209 2559,3210 2596,3211"/>
                <TextEquiv>
                    <Unicode>curacy by Professor Locffler, who planntd</Unicode>
                </TextEquiv>
            </TextLine>
            <TextLine id="r3l45" custom="readingOrder {index:44;}">
                <Coords points="1851,3249 2076,3234 2116,3255 2601,3266 2587,3214 1852,3215"/>
                <Baseline points="1859,3239 1895,3239 1932,3240 1969,3241 2005,3241 2042,3242 2079,3242 2115,3243 2152,3243 2189,3244 2226,3244 2262,3245 2299,3245 2336,3246 2372,3246 2409,3247 2446,3247 2482,3248 2519,3249 2556,3250 2593,3250"/>
                <TextEquiv>
                    <Unicode>the costumes for the Metropolltan Opena</Unicode>
                </TextEquiv>
            </TextLine>
            <TextLine id="r3l46" custom="readingOrder {index:45;}">
                <Coords points="1848,3297 1899,3278 2412,3294 2412,3253 2383,3249 2226,3245 2160,3263 2066,3236 2027,3253 1849,3246"/>
                <Baseline points="1856,3273 1883,3275 1910,3276 1938,3277 1965,3278 1993,3278 2020,3279 2048,3279 2075,3279 2103,3279 2130,3279 2157,3279 2185,3279 2212,3279 2240,3279 2267,3279 2295,3279 2322,3279 2350,3279 2377,3280 2405,3281"/>
                <TextEquiv>
                    <Unicode>House prodüction of“ Parsital.“</Unicode>
                </TextEquiv>
            </TextLine>
            <TextLine id="r3l47" custom="readingOrder {index:46;}">
                <Coords points="1877,3312 2145,3337 2199,3316 2237,3339 2275,3321 2567,3332 2608,3312 2579,3287 1878,3283"/>
                <Baseline points="1885,3310 1920,3311 1956,3313 1992,3314 2028,3315 2063,3315 2099,3316 2135,3316 2171,3317 2206,3317 2242,3317 2278,3318 2314,3318 2349,3318 2385,3318 2421,3319 2457,3319 2492,3319 2528,3320 2564,3320 2600,3321"/>
                <TextEquiv>
                    <Unicode>VLiterature“' and The Last Masks“ anel</Unicode>
                </TextEquiv>
            </TextLine>
            <TextLine id="r3l48" custom="readingOrder {index:47;}">
                <Coords points="1842,3375 1896,3351 2605,3367 2605,3312 2510,3338 1843,3308"/>
                <Baseline points="1850,3349 1887,3350 1924,3351 1962,3352 1999,3353 2037,3354 2074,3355 2111,3355 2149,3356 2186,3356 2224,3357 2261,3357 2298,3357 2336,3358 2373,3358 2411,3358 2448,3358 2485,3358 2523,3358 2560,3358 2598,3358"/>
                <TextEquiv>
                    <Unicode>ithe titles of the two remalning plays of</Unicode>
                </TextEquiv>
            </TextLine>
            <TextLine id="r3l49" custom="readingOrder {index:48;}">
                <Coords points="1847,3393 2522,3413 2597,3389 2597,3359 1847,3362"/>
                <Baseline points="1855,3389 1891,3389 1928,3390 1965,3390 2001,3391 2038,3391 2075,3392 2111,3393 2148,3393 2185,3394 2222,3394 2258,3394 2295,3395 2332,3395 2368,3395 2405,3395 2442,3394 2478,3394 2515,3394 2552,3393 2589,3392"/>
                <TextEquiv>
                    <Unicode>this bill, which will be repeated on Thurz¬</Unicode>
                </TextEquiv>
            </TextLine>
            <TextLine id="r3l50" custom="readingOrder {index:49;}">
                <Coords points="1841,3447 2588,3436 2578,3395 2172,3411 1842,3387"/>
                <Baseline points="1848,3425 1884,3426 1921,3427 1957,3427 1994,3428 2031,3428 2067,3429 2104,3429 2141,3430 2177,3431 2214,3431 2251,3431 2287,3432 2324,3432 2361,3432 2397,3432 2434,3432 2471,3431 2507,3431 2544,3430 2581,3430"/>
                <TextEquiv>
                    <Unicode>day and Friday evenlngs. The princlpals</Unicode>
                </TextEquiv>
            </TextLine>
            <TextLine id="r3l51" custom="readingOrder {index:50;}">
                <Coords points="1841,3459 2028,3486 2537,3473 2612,3493 2602,3436 1841,3443"/>
                <Baseline points="1848,3465 1885,3465 1923,3465 1961,3465 1999,3466 2037,3466 2074,3467 2112,3468 2150,3468 2188,3469 2226,3469 2263,3470 2301,3470 2339,3471 2377,3471 2415,3471 2452,3471 2490,3471 2528,3471 2566,3470 2604,3469"/>
                <TextEquiv>
                    <Unicode>lof this estlmable company will be distrib¬</Unicode>
                </TextEquiv>
            </TextLine>
            <TextLine id="r3l52" custom="readingOrder {index:51;}">
                <Coords points="1841,3508 2021,3523 2367,3510 2367,3487 2330,3478 2026,3485 1841,3459"/>
                <Baseline points="1848,3502 1873,3503 1899,3503 1924,3503 1950,3504 1976,3504 2001,3505 2027,3505 2052,3505 2078,3505 2104,3505 2129,3505 2155,3505 2180,3505 2206,3506 2232,3506 2257,3506 2283,3506 2308,3506 2334,3506 2360,3506"/>
                <TextEquiv>
                    <Unicode>uted through the three casts.</Unicode>
                </TextEquiv>
            </TextLine>
            <TextLine id="r3l53" custom="readingOrder {index:52;}">
                <Coords points="1863,3553 2599,3555 2599,3513 2552,3506 1863,3514"/>
                <Baseline points="1870,3539 1906,3540 1942,3541 1978,3541 2014,3542 2050,3542 2086,3542 2122,3543 2158,3543 2194,3543 2231,3543 2267,3543 2303,3543 2339,3543 2375,3543 2411,3543 2447,3543 2483,3543 2519,3544 2555,3544 2592,3544"/>
                <TextEquiv>
                    <Unicode>At this theatre lbsen's" Ghosts“ will</Unicode>
                </TextEquiv>
            </TextLine>
            <TextLine id="r3l54" custom="readingOrder {index:53;}">
                <Coords points="1837,3583 2594,3601 2582,3550 1837,3541"/>
                <Baseline points="1844,3576 1881,3578 1918,3579 1955,3580 1992,3581 2029,3581 2066,3582 2103,3582 2140,3582 2177,3582 2215,3582 2252,3582 2289,3582 2326,3582 2363,3582 2400,3581 2437,3581 2474,3581 2511,3581 2548,3581 2586,3581"/>
                <TextEquiv>
                    <Unicode>be repeatel to-morrow niglit, whlle on</Unicode>
                </TextEquiv>
            </TextLine>
            <TextLine id="r3l55" custom="readingOrder {index:54;}">
                <Coords points="1844,3623 2620,3629 2620,3576 2598,3572 2379,3600 1845,3584"/>
                <Baseline points="1852,3612 1890,3614 1928,3616 1966,3617 2004,3618 2042,3619 2080,3619 2118,3620 2156,3620 2194,3620 2232,3619 2270,3619 2308,3619 2346,3619 2384,3618 2422,3618 2460,3618 2498,3618 2536,3618 2574,3618 2612,3618"/>
                <TextEquiv>
                    <Unicode>Wednesdig and Saturday evenings"Théis</Unicode>
                </TextEquiv>
            </TextLine>
            <TextLine id="r3l56" custom="readingOrder {index:55;}">
                <Coords points="1836,3682 1871,3658 2595,3658 2595,3632 2530,3622 2004,3637 1837,3617"/>
                <Baseline points="1844,3651 1881,3653 1918,3655 1955,3656 1992,3656 2030,3657 2067,3657 2104,3657 2141,3657 2178,3657 2216,3657 2253,3657 2290,3657 2327,3656 2364,3656 2402,3656 2439,3656 2476,3657 2513,3657 2550,3658 2588,3659"/>
                <TextEquiv>
                    <Unicode>Great Community“ will be seen agin.</Unicode>
                </TextEquiv>
            </TextLine>
            <TextLine id="r3l57" custom="readingOrder {index:56;}">
                <Coords points="1863,3694 2608,3708 2608,3670 2580,3660 1863,3665"/>
                <Baseline points="1870,3693 1906,3692 1943,3692 1979,3691 2016,3692 2052,3692 2089,3692 2125,3693 2162,3693 2198,3694 2235,3695 2272,3696 2308,3696 2345,3697 2381,3697 2418,3697 2454,3696 2491,3696 2527,3695 2564,3694 2601,3691"/>
                <TextEquiv>
                    <Unicode>The Glamour of the Stage“ ls co be per¬</Unicode>
                </TextEquiv>
            </TextLine>
            <TextLine id="r3l58" custom="readingOrder {index:57;}">
                <Coords points="1839,3729 1944,3754 1979,3736 2233,3747 2251,3729 2352,3751 2434,3746 2435,3711 2341,3695 2306,3713 2220,3698 1919,3709 1840,3692"/>
                <Baseline points="1846,3727 1875,3729 1904,3731 1933,3732 1962,3732 1991,3733 2020,3734 2049,3734 2078,3734 2107,3734 2136,3733 2165,3733 2194,3733 2223,3733 2252,3733 2281,3733 2310,3733 2339,3733 2368,3734 2397,3735 2427,3736"/>
                <TextEquiv>
                    <Unicode>formed at the Satundag matinee.</Unicode>
                </TextEquiv>
            </TextLine>
            <TextLine id="r3l59" custom="readingOrder {index:58;}">
                <Coords points="1831,3817 2608,3801 2607,3762 2578,3753 2025,3775 1927,3747 1831,3773"/>
                <Baseline points="1838,3803 1876,3803 1914,3803 1952,3803 1990,3803 2028,3803 2066,3802 2105,3802 2143,3801 2181,3801 2219,3800 2257,3800 2295,3799 2333,3799 2372,3798 2410,3797 2448,3797 2486,3796 2524,3796 2562,3795 2601,3795"/>
                <TextEquiv>
                    <Unicode>·ION ANH Tur uonern a1n</Unicode>
                </TextEquiv>
            </TextLine>
            <TextEquiv>
                <Unicode>Telephon 12801.
8

P Minsn Brte Keennnn
O l. österr. behördl. konz. Unternehmen für Zeitungs-Ausschnitte
d
Wien, I., Concordiaplatz 4.
—
Vertretungen
0 in Berlin, Budapest, Chicago, Christiania, Genf, Kopen¬
E hagen, London, Madrid. Mailand, Minneapolis, New-Vork,
Paris, Rom. San Francisco, Stockholm, St. Petersburg.
1ne Sew Port unstald, Non Tonl
6 Ausschnitt aus (New York Edition)
23
E vom: 7.0K 150:
TIKEE ONE ACT PLAYS
IN GERMAN THEATRE
Works of Mr. Arthur Schnitzler, a
Vienna Author, to Have 1
Hearing Here.
R. ARTHUR SCHNITZLER, a Vien¬
nese piagwright, was prasticallg un¬

known vo nalie #hcatre audienees
untl bis play The Reckoning“ found per¬
formance last scason. Now (Dr. Maurice
Baumfeld, the new director ofche Germanj!
Theatre, has decided to set forth this
dramatist’s powers and phases by produe¬
ing at his playhouse on Tuesdag night al
triple Mil devoted enthreig 15 Mr. Schnitz¬
ler’s plays.
The most Important of the trlo is "Atsh
ühe Sign of dhe Green Parrst,“ whlch:
one act work is considered by some to beia“¬
tthe author’s masterpiege. It plays during'!
theitsmpestudus days of the French Reve-
t imlinn and ies scone i#
where the under worll rubs elbows wisdie
doon. d aristocracy. Stress has been placthl)
upon the fact that the eostuming of ihäs
play has been designed with historical ae¬
curacy by Professor Locffler, who planntd
the costumes for the Metropolltan Opena
House prodüction of“ Parsital.“
VLiterature“' and The Last Masks“ anel
ithe titles of the two remalning plays of
this bill, which will be repeated on Thurz¬
day and Friday evenlngs. The princlpals
lof this estlmable company will be distrib¬
uted through the three casts.
At this theatre lbsen's" Ghosts“ will
be repeatel to-morrow niglit, whlle on
Wednesdig and Saturday evenings"Théis
Great Community“ will be seen agin.
The Glamour of the Stage“ ls co be per¬
formed at the Satundag matinee.
·ION ANH Tur uonern a1n</Unicode>
            </TextEquiv>
        </TextRegion>
    </Page>
</PcGts>
