3344 4352
1026 157 1150 223 Ma
1531 163 1961 241 box 34/7
249 157 1359 257 8. Die letzten—
1315 590 2103 734 Cie Pes 0
1334 739 1904 812 13 dieombre 1908
1239 787 1658 848 asuurar
1867 792 2070 856 S
1353 882 2032 973 SU LH SCENH
1487 986 1917 1048 Teatro Alflerl
1255 961 2148 1133 Monsignorein vacanza, dib. Claretie
1275 1131 2128 1219 PLe ultime maschere,, 6 Cena d aduio,
1368 1203 2005 1280 di Arturo Schnitzler
1267 1265 2119 1305 La connnedia in un atto fü ancord a ten¬
1232 1280 2133 1371 tro ia sta comparsn, ed gancera accrllata
1226 1346 2117 1386 e piace, come.,, antipasto. Mu, se fntto il pran¬
1232 1360 2119 1412 20 non deve far altro che ripetere Pantipasto,
2135 1361 2236 1427 udf
1227 1402 2127 1443 si Corre i1 rischto di scohtentare i Ponvilali,
2126 1413 2233 1463 Par
1221 1438 2238 1515 i quali soho, dopo tutto, accorel... à pagamen-Pier
1233 1469 1913 1521 10, ed hanno percio delle pretese.
1254 1490 2234 1555 Jeri sera a teatro ul pubblico cra per es. un bac
1219 1533 2207 1599 Do' nervoso, e poco disposto a sentire dellesdi
1230 1579 2122 1620 chiacchere. A dire il vero il prurite di Rechia¬
1220 1604 2118 1658 ge bisogna farlo in gran parte risalire al si¬
1229 1650 2117 1691 gilor Giulio Claretie il quale si & treppo com¬
1225 1685 2123 1727 placluto di sentir chtaccherare qllei sio mon¬
2141 1686 2229 1758 6
1225 1711 2127 1757 signor Duret. ohl una simpaticissima flgura
1218 1735 2115 1799 di vescovo in vachnza, ma un pos troppo vor¬
1218 1772 2111 1831 boso. Prima con la cameriera si altarda hei
1222 1819 2108 1868 ricordi della sua fotogralia in abito militare,
1213 1844 2109 1900 pol, Tasciato solo, seguita a parlare, tutto an
2120 1852 2220 1907 pag
1220 1887 2229 1945 se, di questione sociale, e Hnalmente, geni dö Rus
1218 1925 2097 1969 riceve la signora Budin, discorre Tun posdl
2123 1936 2217 1989 che
1222 1950 2098 2001 tutto: dei bei tempi quando erand ire lei
1214 1983 2099 2035 glovani, di cerli balli alla Preiettura, donn
2124 1993 2238 2043 pent
1221 2029 2110 2071 Sua simpatia segreia e non captta per In si¬
2128 2027 2226 2086 pro¬
1212 2049 2107 2109 glorina Budin, e d’una sua rinunzia alwendo
1214 2091 2109 2135 quando s’accorse che un certo barofei) era
1209 2118 2099 2165 Stato a mn preferito. Confiden,à Grani“ 607
2113 2119 2215 2176 effe
1213 2155 2106 2207 fidenza: la signora Budin si deciden dire i1
1213 2189 1927 2240 resto: una sorpresa per Monsig 1
1952 2200 2106 2243 0 c100.
2113 2215 2221 2263 mat
1207 2233 2097 2265 che le simpatie della signorina Budif. di lan¬
2112 2253 2222 2305 dotis
1211 2262 2106 2301 tanni addietro erano tutte per i Zovane mi¬
1209 2290 2225 2340 litare che fini vescovo. La sorpresa por di Poste
1202 2333 2104 2386 Monsionore aumenta quando ###earicale dl
2115 2332 2222 2398 lo-Fy
1212 2365 2089 2410 raccomandare la signira Budin proprto 1!
2114 2388 2202 2437 ne 7
1202 2402 2093 2447 barone per ottenere un premio dall'Accadle¬
1295 2429 2223 2484 per certo libricino di botanten. Piomeite to 1
1198 2466 2095 2518 ttavia e mantiene: e scrive al parche: &Ca¬
2108 2476 2217 2532 prez.
1210 2503 2093 2559 roamicos. Amico, sicnro; perche dopo tutto
2106 2519 2218 2582 dofr.
1212 2542 2094 2588 se quel barone gli distrusse l’ideale del cuo¬
1201 2572 1953 2618 re gl apri la carriera eccleslasticn
2093 2548 2229 2632 d'lt
1235 2598 2218 2648 Una cosetta leggera- si vede - che doveva tico
1197 2646 2095 2680 anche essere fatta, spedita, perchö vive e¬
1202 2674 2103 2716 eclusivamente di grazia. Sfortundtamelte in¬
1208 2709 2007 2760 vece la commedia non & cata strenden.
1198 2732 2234 2787 Jegglero apparve vuoto e il grazioso divenne# tand
1205 2775 2095 2820 lungo e pesante, malgrade Pilia Farte del
1194 2784 2207 2861 bravo Piperno. Non cé da stupire percio se 11 Mat¬
1195 2837 2115 2896 pubblico fischio il lavoro come vuloto, lunge
1206 2876 2099 2930 e pesante, II nome di Cinlio Clareile laschavn
1198 2912 2110 2978 supporre un fau acto senso della vila delln
1198 2946 1872 2998 ribalta. E la commedia é caduta.
1230 2980 2193 3035 Degli altri due lavori in un atto di Arturg Pei
1198 3009 2100 3077 Schnitzler la sorte stupird lo stesso aufore,
1188 3050 2108 3111 quando la verrà a conoscere. Perche vinse
1188 3087 2223 3148 quello che non ha pretesa alcuna di pensie- gügt
1197 3122 2064 3168 10, ma rappresenta esclusivamente und bie
1186 3149 2100 3203 zarria, e stanco e lascio battaglia d’applausi
1188 3189 2104 3244 e flschi, quello che — secondo T’antore — vo¬
2127 3195 2217 3264 II,
1193 3224 1951 3275 leva essere un concetto fatto persona.
1222 3252 2216 3312 Le ultime maschere non hanno nulla di car- berg¬
1193 3279 2222 3350 nevalesco. Ci portano in un curloso ambiente dalle
1183 3321 2184 3386 Pospedale, dove gli ammalati vanno e venlgo¬ore
1191 3352 2071 3416 no per le sale con tutia la libertà necessaria
2091 3385 2183 3433 dal
1192 3390 2071 3448 all’autore per chiamorli in scena e per allon¬
1189 3434 2081 3486 taharli a tempo, In mezzo a quei morenti
2081 3431 2215 3499 va P
1182 3464 2192 3526 che passeggiano T’autore vuol fürei vedere tro
1183 3491 2201 3569 come iI mondo sia una grande mascheratn; ggli
1183 3533 2045 3587 e come anche vieino alla morte si sente 1
1188 3560 2203 3621 nutllità di deporre la maschera tenuta scien- lo fe
1183 3598 2083 3664 temente tutta la vita, perche appunto la viln
2081 3610 2227 3670 piane
1175 3640 2061 3686 lon si puo piu prolungare. La tesi ce la dico
2079 3651 2245 3711 mera T
1179 3670 2067 3723 il wecchio giornalista Rademacher, un vinto
1184 3707 2072 3760 della vita, che prima di spirare In chiamare
2084 3698 2236 3757 comnod
1187 3741 2076 3797 a se il celebre poeta Weihgast, collintento di
2075 3743 2227 3809 far
1181 3771 2073 3829 gridargli in faccia tutto il disprezzo che ha
2075 3789 2200 3838 feco
1177 3805 2060 3856 ed ebbe sempre per lui, anche se per necessi¬
1187 3836 2214 3893 10 di gnadagno, serisse di lui altrimenti. Nia Taml
1175 3867 2211 3939 quande il poeta viene a trovarlo premureso, Priere
1175 3911 2055 3964 egli seute Tinutilita delle eue inglurie, e pre¬
1178 3934 2059 3996 ferisce tacere Tartiflciosità del lavoro si ri¬
1173 3976 2206 4025 vela in tutte le sue parli auche secondariePnette¬
1173 4011 2203 4072 come in tutte le sfumature dei personagaitt ei di:
1221 4046 2203 4117 percio la situazione scenica — ehe volers letto¬
1180 4077 1891 4130 essere violenta e rieca di contrasto
1934 4087 2060 4132 parve
1172 4097 2203 4162 puerile, e non Persnase nesstno. Gli appiansl, Wer
