3344 4352
622 111 1130 194 Deutsches Thenter.
495 178 1218 242 Tunmmanmitrammmnmammmmenmmmnmanmhhite
541 240 1243 298 Ein Schnittler=Abend, und wie gleich
494 273 1228 339 hinzugesetzt werden muß, ein Schnitzler¬
494 317 1225 377 Ehrenabend, — und ein Ehrenabend un¬
489 349 1236 413 seres neren deutschen Theaters dazu!
480 393 1226 460 Mehr hätten wahrlich selbst die hochnoth¬
493 433 1247 491 peinlichsten Ansprüche nicht fordern, mehr
487 470 1247 526 die wohlwollendsten Erwartungen nicht
486 502 1230 571 hoffen können. Und doch war es diese
490 541 1238 604 dreifache Signatur, in welcher, gleich
487 578 1233 640 siegreich auf der dreifachen Linie, der eine
484 623 1235 675 Novitäten=Abend des vorigen Dienstag
476 664 1235 701 am Irbing Place stand. Als Schnitzier¬
483 698 1242 750 Abend brachte er zunächst wirklich drei
488 737 1237 791 auf dem New Yorker Theaterboden ab¬
482 777 1238 831 solut neue Neuheiten. Nicht genug da¬
479 812 1231 866 mit, zeigten diese drei Neuheiten den am
478 843 1236 908 Irving Place bereits von drei früheren
487 881 652 931 Stücken,
481 887 1225 973 „Vermächtniß“ Freiwild“,
795 929 1232 984 — wenn auch nach den
473 967 1236 1016 unvergleichlichen „Liebelei“=Vorstellungen
481 997 1242 1059 mit der Sorma ein wenig in absteigender
476 1045 1226 1097 Linie, doch darum nicht weniger als erst¬
476 1072 1224 1131 rangigen Modernen erkannten und an¬
470 1113 1228 1174 erkannten Wiener Bühnendichter in
479 1148 1229 1196 durchaus neuem und vortheilhaftesten
470 1196 1227 1244 Licht. Und endlich kam im Dienst dieser
479 1234 1222 1283 glänzenden Schnitzler=Musterkarte neue¬
475 1270 1221 1315 ren Datums auch ein wahrhaft glänzen¬
481 1300 1230 1356 der Theater=Abend zu Stande. In der
469 1329 1233 1392 That ein so brillanter Theaterabend, das
476 1376 1222 1435 die Aufführung der literarisch, wie dra¬
470 1423 1231 1475 matisch gleich sehr voneinander abstechen¬
461 1448 730 1505 den Einakter.
775 1459 1206 1505 „Die letzten Masken“
466 1501 1233 1551 „Der grüne Kakadu", und „Literatur“!
536 1529 1230 1588 unter der gleichfalls dreifachen Regie
461 1554 1221 1628 der Herren Baumfeld, Marlow und Burg
471 1611 1230 1668 unser New Yorker deutsches Theater in
460 1649 1232 1705 geradezu hoftheaterlichem Brillantlicht
455 1675 748 1732 erscheinen ließ.
525 1702 1220 1781 Der Einsatz dieses Schnitzler=Trios
467 1760 1217 1820 war in Moll. Und mehr als das, tieftra¬
471 1798 1223 1858 gisch, aber auch tiefmenschlich zugleich.
464 1826 1223 1882 So menschlich, wie das Bischen, was man
462 1871 1225 1934 auf diesem von Bwpeden belebten und be¬
468 1913 1221 1975 herrschten Planeten Menschen=Leben zu
460 1945 1215 2009 nennen pflegt, nur in seinem letzten und
457 1988 1196 2039 darum allein schon wahrsten Licht zu er¬
470 2028 1222 2085 scheinen vermag. Im Licht des Todes
455 2058 1227 2120 selbst. Des großen Schluß=Auslösers und
465 2100 1209 2156 Erlösers, der ohne irgend welche religiöse,
465 2137 1217 2201 oder philosophische, oder sonstige rein än¬
469 2180 1225 2241 Ferliche Beihilfe, lediglich aus den letzten
461 2225 1222 2278 Zuckungen eines sich eben noch auf's
465 2253 1213 2316 Feindseligste zusammenkrampfenden Herz¬
461 2307 1218 2355 Muskels heraus auch zum großen Ver¬
456 2325 1219 2397 söhner, zum Sterbe=Erleichterer, zum
460 2380 1212 2430 Sterbe=Verschönerer wird. Allerdings
461 2408 1211 2469 kommt auch hier diese Erlösung insofern
464 2448 1208 2506 von Außen, als das letzte große Um¬
461 2477 1209 2547 schlagen eines „galligsten“ Hasses in
458 2524 1211 2580 Verzeihen und Verstummen durch ein
454 2547 1220 2617 versönliches Begegnen des sterbenden
459 2596 1205 2660 Hassers mit dem Gegenstand seines Has¬
454 2631 1206 2683 ses herbeigeführt wird. Aber diese Be¬
458 2677 1216 2731 gegnung im Sterbezimmer des öffentli¬
460 2715 1210 2773 chen Krankenhauses ist so sehr des Erste¬
460 2750 1217 2810 ren eigenes Werk, daß auch das daraus
456 2788 1212 2855 für ihn erwachsende schweigenste Schön¬
453 2818 1213 2882 sterben zu seinem eigensten Werk wird.
458 2866 1208 2929 Vollends in der Anschaulichkeit der Bühne
447 2906 1206 2965 und der charakteristischen das rein Thea¬
455 2939 1221 3005 tralische so ziemlich auf's letzte Körnchen
445 2972 1206 3043 ausscheidenden Vermittlung, wie sie der¬
453 3022 1205 3082 selben hier durch die Herren Sauermann
462 3062 1199 3118 „Karl Rademacher“, Marlow, „Alexan¬
444 3100 1201 3155 der Weigast“ Burg, „Florian Jack¬
451 3140 1205 3197 werth“, und Weigert, „Dr. Halmschlä¬
454 3168 1215 3231 ger“ zu Theil wird. Selbst die Neben¬
451 3216 1213 3270 rollen in der Besetzung der „Wärterin
445 3252 1199 3307 Paschanda“ und des „Hilfarztes Tann“.
450 3281 1211 3351 nahmen mit den kleinen Lebens=Lichtern,
450 3326 1212 3379 welche durch sie dem Sterbevorgang und
443 3352 1191 3423 der Sterbeatmosphäre des Ganzen auf¬
452 3396 1210 3471 gesetzt werden, denselben ebenso wenig
444 3436 1199 3497 von ihrem auch das volle Haus des in
446 3482 1204 3535 seinem Bann haltenden tiefen Ernst, wie
443 3515 1198 3563 es das ebenso natürliche, wie künstlerisch
450 3545 1200 3617 gedämpfte Accompagnement that, welches
441 3589 1204 3660 Herr Burg als „Jackwerth“ der litera¬
446 3625 1215 3689 risch geradezu genial concipirten, aber
444 3668 1201 3728 eben darum auch um so größeren Büh¬
450 3704 1200 3771 nenfährlichkeiten ausgesetzten Probir¬
447 3740 1210 3805 szeue „Rademachers“ für dessen letzten
442 3775 1203 3831 Masken=Gang mit dem vermeintlichen
438 3814 1194 3897 Lebens=Vampyr und Todseind „Weih¬
447 3856 666 3913 gast“ lieh.
486 3888 1185 3961 Das Mittelstück des Programms und,
450 3937 1195 4004 wie gleich hinzugesetzt sei, den schweren
460 3974 1184 4053 Trumpf desselben brachte das zu Schnitz¬
1526 123 1628 172 chnitzt
1799 127 1879 166 nent
1273 145 1455 208 Stück eine
1496 157 1636 210 Grotest
1259 196 1973 251 diese und mit ihnen den Zuschauer zwin
2050 205 2182 252 men Ho
2253 214 2761 252 und Reicher und den Herren
1267 236 1970 287 genden Weise stößt der Antor die Ele
2040 244 2754 298 Marlow, Weigert, Collot, Winds, Sauer¬
1251 272 1991 324 mente seiner schier chaotischen Handlung
2045 283 2776 336 mann und Liebl das Nämliche gegenüber
1261 311 1999 353 und seines fiebernden Miliens, sowie die
2042 317 2771 380 dem die Bühne in der Schlußszeue mit
1257 346 2007 399 sie bald tragenden, bald durchkrenzenden
2027 350 2779 414 einem ganzen Urbrei von Köpfen, Stim¬
1258 393 2006 442 Personen, deren der Zettel volle zwanzig
2032 389 2788 454 men, Glledern und sonstigem Meininger
1249 426 2014 475 Redende aufweist, durcheinander und in
2041 432 2776 495 Zubeher überschwimmenden zur neuen
1249 461 2007 520 diesem Durcheinander vor sich her, daß
2040 473 2785 524 Freiheit erwachten Voltes von Frankreich.
1259 500 2000 552 man schließlich, wie aus einer Phantas¬
2069 513 2781 565 Den Schluß dieses Wiener Schnitzler¬
1256 530 2011 579 Fagorte von wirklichem und gesvieltem
2020 534 2774 598 Menus bildete, wie sich's gebührte, ein
1257 569 2006 627 Theater=Rummel zu sich zu kommen
2025 581 2777 639 Dessert. Ein leichtes und mit vollende¬
1264 605 2000 667 glaubt. Schließlich, d. h. wenn der Vor¬
2023 613 2773 670 ter Leichtigkeit in Spiel und Dialog von
1254 650 1994 705 hang über dem Jubelgeschrei ob der er¬
2030 651 2768 715 dem Trio Hofer, Burg und Weigert kre
1249 682 1989 735 stürmten Bastille und einem vom Ple¬
2025 685 2778 748 denztes Wiener Tessert: „Literatur“.
1256 722 2000 781 bejer=Schausvieler „Henry“ (Herr Wei¬
2032 731 2783 785 Ein beständiges Lächeln lag über den
1260 764 2004 819 gert) wirklich ermordeten wirklichen
2033 772 2779 824 fünfundzwanzig Minuten, welche das rei¬
1261 806 1994 856 „Herzog von Cadignan“ (Herrn Mar¬
2033 815 2767 865 zende Ding in Anspruch nahm. Lächeln
1248 825 2006 882 low) niederfällt und man gewahr wird:
2026 848 2773 902 auf der Bühne Seitens der drei Darstel¬
1251 870 2002 928 daß sich das Pennen=Tingeltangel da im
2020 878 2773 936 ler, und Lächeln im Zuschauerraum über
1247 907 2002 968 Handumdrehn zum großen historischen
2023 916 2784 963 den Leckerbissen von Stück, wie über die
1251 956 2003 1002 Revolutions = Cabarel ausgewachsen hat
2022 962 2783 1005 Anmuth, mit der er von dem weiblichen
1247 976 2015 1040 und daß die von Frl. Reicher in schier
2019 1000 2774 1045 Mitglied dieses Baumfeld'schen Lustspiel¬
1240 1030 1993 1079 unheimlicher Weise veranschaulichte)
2032 1043 2780 1090 Kleeblatts erster Güte servirt wurde, wie
1247 1056 2006 1111 Schluß=Hysterie der „Marquise Severine
2025 1081 2773 1122 über die portraithafte Charakteristik fein¬
1243 1102 2013 1144 von Lansac“ dem Beginn einer Historie
2011 1122 2770 1168 sten Calibers, mit welcher hier die beiden
1250 1141 2777 1217 gilt, die ihr sehr bald an den eigenen Männer ihren „Literatur"=Kampf um
1252 1181 2002 1231 schönen Hals gehen wird. Das Publi¬
2007 1190 2649 1249 ihr schöneres Drittel auskämpfen.
1246 1216 2011 1281 kum, das trotz seines Elite=Charakters
2291 1219 2741 1291 Udo Brachvogel.
