3344 4320
213 162 1940 258 8. Die letzten Masken box 34/7
1410 928 1867 1019 Telephon 12801.
1021 1011 2251 1117 Alex. Weigl's Unternehmen für Zeitungs-Ausschnitte
1848 1102 2196 1223 Dee Ausschhif
1267 1106 1866 1235 „OBSERYE
1912 1159 2301 1261 Nr. 65
906 1232 2362 1301 I. österr. behördl. conc. Burean für Zeitungsberichte u. Personalnachrichten
1173 1286 2100 1383 Wien, I., Concondiaplatz 4.
907 1350 2373 1450 Vertrerungen in Berlin, Budapest, Chicago, Genf, London, Newyork, Paris, Rom.
1279 1412 1988 1480 Stockholm, Kristiania, St. Petersburg.
897 1513 2189 1634 Ausschnitt aus: Proger P#gblatt
902 1654 1240 1750 vom: 4
1215 1628 1578 1791 ½14%
1092 1980 1964 2067 11— Vom Dresdener Königlichen
969 2040 1967 2105 Schauspielhaus. Am 27. März fand die Urauf¬
979 2070 1961 2149 führung von Königsbrun=Schaups dramatischem
978 2125 1967 2202 Gedicht „Unsterblichkei!“ mit großem Erfolg
969 2174 1968 2277 statt. Das in Versen geschriebene Stück zeigt uns den
966 2218 1962 2303 Dichter Petrarca und seine unsterblich besungene Laura.
957 2277 1955 2357 Aber Petrarca liebt nur noch himmlisch, während
962 2326 1966 2411 Laura, Markgräfin von Orange, von des Dichters
957 2385 1958 2461 Liedern hingerissen und stolz auf des Dichters Ruhm
960 2404 1964 2512 ihn irdisch liebi. Petrarca weist die stürmische Liebe
890 2472 1946 2564 Für zuras zurück und sie stirbt an diesem Schmerz.
1941 2478 2074 2558 15.—
1943 2514 2299 2613 28.— inelusive
961 2519 1943 2597 Clemens der Heilige, Freund Petrarcas und des Mark¬
2096 2569 2260 2619 Porto.
1958 2588 2067 2634 50.—
966 2576 1937 2652 grafen von Orange, ist der Versöhnende, der es ver¬
2093 2602 2279 2659 Zahlbar
1948 2617 2077 2671 10.—
963 2622 1938 2706 hindert, daß der eifersüchtige Markgraf den Dichter
1942 2647 2329 2723 200.— im Voraus.
954 2676 1933 2758 niedersticht. Am Schlusse erscheint Laura, Tochter der
1938 2706 2314 2775 usschnitte ist das
876 2711 1946 2803 4½ Marlgräfin Laura, und Petrarca sieht in ihr das be¬
1941 2750 2327 2808 auch stcht es den
871 2782 1935 2857 Abesungene Liebesideal wieder körperlich erscheinen. Die
1955 2788 2201 2863 zu ändern.
948 2822 1933 2897 Poesie des Gedichts riß das Publicum zu enthusiasti¬
1943 2858 2320 2932 #ng enthaltend die
955 2863 1927 2949 schem Beifall hin. Die Aufführung war Dank dem
1932 2922 2324 2971 ener Morgen¬
875 2903 1932 3006 lüh feinen Kunstverständniß des Regisseurs Lewinger glän¬
1948 2958 2318 3013 „Wiener Zeitung“)
879 2959 1928 3041 vol zend. Herr Wiecke spielte den Petrarca, Frau
1931 3001 2318 3050 nd wirthschaftliche
878 3017 1934 3100 Les Selbach die Markgräsin Laura. Die folgenden Stücke
1935 3032 2331 3113 1 wird. Diese Mit¬
879 3056 1937 3147 the „Die letzten Masten" und „Literatur“
933 3109 1938 3191 von Arthur Schnitzler, für Dresden Novitäten,
936 3151 1932 3243 wurden nicht mit demselben Beifall ausgenommen, doch
940 3212 1935 3294 versagte das Publicum seine Auerlennung nicht der
937 3255 1930 3343 überaus feinen Arbeit. Beide Einacter sind dem be¬
932 3319 1924 3386 kannten Cyklus Schnitzlers „Lebendige Stunden“ eni¬
931 3349 1924 3437 nommen. Was den Verfasser von „Unsterblichkeit“
932 3409 1932 3486 betrifft, so sei erwähnt, daß Königsbrun=Schaup sich
919 3456 1924 3546 als Lyriler und Romaneier bekannt gemacht und auch,
918 3498 1915 3583 von Wilhelm Wolters unterstützt, den Schwank „Der
920 3546 1478 3633 Hochzeitstag“ geschrieben hat.
1548 3562 1891 3642 Edgar Pierson.
