3344 4352
1012 118 1272 168 immste gefaßt
1325 122 2161 207 Die New-Jorker Deutschen
1004 153 1277 217 Uhr morgens
1043 198 1279 256 daß die
1461 199 2016 287 und ihr Theater.
1001 243 1270 305 d der letzten
1358 277 2124 337 Von Georg von Stal (New Dorb.
1039 295 1279 362 verflossenen
1337 308 2194 369 Der größte Schmerz der Deutschen in Amerika
995 350 1263 402 senommen
1289 361 2193 406 ist die Tatsache, daß die Irländer erfolgreicher in
1000 395 1263 453 weilen nicht
1282 396 2202 459 der Politik sind als sie selbst. Dafür lassen sich
1280 444 2199 493 viele Gründe anführen die keineswegs alle
1026 445 1266 500 sondern be¬
1284 477 2203 537 schmeichelhaft für die Irländer sind oder Anlaß
999 489 1264 555 umhaften Zu¬
1292 515 2199 565 bieten, die Deutschen zu tadeln. Ein großer
998 539 1266 598 rmindert, der
1279 558 2201 604 Unterschied ist aber vorhanden, der sich empfindlich
1001 583 1272 647 iregelmäßig.
1279 598 2205 643 fühlbar macht. Während nämlich der Irländer
1288 643 2210 684 redselig und siets gern bereit ist, mit jedem über
1030 634 1269 693 werden von
1285 668 2202 723 alle möglichen Dinge zu schwatzen, behält er
1014 683 1269 753 und Unruhe
1293 717 2203 759 es sorgfältig für sich, wenn er etwas Wichtiges vor¬
1016 736 1264 791 der Staats¬
1282 747 2197 799 hat, bis die Zeit reif ist, und dann handelt er. Der
998 784 1265 843 lleußeren das
1283 793 2202 837 Denische dagegen spricht fortwährend von
1280 826 2210 880 dem, was er tun wird, und berichtet
1013 827 1277 897 Familie ver¬
1291 867 2201 917 von den großen Taten, die er im Sinne führt;
1283 905 2203 957 wenn aber die Zeit zum Handeln komnnt, ist er
994 917 1274 986 1829 geboren,
1280 950 2198 992 mit dem Reden noch lange nicht fertig und wird
1029 970 1266 1021 79. Lebens¬
1288 980 2204 1036 es manchmal überhaupt nicht. Fragt man ihn
1000 1007 1273 1061 at schon vor
1281 1026 2214 1075 dann, weshalb er sich an der in Szene gesetzten
1020 1043 1276 1108 sein äliester
1295 1058 2211 1113 Bewegung nicht tätig beteiligt, so ist er nie um
1296 1102 2207 1157 Entschuldigungen verlegen, die allerdings manch¬
1289 1139 2206 1187 mal etwas sonderbarer Art sind. Es hai ihm nicht
1288 1176 2208 1230 gepaßt, daß der Schmidt im grauen Alltagsanzug in
1285 1226 2203 1275 die erste Versammlung gekommen ist oder der
997 1182 1266 1282 usland.
1287 1258 2213 1305 Schulze gar im Frack; der Müller hat dreimal
1000 1271 1269 1338 unserer Fest¬
1286 1293 2215 1345 reden dürfen und der Krause, der doch viel klüger
1006 1323 1272 1381 zler Fürsten
1299 1327 2201 1377 ist, nur zweimal; die Auswahl des Vorsitzenden
1003 1366 1272 1419 inanzminister
1286 1368 2206 1418 und der Ausschüsse war ganz unbegreiflich, weil
1004 1403 1271 1451 itische Gegen¬
1292 1414 2206 1461 die Leute doch eigentlich gar nichts bedeuten und
1006 1439 1279 1493 Süddeutschen
1298 1449 2210 1502 es nur durch unverschuldetes Glück zu etwas ge¬
995 1481 1277 1535 hrift „Keine
1281 1480 2206 1535 bracht haben; einem Blinden muß es klar sein.
998 1519 1203 1575 Fhrieben:
1282 1529 2206 1574 daß aus der Sache nichts werden kann, weil nicht
998 1562 1268 1625 e tiefgehende
1292 1568 2199 1616 die richtigen Leute an der Spitze stehen usw., usw.
1287 1609 2212 1658 Kurzum: die Begeisterung ist leicht zu erzeugen
997 1611 1283 1671 dem Reichs¬
1303 1650 2214 1697 und der gute Wille ist wohl auch da, aber die
993 1660 1279 1717 ir oder dem
1291 1681 2219 1724 Tatkraft fehlt, und die alte deutsche Sucht
993 1699 1269 1774 nter den Ma¬
1297 1731 2210 1773 zum Nörgeln beginnt ihre zersetzende Tätigkeit in
1294 1764 2223 1812 dem Augenblick, wo gemeinsames Handeln am nei¬
997 1756 1273 1826 plitischen Lage
1290 1802 1577 1855 wendigsten ist.
1000 1808 1270 1869 ten gegenüber
1355 1813 2213 1895 So ist es uns in New York auch mit dem
1006 1857 1272 1920 iß der Reichs¬
1281 1871 2202 1931 deutschen Theater gegangen. Die Stadt ist groß
1008 1897 1262 1964 jehende Preß¬
1299 1918 2217 1970 genug. um nicht ein, sondern ein paar deutsche
1004 1951 1274 2015 t. Dies zur
1287 1958 2217 2011 Theater zu unterhalten, trotz der Konkurrenz den
1294 2004 2220 2050 amerikanischen Bühne. Aber es wollte seit Jahren
1016 2005 1274 2064 Verbündeten
1295 2033 2206 2088 nichts daraus werden. Die Deutschen, die das
1005 2049 1273 2114 tspüren. Die
1306 2076 2214 2124 Institut hätten unterstützen können und sollen,
1009 2101 1269 2165 est v. Bülow
1296 2108 2197 2159 taten es nicht in genügendem Maße. Die Gründe
1016 2152 1277 2216 ste noch zu
1291 2160 2207 2204 die sie dafür angaben, waren zum großen Teil
1291 2199 2210 2244 nicht stichhaltig. wurden es aber schließlich; denn seit
1015 2203 1276 2259 cht aus den
1294 2229 2214 2272 der letzte Direktor die Oper übernommen hatte und
1004 2250 1272 2310 teich noch in
1291 2272 2214 2322 überdies krant geworden war, ging es wirklich
1290 2311 2209 2351 bergab. Endlich kam der Wechsel und Direkton
998 2329 1277 2405 rokkanischen
1299 2349 2216 2404 Baumfeld trat mit sehr ehrgeizigen Plänen vor
992 2392 1274 2443 n sich neuer¬
1292 2390 2209 2438 das Publikum. Er hat sein Wort auch gehalten.
1295 2427 2212 2471 und wir müssen jetzt abwarten, ob die New=Yorker
1006 2430 1273 2481 elegramm des
996 2466 1281 2522 tämme in der
1293 2466 2227 2517 Deutschen diesmal sich über persönliche Kleinlich¬
999 2508 1272 2566 Mulay Hafid
1303 2508 2227 2553 keiten hinwegsetzen und die Nörgelei an die Wand
1301 2549 1601 2599 hängen wollen.
997 2543 1279 2602 igt sah, von
1164 2586 1280 2634 Von
1005 2576 1111 2631 hen.
1352 2563 2204 2635 Vorderhand läßt sich die Sache ganz gut an.
1297 2620 2211 2673 Es ist dem Leiter der deutschen Bühne in New
1001 2624 1285 2680 htet uns ein
1297 2668 2225 2715 Yort gelungen, die Vereine für sein Unternehmen
1296 2703 2215 2754 zu interessieren, und diese veranstalten nun der
1022 2697 1278 2772 Min. vorm.
1304 2743 2215 2786 Reihe nach Theaterabende. Immerhin können
1024 2755 1274 2823 ondenten.)
1306 2776 2205 2831 solche Versuche, dem Theater Publikum zuzuführen,
1017 2804 1280 2856 des Giornale
1303 2828 2210 2867 aber nur als Mittel zum Zweck betrachtet werden.
1306 2845 2219 2903 weil der wirkliche Erfolg erst gesichert ist, wenn
1000 2853 1286 2916 as Riffgebiet
1301 2902 2217 2946 die Leute von selbsi und, ohne durch Agitation
1036 2903 1275 2966 gefangenge¬
1289 2932 2216 2986 dazu aufgefordert zu werden, ins Theater gehen.
1006 2954 1276 3014 zum Zweck der
1297 2977 2216 3021 Ob das geschehen wird, läßt sich noch nicht beur¬
1017 2999 1281 3061 zurückgebracht
1294 3008 2225 3066 teilen. Für eine Tat müssen wir Deutsche in
1301 3049 2215 3105 Amerika aber dem Direktor besonders dankbar
998 3049 1283 3113 ind übergaben
1301 3097 2223 3145 sein, imd wenn ich sie nenne, werden die Leser
1002 3102 1276 3168 Auslieferung
1309 3130 2217 3184 vielleicht laut auflachen, doch läßt sich das nicht
992 3149 1277 3211 chiedenste ver¬
1305 3169 2218 3215 ändern. Direktor Bamnfeld hat nämlich einen
1302 3205 2219 3267 Schnitzler=Abend veranstaltet und die drei Ein¬
1300 3252 2198 3312 akter: „Die letzten Masken“, „Der grüne Katadu“
999 3243 1280 3305 igen Morgen¬
1300 3290 1827 3342 und „Literatur“ aufgeführt.
1012 3290 1282 3341 elegramm
1351 3323 2213 3376 Ja, so werden die Leser vielleicht fragen, was
992 3325 1279 3382 velt nochmals
1297 3364 2218 3424 ist denn da dabei? Die Stücke sind doch nicht
999 3365 1279 3420 eder als Kan¬
1311 3412 2216 3456 neu! Für Sie wohl nicht, verehrter Leser, für
997 3406 1283 3459 nion auftreten
1297 3443 2208 3503 uns in Amerika aber sehr. Die paar Deutsch¬
1001 3446 1295 3497 ationaliomitee
1304 3474 2209 3530 amerikaner, die so oft und auf so lange Zeit nach
998 3480 1294 3543 ashington be¬
1303 3524 2220 3571 Deutschland reisen, daß sie sich auf diese Weise
1022 3523 1296 3575 er habe sich
1309 3566 2231 3610 mit den neuen Erscheinungen in der Literatur und
1026 3558 1279 3618 Amtsführung
1304 3592 2217 3658 den schönen Künsten auf dem laufenden halten
1009 3599 1284 3650 eine vor drei
1307 3649 2219 3690 können, kommen nicht in Betracht. Für die große
1005 3642 1285 3693 räsidentschafts¬
1299 3681 2225 3735 Masse — und damit sind nicht etwa nur die
998 3680 1281 3736 uder Frage der
1301 3713 2223 3763 weniger Gebildeten gemeint — hört die Entwick¬
1041 3719 1282 3773 Beziehungen
1303 3756 2221 3812 lung des deutschen Volkes in dieser Richtung mit dem
1010 3758 1286 3820 es heiße dort,
1312 3795 2223 3842 Tage auf, an dem sie sich nach Amerika einschiffen.
1002 3799 1281 3847 iterauswande¬
1300 3832 2220 3882 Es kommt dann erst die Periode, während der sie
995 3842 1288 3889 ien und Japan
1301 3885 2221 3922 sich eine neue Existenz gründen, sich an die neue
1001 3864 1285 3927 an zugestimmt
996 3910 2217 3958 Auswandere Umgebung gewöhnen und Englisch lernen müssen.
