3436 4320
1528 153 1965 252 bos 34/7
253 173 1423 278 8. Die letzten Nasken
581 995 1052 1097 Unsterblichkeit.
1120 1010 1708 1099 Die letzten Masken.
1750 1035 1828 1106 —,
1075 1086 1364 1161 Literatur.
1689 1090 2043 1190 T
658 1148 1790 1233 Ur= und Erstaufführungen im Königl. Schauspielhause.
652 1232 1859 1284 Durch den Titel des dritten der Einakter, die am Freitag in
590 1248 1861 1336 einem Abend zusammengefaßt zum ersten Ma#e in Szene gingen,
594 1317 1861 1383 wird zugleich das Gepräge bezeichnet, den der ganze Abend trug:
589 1359 1860 1416 es war ein literarischer, der sich wie von vornherein betont sein
593 1398 1866 1471 mag, an ein besonderes Publikum wendete. Ueber die künst¬
588 1437 1859 1511 lerische Berechtigung, die dramatische Stinenung durch die Viel¬
587 1499 1854 1565 heit der Aufführungen hintereinander zu zerreißen und die
590 1548 1853 1613 Wirlung der einen unter Umständen arg zu gefährden, kann
593 1609 1861 1641 man verschiedener Meinung sein. Wenn aber, wie in „Morituri“
593 1644 1856 1703 ein Dichter selbst ein festes Band um die Vielgestaltigkeit seiner
588 1691 1860 1746 Dramen legte, oder wenn, wie am Freitag, ein Grundgedanke
588 1733 1867 1796 die aufgeführten Tramen in Zusammenhang bringt, dann wird
579 1793 1861 1839 #auch von streng ästhetischer Seite in die Zerlegung des Ganzen.
583 1828 1854 1900 nichts einzuwenden sein. Den hochinteressanten Abend eröffnete
596 1885 1854 1941 die Uraufführung des dramatischen Gedichtes „Unsterblichken“
576 1944 1860 1998 1des Dresdner Dichters Königsbrun=Schaup. Das
580 1973 1854 2045 Trama, in dem eine klangvolle stark poetische Sprache und ein
578 2032 1860 2075 „Feradezu raffiniertes Ausnutzen der Situation und der Szene zu
577 2082 1858 2144 unbestreitbarer machtvoller Wirkung kamen, erscheint fast wie
579 2098 1860 2188 eine Illustration des Sesenheimer Spruches: „Ein Strahl der
597 2174 1860 2239 Dichtersonne fiel auf sie, so voll, daß er Unsterblichkeit ihr lieh“.
597 2208 1863 2267 Petrarca und seine Laura, der Dichter und sein Objelt werden
590 2264 1866 2330 in dramatischem Zusammenhange vorgeführt. Jener ist durch
591 2305 1853 2374 seine poetische Produktion im Goetheschen Sinne frei geworden
596 2366 1866 2426 von den drückenden Banden der Liebe; nachdem das Feuer, das
603 2406 1853 2462 in ihm brannte, in Gedichte eingesaßt ist, fühlt er für die be¬
588 2452 1860 2523 sungene Geliebte nicht mehr das einst Empfundene, sondern er
591 2492 1862 2567 betrachtet sie nunmehr als etwas außer ihm Stehendes, Frem¬
595 2550 1865 2596 des. Anders das Weib, das nur lieben kann „nicht egoistisch
593 2607 1870 2645 rechnen und tlügeln. Ihr ist Liebe und Hingebung eines und
595 2652 1872 2697 ein Freiwerden von der Liebe Gewalt durch die stauke Tat
581 2697 1882 2781 kennt sie nicht. Wider ihren Willen hat Laura durch die Ge¬
2312 992 3343 1062 dichte ihres Petrarca den Kuß der Unsterblichkeit er
2310 1036 3349 1123 hat ihm, den in der Ferne Weilenden, darum sog
2310 1091 3355 1167 allein da er nun zurückgekehrt ist von weiter Reise,
2305 1140 3344 1212 in ihr die alte Liebe mächtig alle Bande: sie will un
2296 1176 3337 1244 sein und findet, daß sich in ihm die Leidenschaft zur
2300 1241 3347 1293 klärt hat, daß es überhaupt niemals ihre besondere
2300 1273 3326 1354 keit und Schönheit war, die ihn anzog und festhielt,
2312 1319 3343 1388 sie daraus erkennt, daß er sich der schöneren Tochter
2301 1371 3346 1438 Mutter zuwendet, nur die abstrakte Schönheit und
2305 1419 3365 1496 den Künstler fesselte. Darüber stirbt sie. Das Drau
2307 1462 3363 1557 leugbar einen poetischen Einschlag von hohem Wert
2309 1514 3350 1585 nicht leicht verständlich und wird sich immer nur an
2294 1565 3351 1622 neren Kreis wendem. Da es sich bemüht, tiefsinnig us
2306 1606 3360 1678 tig zu sein, ist es umso mehr zu bedauern, daß der
2294 1659 3367 1723 Gedichtes erst nach der Aufführung erschienen ist, ein
2301 1707 3368 1762 der als neueste Mode vor langem in Berlin aus Koke
2292 1760 3356 1820 leicht aber auch aus übergroßer Vorsicht aufgekomm
2295 1813 3365 1871 aber von dem gewissenhaften Kritiker als Rücksic
2294 1846 3365 1914 empfunden wird. So kann nach einmaligem Anhörc
2288 1895 3368 1968 der Unmöglichkeit, die rasch vorüberziehenden volltön
2291 1940 3365 2025 tischen Phrasen auf ihren Gehalt hin zu untersuchen
2292 1995 3371 2076 Urteil gefällt werden, daß die Darstellung einen ganz
2288 2041 3355 2104 den Sieg davongetragen hat. In ihr waltete ein
2285 2072 3365 2161 vornehm ausgeglichenes Ebenmaß, die Poesic des
2287 2139 3360 2202 wurde so kräftig durch das poetische Verständnis und
2285 2179 3346 2243 schaffende Gestaltungskraft der Darsteller gehobem,
2292 2233 3363 2283 stark besuchte Haus, das dem ganzen Abend ungeteiltes
2282 2268 3369 2339 entgegen brachte, lebhaften Beifall spendete und den a##
2293 2318 3372 2387 Dichter mehrfach hervorrief. Den schönsten Eindruck hi
2287 2365 3340 2429 Petrarca=Wiecke, eine wunderbare Gestalt von
2286 2410 3345 2482 Weihe, in der kein falscher oder übertriebener Zug
2288 2458 3370 2528 Laura=Salbach, deren heiße Leidenschaft, deren wirh
2281 2509 3334 2579 Erkenntnis mit mächtiger Ursprünglichkeit wirkten.
2284 2562 3373 2622 die kleineren Rollen mit ersten Kräften besetzt waren
2291 2605 3367 2671 Politz spielte die junge Laura und die Herren A
2289 2650 3345 2713 Winds und P. Neumann waren ferner tätig :
2283 2702 3377 2779 sich ernessen, daß ein Werk, dem auch die Regie höch
