3344 4352
1136 103 1344 180 n
551 106 907 185 Se —
1381 106 1824 181 A 1
196 146 368 196 gelangen
1100 166 1843 215 der Seele erschaut. Pathetisch lebenswahr,
404 163 1095 222 Der gesirige „titerarische“ Avend war
176 179 384 236 Zahltagen
184 218 1849 275 für 5000 der stärlste Trumpf, den bisher unser eegreifend dramatisch und doch nirgends
1099 257 1840 307 widerwärtig pathologisch, im richtigen Ge¬
143 269 1098 316 hl nur 1500 Deutsches Theater ausgespielt hat. Es
1103 290 1846 347 fühl vor der unschönen Linie stehen blei¬
121 297 1099 360 owers stellte war zwar nur ein Schriftsteller, welcher
2785 227 3304 370 The Magnitude
1103 326 1860 395 bend, welche der Dichter Schnitzler den
129 351 1101 395 achlässig zu in drei Einaktern zu Worte tam, aber
1104 371 1855 447 Arzt nie überschreiten läßt. Herr Burg
133 368 1091 436 täglichtzum diese Einakter enthalten einen Mitrokos¬
2922 346 3306 472 Spiendid Ee
1093 408 1839 472 fand eine, Rührung und Lächeln auslö¬
364 427 1099 478 mus, eine ganz. Stala verschiedenartiger
121 419 356 482 ric entschied,
1103 447 1846 521 sende, tragikomisch=natürliche Note für
364 461 1096 521 Bühnenwirtung. Arthur Schnitzler, der
129 468 359 526 res abgesetzt
1102 497 1837 556 den „Schauspieler“. Herr Marlow be¬
358 505 1088 561 Begabteste aus dem Kreise d#r modernen
120 498 338 569 ung des ge
1087 534 1849 610 währte sich in der Rolle des Schriftstellers,
359 541 1091 604 Wiener Dramatiker, ist aus der naturali¬
121 545 359 609 erechtigt sei.
1099 579 1839 631 Herr Weigert gab dem jungen Spitalarzt
358 582 1082 650 stischen Schule hervorgegangen, hat aber
125 585 361 661 er Anhänger
2417 591 3283 681 Ameuse
1099 622 1839 681 eine intelligent=sympathische Physiogno¬
363 627 1084 694 auch so stark unter dem Einfluß der an¬
141 635 349 703 id jetztzist er
1097 661 1837 727 mie und in kleineren Rollen waren Frau
354 668 1086 732 muthigeren Romanen gestanden, daß sich
1092 703 1846 774 Neuendorff und Rudolf Meinert am
350 712 1069 770 bei ihm alle grellen Accente zu einer eigen
138 700 358 790 Distritts¬
1099 741 1847 814 Platze. Herr Baumfeld hat den Einakter
345 750 1094 808 artigen Melodik dämpfen. Gleichzeitig ist
128 774 352 824 tapitäß der
1095 775 1546 847 stimmungsvoll inszenirt.
348 791 1089 851 er der absolute Meister des seinen geistvol¬
2901 678 3298 867 Bre
121 813 346 871 imentes, ist
1113 823 1831 882 Größere Anforderungen an den sorg¬
354 829 1100 902 len Lustspieleinakters, in welchem er die
133 851 344 910 des zweiten
1089 856 1841 934 fältigen Fleiß und an die Mittel der Regie
358 876 1082 936 Franzosen und sogar den talentvollen
133 892 355 951 Major Vi¬
1097 914 1833 979 stellt „Der grüne Kaladu“, der zur Zeit
356 921 1089 984 Hartleben übertraf, und hie und da hat
117 929 350 992 krt hät und
2493 919 3313 1006 exites the wonder and
1091 937 1834 1026 der französischen Revolution spielende Ein¬
355 964 1076 1016 er auch einmal einen erfolgreichen Ver¬
113 978 342 1040 ht, ist auch
1092 1005 1830 1061 alter, welcher, was den Aufwand von
344 1004 1081 1052 such in der Malerei eines in kleinem Rah¬
118 1015 318 1074 mmission.
1090 1042 1823 1102 Kastümen betrifft, als die pièce de
341 1044 1089 1098 men figurenreich ausgeführten historischen
124 1051 337 1117 llen Round¬
1088 1082 1825 1146 resistange des Abends gedacht war. War
348 1083 1091 1146 Genrebildes gemacht. Diese seine drei
2734 1001 3312 1171 Its Storing
128 1104 336 1157 r. erkag ge¬
1085 1123 1828 1177 in „Die letzten Masken“ ein einziges Men¬
347 1122 1079 1183 grundverschiedenen und sämmtlich inte¬
120 1144 335 1204 andpunden.
1086 1165 1821 1221 schenschicksal im supremen Moment erfaßt
348 1165 1083 1212 ressanten Manieren waren in den Darbie¬
119 1189 349 1247 littgals in
2012 1187 2283 1254 Mren erer 2e
1079 1212 1827 1261 und zu allgemein symbolischer Bedeutung
341 1213 1076 1284 tungen des gestrigen reichhaltigen Abends
2075 1225 2131 1273 7120
2230 1230 2280 1261 1a
149 1209 343 1281 Reid am
1953 1233 2096 1284 SR
2042 1235 2159 1291 Sae.
345 1245 540 1306 vertreien.
1076 1240 1829 1306 ausgestaltet, ist es Schnitzler im „Grünen
1966 1252 2110 1310 #
1086 1291 1820 1349 Kakadn“ darum zu thun, in den Rahmen
380 1268 1082 1343 Arthur Schnitzler ist der Sproß einer
2722 1170 2885 1372 6
115 1295 350 1363 Pochen alten
1079 1332 1828 1394 eines Einakters ein großes Kulturbild hin¬
344 1328 1079 1385 namhaften Aerztefamilie und selber Arzt.
122 1346 327 1405 hpier einge¬
1081 1377 1827 1435 einzupressen, und zwar auch in illustriren¬
349 1371 1076 1427 Als solcher hat er dem Tod in mancherlei
136 1390 330 1443 Toiletten¬
1079 1413 1825 1468 der Kontrastwirkung. Das vom Wurm
346 1413 1076 1470 Form in's Auge geschaut mit der Men¬
131 1433 323 1484 Schanz in
2105 1412 2298 1502 S
1092 1455 1149 1496 der
1137 1450 1839 1512 inneren Verderbtheit zernagte und in
339 1456 1073 1507 schenliebe des Arztes, welcher ein Helser
127 1473 286 1523 iden; sie
1070 1496 1837 1548 sich verfallende Aristokratenthum des
128 1486 1070 1547 Frau ## #iil, und gleichzeuig mit dem noch tiefer¬
2398 1493 3306 1571 exceeds thatof any twob
335 1544 1078 1600 greifenden Ahnungsgefühl des Dichters,
1075 1539 1832 1600 aucien regime und das französische Volk,
117 1538 335 1598 len konnte,
331 1571 1069 1631 dem keines Menschen Seele fremd ist. Der
1075 1573 1837 1644 der junge Riese der sich mit brutaler
131 1587 341 1654 Fundorte
2395 1577 3310 1671 world and suppliesthenec
1073 1613 1827 1678 Kraft als Revolutionsungeheuer erhebt.
320 1614 1072 1679 Tod ist häufig allgegenwärtig in seinen
1953 1612 2250 1691 Garteg
321 1645 1066 1721 Dramen, der Gedanke an ihn kling selbst
1071 1656 1827 1718 Etwas Satire steckt darin, daß Schnitzler
125 1648 319 1730 fmann von
2393 1656 3311 1751 facilities to lager beer
331 1697 1072 1764 aus dem reizenden Leichtsinn seiner „sü¬
1077 1700 1820 1766 als den Schauplatz dieses Stückes eine
124 1716 318 1770 remser im
1072 1739 1821 1798 merkwürdige Kneipe wählt, den „Grünen
336 1740 1068 1797 ßen Mädels“, als Dominante aus dem
2393 1750 3319 1829 months to insure full mat
332 1779 1070 1843 Dreiklang heraus, in welchem neben ihm
1075 1784 1821 1845 Kakadu“, der fast den Eindruck eines Ur¬
134 1799 332 1853 von einer
335 1822 1062 1894 süßes Lieben und lustiges Leben erzittern
1070 1807 1818 1873 bilds des jüngsten europäischen „Cabaret“¬
131 1837 320 1905 W. Bahn
332 1867 1061 1935 In „Die letzten Masken“, dem „Schau¬
1076 1868 1822 1915 Unwesens macht. Beim vormaligen Thea¬
318 1898 1072 1969 spiel“, mit welchem der gestrige Abend
1072 1913 1810 1978 terdirektor und jetzigen Kneipwirth „Pro¬
322 1954 1084 2012 #eröffnet wurde und welches Schnitzler's
1072 1952 1818 2025 sper“ versammelt sich anno 1789 all¬
2391 1915 3305 2051 Anheuser - Busch
211 1964 272 2042 d
169 1981 228 2049 n
330 1990 1810 2049 jüngstem Einakter=Cyklus „Lebendige abendlich die geputzte Pariser Lebewelt,
1967 2016 2367 2086 Cerked or Tin Opped.
174 2021 328 2086 Grand
329 2034 1828 2093 Stunden“ entnommen ist, finden wir den die schon so schlaff geworden ist, daß sie
2737 2049 3305 2144 St. Louis, U.
111 2070 339 2135 de gestern
333 2075 1068 2137 tändelnden Eros, welcher in Schnitzler's
1067 2077 1823 2155 eines starken Nervenlitzels bedarf, nämlich
113 2115 327 2176 des Ober¬
318 2112 1809 2172 „Anatol“= und „Reigen“=Serie die Haupt= der schaurigen Mordgeschichten, welche
118 2161 318 2217 n richtete
332 2153 1812 2224 rolle spielte, ganz ausgeschaltet: nur eine ihnen Vater Prosper's „Künstler“, recht
132 2198 322 2254 Ansprache
324 2197 1059 2269 Antithese von Leben und Tod bleibt übrig.
1061 2205 1809 2268 verbummelte Subjekte, vormimen. Selbst
136 2237 329 2303 bezog sich
329 2242 1056 2305 Nicht grimmig, wie sie ein nordischer
1065 2248 1805 2314 ein richtiger Galeerensträfling, welcher
124 2283 324 2341 nisse und
321 2288 1064 2343 Schriftsteller gestaltet hätte, sondern müde
1065 2290 1816 2350 eine Tante umgebracht hat, ist in der
139 2326 322 2382 wie der
324 2327 1067 2389 und matt in der Grundstimmung und
1060 2334 1814 2393 „Künstlerschaar“, willkommen, und die
126 2346 324 2424 Kriminal=
321 2366 1809 2417 nicht ohne ein versöhnendes Moment; denn Herren Aristokraten finden es lustig, wenn
120 2413 314 2465 llgemeiner
325 2407 1068 2470 selbst der Haß, welcher bis zur Todes¬
1056 2417 1804 2482 diese cangille, die kommenden Schreckens¬
123 2452 321 2509 besondere
329 2451 1795 2514 stunde dauert, sinkt vor der Gewißheit des männer, sie en canaille behandelt. Das
1805 2462 2531 2530 „Kneipwirth“ Herr Mauth als der
2525 2471 3284 2525 gender Weise entwickelt. Der Einakter
108 2496 311 2551 un erfor¬
320 2492 1794 2558 Todes in Nichts zusammen. Das Stück ist krause, aber in ihrer gegensätzlichen
1799 2505 2528 2573 Sträfling, Frl. Richter als die historische
3251 2495 3310 2574 4
2527 2517 3265 2570 enthält Bombenrollen, die von Frl. Hofer,
128 2536 320 2590 (mit wel¬
313 2530 1795 2611 spielt im Krantenhaus, wo der Journalist Wirkung sehr eindringliche Milieuschilde¬
1791 2542 2523 2604 „Marquise“. Frl. Hofer als die kokette
2526 2562 3264 2614 welche die Schriftstellerin sehr launig
115 2562 309 2636 brauch ge¬
309 2577 1789 2642 Rademacher“, ein Mann von Talent, der rung. Ein recht origineller Hintergrund,
1793 2596 2523 2650 Schauspielerin, um die sichtdie Handlung
2535 2597 3253 2652 spielte, von Herrn Weigert, der für den
123 2623 321 2676 die Worte
330 2621 1782 2681 im Leben es nie zu etwas gebracht hat, von dem sich aber vielleicht nur zu viele
1787 2629 2519 2685 dreht, ferner die Damen Cassani und Eg¬
2520 2647 3258 2698 „Baron“ die nöthige Eleganz, aber auch
113 2660 314 2720 ige Grand
321 2660 1790 2727 sterbend darniederliegt. Das müßige Ge= Gestalten abheben, als daß sie einzeln
1787 2677 2517 2732 gert als zuthunliche Kneipenkünstlerinnen,
2518 2681 3253 2745 den Trott'l=Unterion fand, und gar erst
128 2703 311 2767 e Behörde,
321 2704 2522 2767 plauder eines anderen Todeskandidaten, plastisch hervortreten könnten. Die Haupt= sowie die Herren Winds, Liebl und einige
2518 2719 3277 2784 von Herrn Burg, welcher in der Rolle des
139 2746 317 2802 sie genü¬
323 2748 2516 2789 des Schauspielers Jackwerth, welcher nicht handlung ist dramatisch, aber ein wenig andere geben gut differenzitte schauspiele¬
2523 2764 3277 2830 Literaten eine Figur von überwältigender
122 2787 317 2845 aber eine
319 2788 2512 2849 weiß, was seiner harrt und daher lustig im Genre der dramatischen „Cabaret= rische Leistungen, in einem Stück, in dem
2527 2805 3265 2865 Echtheit und humorvoller Komik kreirte,
120 2831 260 2883 werde,
322 2826 2520 2906 seine „Genesungspläne“ macht, läßt in Schlager“ „Henri“, der „Star“ der Spe= die Darsteller großentheils nur auf
2515 2848 3269 2908 ganz prächtig dargestellt. Das flotte
121 2868 312 2936 amit keine
309 2865 2518 2952 Rademacher den brennenden Wunsch er= lunke spielt ein paar adligen Laffen und Augenblickseffekte angewiesen sind. Das
2523 2891 3266 2957 Tempo des Spiels ist der Regie des Herrn
310 2911 1782 2978 wachen, noch einmal den Mann zu sehen, einer durch verschiedene Stadien der
1786 2921 2380 2994 Stück hatte rauschenden Erfolg.
2512 2928 2890 2992 Burg zu kreditiren.
308 2946 1796 3022 den er im Leben am meisten beneidet und Lüsternheit hindurchgegangenen Marquise
122 2951 303 3023 Wie ver¬
1813 2957 2521 3033 Den lustigen Beschluß des in seiner
2545 2961 3262 3034 Lachend wurde das Publikum aus einer
317 2995 1772 3053 gehaßt hat, seinen einstigen Freund etwas vor, wovon selbst die Mitakteure
117 3007 304 3065 dem Mit¬
2519 3007 3254 3084 mit ganz ungewöhnlichen Beifall aufge¬
1786 3008 2513 3084 Bühnenwirkung sich in aufstigender Linie
318 3034 1777 3105 Alexander Weihgast, der ein berühmter nicht wissen, ob es bloß Schauspielerei
113 3052 317 3104 tsbehörde,
1787 3058 2511 3116 bewegenden Abends machts „Literatur",
2519 3058 3260 3118 nommenen Vorstellung entlassen, in wel¬
319 3078 1785 3142 Schriftsteller geworden ist, während er als oder Wahrheit ist: er thut, als habe er
112 3094 306 3147 sbrow er¬
2520 3104 3250 3171 cher die ausgezeichnete Truppe bisher ihr
1794 3086 2516 3159 eine feine und dabei ungemein amüsante
317 3119 1780 3189 Journalist verkümmerte. Er will dem einen „Herzog von Cadignac“ bei seiner
112 3132 316 3194 tet waren,
2517 3137 2883 3201 Bestes gegeben hat.
1780 3135 2515 3199 Komödie aus der Schriftstellerwelt, in
309 3138 1778 3229 Glücklichen entgegenschreien, daß er, der Liebsten überrascht und ihn ermordet.
110 3172 302 3233 von Dis¬
2558 3169 3254 3230 Heute Abend geht das so erfolgreiche
1787 3190 2513 3241 welcher die Autoren gegeßelt werden,
316 3202 1780 3274 Unterliegende im Lebenskampf, einst die Allmählich tagt es in ihm, daß seine Ge¬
123 3212 313 3273 erwidern.
2508 3217 3256 3290 Lustspiel „Die große Gemeinde“ nochmals
1783 3214 2513 3292 welche ihre „lebendigen Stunden“ für
315 3242 1051 3307 ses „Glücklichen“ Weib besessen hat, in
1052 3252 1787 3317 liebte ihn wirklich betrogen. Der Herzog
118 3260 302 3320 avenport's
2518 3266 3250 3318 in Scene. Vielfachen aus der Umgebung
1785 3270 2504 3322 Romane ausschlachten. Eise Literatur¬
314 3287 1049 3346 letzter Stunde will er über den Glücklichen
1050 3296 1777 3355 erscheini mit dem Janhagel, der eben die
116 3305 305 3357 hdem Dr.
2509 3309 3247 3370 von New York an die Direktion gerichte¬
1780 3308 2479 3368 beflissene mie längerer Vestangenheit —
307 3328 1045 3392 triumphiren. Sogar eine Art Probe die¬
1054 3338 1783 3403 Bastille erstürmt, und der Schauspieler
116 3345 296 3397 seiner Re¬
2513 3348 3316 3395 ten Wünschen zufolge ist für die Sams= we
1777 3349 2503 3405 sie ist einem Fabrikanten, drchgegangen,
315 3367 1048 3438 ser Szene veranstaltet er mit dem Schau¬
1043 3381 1772 3433 stürzt auf ihn zu und stößt ihm nun wirk¬
117 3384 303 3450 port Mit¬
2507 3390 3285 3452 tag Nachmittags=Vorstellung das lustigesen
1779 3396 2500 3438 hat sich dann mit einem Mächener Lite¬
303 3404 1047 3475 spieler, der bis zum Schluß seine ge¬
1051 3419 1778 3486 lich den Dolch in die Brust, zum Entzücken
1788 3432 3255 3500 raten „ausgeliebt“ und stehs im Begriff, Stück „Coulissenzauber“ auf's Repertoire
314 3452 1051 3504 schminkte Scheinwelt und ihre Gepflogen¬
1048 3463 1780 3520 der sadistischen Marquise, welche mit
1783 3462 3274 3530 sich einen spottliehenden Barin aus Wien gesetzt worden, um auch jenen Kreisen, fürg
303 3489 1775 3563 beiten nicht vergißt. Aber, als dann der Wollust den Eindruck eines echten Todes¬
1778 3510 3264 3573 für eine zweite Ehe einzufangen — hat welche der Besuch einer Abendvorstellung!
128 3522 304 3588 Frachtzü¬
303 3530 1044 3588 berühmte Schriftsteller erscheint, so klein¬
1045 3544 1774 3607 kampfes in sich aufnimmt. Herr Marlow
2510 3560 3267 3615 im Deutschen Theater mit Schwierigkei¬
1778 3562 2508 3620 einen Roman geschrieben, in dem sie wört¬
134 3575 307 3628 er N. J.
314 3574 1046 3638 lich und alltäglich in der eben noch benei¬
1039 3586 1768 3640 hat für dieses Stück Wunder in der
2509 3599 3268 3654 ten verbunden ist, Gelegenheit zu geben,
1772 3602 2507 3652 lich ihren Liebesbriefwechsel mit dem Mün¬
126 3614 299 3669 Junc¬
315 3614 1062 3679 deten Größe, da versinkt auch der Haß, da
1049 3623 1768 3693 Dressur von Statisten verrichtet und auch
2513 3638 3259 3700 diese Stück anzusehen. Die Besetzung
1773 3646 2508 3695 chener Skribifax wiedergegeben hat. Aber
111 3656 306 3711 ihrer Geo.
314 3656 1777 3726 fällt auch die letzte Maske des Lebens. einen eigenartig wirkenden Stil der Dar¬
2504 3666 3250 3754 bleibt genau dieselbe wie s. Z. bei der
1771 3682 2509 3750 auch dieser ist auf die gescheidte Idee ge¬
110 3698 305 3752 obert Da¬
309 3696 1786 3783 Rademacher läßt ihn ziehen, ohne den stellung herausgearbeitet. Die einzelnen
2511 3721 2708 3784 Première.
1775 3717 2501 3776 kommen, und so giebt's zwei Romane mit
114 3741 307 3793 on wurde
318 3738 2525 3779 Racheplan auszuführen, denn was geht Figuren bleiben dabei etwas schemenhaft, theilweise verbatim gleichem Inhalt und
112 3779 301 3841 verursacht
315 3780 1039 3840 ihn des Anderen Glück, was geht ihn
1036 3790 1779 3855 das Stück wirkt mehr en masse. Herr
1768 3810 2513 3856 natürlich einen Skandal, der aber schließ¬
138 3823 298 3876 der Ge¬
2589 3797 3163 3894 Bayes gegen Ihmsen.
303 3821 1049 3887 überhaupt noch an? Ihm bleibt nur noch
1046 3834 1775 3891 Weigert spielte die Hauptrolle des eifer¬
1774 3850 2520 3913 lich doch durch die gottsträfliche Dummheit
116 3861 299 3931 Jahre alt
312 3864 1768 3935 der Tod und die Lebenden behalten Recht, süchtigen Schauspielers mit packend dra¬
1778 3891 2510 3942 des Sportsbarons vermieden wird. Das
296 3905 1787 3963 Ein tiefer psychologischer Gehalt steckt in matischer Wucht, Herr Marlow als der
1775 3932 2493 3981 Stück ist geistblitzend, im besten Schnitz¬
2507 3910 3231 3999 Sheriff zeiht die Hearstianer der Un¬
111 3923 307 4001 estern in
313 3944 1048 4011 diesem Dramolett, von einer Feinheit, die
1036 3962 2511 4043 „Herzog“ Herr Sauermann als ein ver= ler'schen Lustspielstil geschrieben und die
112 3993 301 4041 alter von
2587 3982 3155 4060 wahrheit in der Kampagne.
312 3986 2499 4076 fast in sein ist für die Bühne. Herr, soffener Schauspieler, Herr Collot als der Handlung wird in unwiderstehlich schla¬
101 4031 316 4091 telle von
106 4070 325 4136 hat, als er
2536 4083 3241 4158 In entschiedener Weise hat Sheriff
128 4111 306 4177 Suptem¬
2477 4148 3222 4192 Hayes Protest erhoben gegen die versteck¬
