3344 4352
347 123 1281 164 il non breve atto e lo fece arrivaro alla fine,
1315 131 2207 198 — Teatro Torinese — Ricordiamo che
342 156 1276 204 il ehe non sarehbe forse accaduto se l’attore
225 154 276 203 8
1274 178 2210 247 va in scena questt. sera la rivista di sogget¬
225 192 341 247 ice¬
345 194 918 245 non fosse state... Piperno.
1285 221 1912 272 to torinese: 4 La Turineide „.
233 225 346 273 am¬
382 222 1274 287 Poiche questo g Monsignore in vacanza ).
1319 238 2211 310 Si tratta di unn bizzarria comico-musicale,
238 266 338 308 ien!“
352 269 1284 316 che occupa le sue ferie a risalire ai tempi
232 296 323 347 opra
1288 299 2215 349 seritta d. Amileare Solferini e Giovanni Ga¬
346 309 1270 356 della sua gioventü, ed a ricevere — sia pure
254 330 339 377 da
1296 330 2216 381 staldi. 6 musicata dal maestro Alberto Consi¬
344 344 1283 398 nella piü corretta delle forme — una signora
232 347 341 423 #7e
1285 377 2210 429 glio, per la Compagnia dialettale piemontese
329 392 1277 436 [matura, che prima di essere tale fu amata
1292 414 1882 475 che agisce u questo teatro.
339 421 1291 492 da lui quando egli era militare, e che appun¬
1321 453 2222 507 Solferini e Gastaldi (Tito Livido) sono due
320 464 1280 514 Ito per lei, non credendosi amato da lei, la¬
1292 480 2223 538 ben noti e valorosi cultori del nostro verna
326 500 1278 551 sció la sciabola per il bastone.., pastorale;
1286 535 2217 584 colo, o Alberto Consiglio é un giovane stu¬
338 543 1282 589 questo 7 Monsignore in vacanza s, anche se 0
1293 578 1989 631 dioso e promettente compositore.
342 586 1285 639 un discreto motivo drammatico, 6 troppo let¬
209 562 323 654 10
1325 609 2219 658 E insieme con l’intento di far cosa Sovra¬
338 624 1288 674 terario, troppo prolisso e non pud divertire.
1290 649 2222 697 tutto divertente, hanno dato mano a questa
383 670 1287 716 Non neghiamo che l’atto contenga delle fi¬
1291 690 2220 753 euriosa rivista, ehe va in scenn — ripetiamo
216 698 330 759 n10r
353 703 1282 756 nezze e dei tratti buoni; non neghiamo che si
1348 723 2224 784 questa serd, ed alla quale facciamo i nostri
216 743 344 793 pato¬
353 745 1294 800 possa leggerlo con vivo interesse; ma non
1287 765 1565 834 vivi anguri.
219 782 343 843 nero¬
335 778 1289 850 possiamo riconosgergli quelle qualità che fan¬
344 823 855 885 no 11 successo tentrale.
263 833 352 904 da
393 847 1279 909 Gnesto fu anche il parere de.l’uditorio, che
1287 819 2224 939 Linauguraz. dell Esposizione di Belle Arti
212 892 350 949 lizio.
350 897 1276 948 decreto la enduta di & Monsignores, malgra¬
1462 918 2042 1001 al Circolo degli Artisti.
222 939 349 995 erina
361 941 1295 994 do la valentia di Ugo Piperno, della Barach
221 978 347 1026 ra di
355 985 1289 1034 e dlella Piperno, che recithrono l'atto di Cla¬
1329 976 2233 1036 leri, alle ore 15, con l’intervento della
233 1004 696 1088 AR
1275 1034 2230 1089 Principessa Lactitia, ricevuta dal cav, avvo¬
217 1049 354 1114 io.
1285 1072 2224 1118 cato G. Lavini, presidente, dall’avv. Arba¬
500 1071 1115 1131 EE ULTIIEE MASCHERE.
244 1097 351 1163 abei0
1290 1108 2226 1150 rello, segretario, e dal pittore Carutti, consi¬
385 1115 1285 1173 Questo é un dramma di Arturo Schmitzler.
1299 1148 2226 1199 gliere, fu inangurata la consueta Esposizie¬
334 1163 1284 1223 autore di un & Intermezzo, che su queste
1298 1189 2220 1238 ne promossa dalla Società d’incoraggiamento
345 1200 1284 1259 stesse scene non ebbe fortuna tempo addietro.
209 1214 266 1271 1·8
1300 1229 2139 1277 delle belle arti al Circolo degli artisti.
377 1243 1285 1293 La fortuna non fu piu propizia al dramma
225 1258 359 1322 dela
1329 1244 2219 1323 E la festa quasi famigliare, ma resa pin
354 1267 1302 1347 di ieri sera, che si svolge nel fetro ambiente
1286 1307 2223 1368 animata del consucto dalla ricorrenza del
355 1315 707 1374 di un ospedale.
211 1341 317 1388 sta.
1297 1352 2228 1401 cinquantenar della fondaziono della Societh.
387 1337 1286 1405 II protagonista 6 Rademacher, un giorna¬
218 1371 344 1435 isera
1305 1388 2239 1432 si svolse fra notevole affluenza di soci e di
354 1370 1285 1442 lista ridlottosi a morire all’ospedale, forse per
215 1421 337 1472 asare
1302 1421 2248 1481 invitati, fra cui notammo il comm. Davide
357 1435 1293 1477 onesta, forse per non aver saputo essere ab¬
223 1461 348 1507 ia di
1298 1469 2237 1522 Calandra, presidente dei Cireolo; il profes¬
346 1472 1292 1516 bastanza furbo, fors’anche per predostinazio¬
220 1499 343 1550 ceva
1293 1510 2227 1552 zore Piero Giacosa, presidente dell Accade¬
352 1513 1291 1579 ne. Ma prima di morire egli sente il bisogno
254 1544 335 1585 un
349 1550 1127 1598 di vendicarsi, di sfogarsi finalmente,
1283 1539 2233 1604 Imin Albertina; i1 comm. Barisone, intendente
214 1573 347 1639 dico-
1295 1582 1547 1640 di finanza;
382 1578 1286 1636 Ed ottiene di poter parlare un'ultima volta
1581 1591 2217 1632 prof. Giacomo Grosso; i1 rot¬
1296 1626 2221 1673 tore dell' Università prof. Camerano e molti
340 1629 1290 1694 col celebre pocta Weigasth, al quale ha tante
210 1655 350 1713 10 un
1297 1662 1458 1717 artisti.
354 1670 1290 1716 cose da rimproverare, da rinfacciare, da far
206 1705 1304 1754 cadu-sdontare. Al riccoe glorioso pocta che vive
1333 1691 2220 1767 La Mostra fu assai apprezzata, e bene pud
351 1748 1296 1792 felice, mentre egli mnore cosi miseramente,
1294 1740 2226 1804 definirsi una fra le migliori di questi ultimi
214 1757 1284 1833 urono prepara una sorpresa che gli farà assaporare
1303 1791 2237 1838 anni, malgrado Tastensione forzata di alenni
359 1836 1172 1890 tutte le ebbrezze divine della vendetta.
1297 1828 2222 1876 artisti, eni certo fervera in cnore il vivo de¬
196 1864 360 1915 10; ma
1299 1868 2228 1918 siderio di inviare un segno visibile del loro
379 1864 1289 1922 Egli urlerà in faccia al pecta tutte le bas¬
1305 1905 2230 1964 walore, un segno che fosse come #in consen¬
352 1897 1302 1960 sezze. tutte le vigliaccherie a prezzo delle qua¬
1308 1941 2235 1994 timento ed un angario, e non poterono farlo
215 1943 1297 2011 zzano li si conquisto fama e quattrini: ma gli avve¬
1310 1990 2241 2030 o per motivi di salute o per trovarsi sopraf¬
340 1987 1288 2050 lenerà l’esistenza dicendogli che egli, Rade¬
229 2011 353 2087 dopo
360 2035 1292 2081 macher, fu per due anni l’amante della mo¬
1299 2027 2238 2078 fatti da un enmulo di lavori importanti ed
1305 2061 1782 2125 urgenti ad un tempo.
356 2074 1299 2127 glie di lui.,, In ques o pensiero il moribondo
1337 2090 2232 2159 Cosl notammo l’assenza del conte Corsi.
357 2100 1295 2160 trova forze ed energie inattese.,. Ma quando
252 2110 342 2170 sul
359 2140 1289 2198 Weigasth gli sta di fronte ogni proposito di
1300 2138 2229 2197 decano fra gli espositori, e fra essi uno dei
359 2193 1293 2241 vendetta cade ed il colloquio diventa un tri¬
1303 2191 2239 2246 pin assidui (a lui l’augurio di una completa
357 2231 1120 2289 ste e melanconico saluto supremo.
1297 2232 2238 2283 guarigione), quelle di Marco Calderini, di
212 2232 363 2297 nediei
387 2248 1300 2309 La macchietta di un attore, malato anch’es¬
1301 2272 2242 2321 Vittorio Avondo, di Paolo Gaidano, di Leo¬
362 2303 1299 2352 so, posto à flanco del giornalista, mette qual¬
1309 2301 2248 2363 nardo Bistolfi, di Davide Calandra, di Pie¬
367 2349 1296 2398 che Ince, non lieta peró né vivida, nel gri¬
1310 2349 2241 2404 tro Canonica, di Luigi Belli, del Rubino, del
205 2358 355 2413 quello
364 2381 1292 2440 giore del quadro che all’uditorio di ieri gera
1305 2391 2239 2450 Reduzzi e d’altri e d’altri ancora, specialmen¬
229 2399 357 2461 6ert6
353 2432 1296 2477 non piacque troppo, fors’anche porché il con¬
1300 2426 1716 2489 #te fra gli scultori.
361 2461 1304 2510 cetto fendamentale parve alquanto involuto e
1341 2459 2249 2535 Figura invece ancora il povero Delleani (o
369 2498 1294 2560 nebbioso, e perché lascia come un senso di
210 2487 361 2563 timo
1313 2504 2233 2567 rivive nel rapido e forte ritratto dipinto in
364 2548 714 2615 peso sul cnorc.
230 2554 357 2603 I pen¬
1298 2549 2239 2597 due ore da Giacomo Grosso) con due di que¬
396 2567 1302 2634 Ruggero Ruggeri ed E. Ferrero eseguireno
207 2588 363 2644 Panni
1316 2589 2239 2646 gli studi pieni di sole e di vigore, che egli
370 2621 1303 2679 con molta cura le parti loro affidate, ma i
238 2636 362 2679 cad¬
1305 2634 2228 2683 — si pud dire — improvvisava; e questa po¬
368 2673 761 2727 dramma é caduto.
216 2660 374 2721 el ku¬
1300 2661 2234 2734 stuma apparizione sembra rendere pin amara
624 2700 1052 2772 CENA D’ADDIO.
216 2707 374 2776 listra,
1304 2713 1995 2761 la dipartita del grande pacsista.
1352 2751 2240 2804 Giacomo Grosso espone inoltre due ricordi
404 2738 1304 2810 Anche quest’altro atto, che — Pio sia lo¬
206 2772 356 2849 la fab¬
1314 2789 2246 2852 di Venezia, superbo l'’uno di vecchi warmi
377 2788 1299 2848 dato! — 6 comico, porta la firma di A.
234 2830 357 2879 dove
1311 2822 2254 2889 fiammeggianti al sole, l'altro in una gamma
379 2839 1313 2903 Schnitzler, e quella del signor C. Lovi per la
215 2869 368 2925 gindi¬
1301 2874 2249 2939 vaporosae tenue, ricca di finezze e di tra¬
368 2886 643 2938 traduzione.
209 2909 370 2980 Iptien-
1311 2906 2249 2974 sparenze deliziose. Alla sua volta Vittorio
410 2894 1298 2970 E veramente si sentiva la necessità di un
1313 2959 2251 3019 Cavalleri, pin ancora cho del suo schiz¬
368 2960 1307 3023 po’ di respiro e di sollievo, dopo la tetrag¬
208 2973 366 3045 zione.
1315 2998 2244 3045 z0, ove il vigore consueto 6 contrasta¬
369 2998 1298 3059 gine incombente dei due lavori precedenti.
1315 3025 2242 3081 to dalla scelta di un motivo abbastanza di¬
207 3034 359 3095 #ite in
371 3043 1296 3100 Fors'anche per questo a & Cena d’addio, sor¬
1306 3072 2247 3134 scutibile, deve essere lieto di avere nel Lupo
370 3077 926 3136 riso lietamento la fortuna.
211 3080 371 3131 oti la¬
1365 3116 2246 3164 giä suo allievo — und dei migliori espo¬
404 3094 1310 3178 L’azione che seintilla nel piccolo atto si
211 3118 373 3184 el suo
1298 3141 2252 3217 sitori, tanta prontezza e sicurezza di visione
371 3152 876 3221 dice in quattro parole
218 3164 371 3213 a, ru¬
1317 3201 2219 3252 sono nelle sue due tele di cavalli al guado.
405 3197 1299 3255 Annetta ed Anatolio, due amanti, si sono
215 3193 374 3261 22 in
1338 3234 1381 3279 1
1400 3230 2246 3285 i bei nomi si seguono attraverso la bei¬
374 3239 1311 3295 giurato che il giorno che si sentiranno stan¬
1317 3270 2251 3321 lezza dei lavori. II Giani ha una squisita li¬
373 3274 1309 3330 chi l'uno dell'altro, se lo diranno, prima che
214 3272 374 3335 impre¬
1317 3312 2248 3371 gurina di signora; il Pollonera uno studio as¬
372 3321 1302 3369 sia troppo tardi, e si lascieranno da buoni
209 3320 368 3374 rnolo,
1308 3349 2242 3406 sai fine di paese; i1 Tavernier mma visione
213 3359 371 3420 ato di
1319 3387 2237 3444 montanina di beil'effetto; il Follini aleuni stu¬
408 3376 1295 3457 Anatolio ha invitata Annetta a cena per
227 3398 366 3462 vi ru¬
1311 3441 2235 3486 di vivaci; il Bernardi due ritratti d’una gran¬
375 3436 1300 3485 dirglielo. Egli ama un'altra, ed é tempo di
206 3439 374 3510 tri og¬
1312 3473 2242 3521 de spontaneità o vivezza; i! Ceragioli due a¬
368 3469 1305 3534 lasciarsi. Per esser pin sicuro di sé volle che
1315 3520 2244 3571 ristocratiei bustini in bronzo ed alenni dise¬
386 3520 1306 3567 la cena fosse presenziata anche dal suo amico
207 3511 362 3576 arriera
375 3556 2189 3610 Massimo, che in ogni caso farà da cusci-Igni, che fanno pensare all'Hiellen, tanta
217 3567 375 3614 uni 21,
1297 3585 2245 3650 TIa caratteristica eleganza; e pol, via vid. cc¬
208 3594 371 3644 tte ven¬
381 3601 525 3650 netto.
1318 3624 2250 3679 coil Piumati ed il Ferrandi, il Bussoline. il
205 3626 379 3690 le gli
407 3609 1299 3692 Senonché la confessione di Anntolio d pro¬
206 3666 287 3719 4.
1308 3671 2246 3729 Maggi.jil Bedeschi con un interessantiss mo
371 3672 1308 3721 venuta da quella di Amnetta, venuta — dice
208 3695 370 3758 in Gio¬
1309 3709 2248 3757 gconcdhso2 di composizione storica; il Fer¬
368 3709 1302 3758 lei — per dire addio alle ostriche, allo
1313 3744 2240 3798 ro. il Baronio, il Bozzalla, il Berrino, il Con¬
394 3755 1304 3808 Chably s ed allo echampagne, perché
213 3757 371 3834 litigio
1314 3794 2220 3839 terno, fl'Arbarello, I'Alloatti, i! Morelli. 1'A.
372 3788 1313 3847 olla ama un povero diavolo che c.,, 1I suo
275 3822 371 3865 pa¬
1480 3825 2234 3895 Biscarra, il Pozzi, l’Omegna, il Fu¬
1315 3834 1433 3883 lice.
376 3834 583 3896 destino.
221 3850 377 3900 1a con¬
1312 3862 1497 3930 magafli.
403 3847 1307 3934 Le smanie di Anatolio di Üiberarsi dell’a¬
216 3886 376 3931 del si¬
1343 3900 2251 3977 Mg a che pro continuare l’arida enumernzio¬
379 3900 1324 3974 mante svaniscono per incanto. In sostanza
216 3922 375 3971 mpagno
1525 3960 1607 4019 Pen
386 3957 776 4017 — PH I
677 3995 732 4031 1
724 3958 1236 4054 SSR
374 4039 2244 4086 rarsi in me un gran mutamento.,, Mi sono Ve-Pfeino alla strada, che dalla Muette vani laghi.
1311 4075 2231 4119 era un'ora od un'ora e mezzo di notte a un di¬
353 4079 1307 4135 (nute sull’avvenire idee, che non avevo mai
1313 4108 2238 4164 presso e mi preparavo a fumare una signretta
367 4112 1303 4173 avute, e mi pento adesso di non essere stato un
380 4141 2237 4206 opernia pin Tgslare. di Trovarmi senlza nessanfbrimn di dormire, quando ad un tratto ode mins.
2212 145 3160 213 Inogo Tinauguraziona del Cengresso musica¬
2207 173 2508 235 Ie didattico.
2254 210 3160 268 Il salone era gremite, tr# #nt si notavnno
2220 244 3152 311 antorita e notehllite, # irrese 1 preictto
2212 295 3155 359 comm. Panizserd, 1 eav. Galvagnini, dele¬
2222 338 3162 394 gato dal ministro della pubblicn istruzione, e
2227 384 2845 436 Runierosi maestri compositori.
2258 409 3172 466 Parlarono il prof. Gallignani, direttore del
2221 454 3181 523 Conservaterie. dopo di lui parlarono i1
2225 495 2833 555 prefetto, il sindaco ed altri.
2260 539 3157 595 Tarlarono ancora il env. Salvagnini in
2221 574 3171 624 rappresentanza del ministro Rava; 1 maestri
2223 599 3173 656 Falchie Zulli, 11 s#cretario lesse quindi le
2234 650 3164 698 sdesioni numerosissime venute da ogni par¬
2220 687 3168 737 te d’ Europa, e finalmente il signor Berthier,
2224 727 3172 780 rappresentante 11 Comitato francese, disse po¬
2222 772 3133 824 che parole di saluto vivamente applandito.
2263 802 3167 859 La presidenza viene cost costifnita: presi¬
2230 840 3174 891 dente, per acclamazione, Faleln di Romn;
2216 878 3178 942 Nicola De Rienzi di Napoli, vice-presidente;
2227 926 3177 978 Fano di Parma e Zulli di Palermo, segretari.
2313 966 3183 1027 La commedin d'un glornalista
2969 1012 3183 1061 egrata il
2235 1018 2820 1067 acchamala & Padova —
2229 1053 3184 1119 nostro corrispendente da P’ADOVA, in data
2231 1096 2534 1155 15 dicembre:
2274 1114 3183 1192 Stasera, al teatro Garlbaldi. la Compagnia
2236 1163 3184 1221 Benini rappresentó & La gran calsn v. com¬
2233 1215 3181 1264 snedin del giornalista voneziano Attilio Schia¬
2230 1242 3192 1293 voni. Lacommedin ebbe esito lusinghiero. Vi
2236 1286 3196 1355 furono numerose chiamate agli artisti ed al¬
2237 1338 2434 1387 Tantore.
2302 1361 3130 1452 11 Siro di confarenze di Guglialmo Ferrero
2531 1422 2876 1499 negli Statl Uniti.
2281 1458 3181 1536 Telegrammi giunti da NEW-ORK recano
2229 1527 3177 1580 che Guglielme Ferrero, depo und Seitimann
2238 1565 3186 1612 di conferenze a. Roston, e dopo und settima¬
2238 1606 3190 1650 na di permanenza a Washington presso i1
2235 1635 3195 1695 presidente Roosevelt e Tambasciatore italiano
2228 1674 3188 1723 Mayor, ove ebbe accoglienze festose, tenne
2232 1715 3189 1774 ieri, 15 corrente, a New-York, una prima
2238 1758 3074 1818 conferenza destande grande entusinsmo.
2276 1770 3187 1848 La colonis italiana a Boston diede ai
2230 1829 3183 1879 coniugi Ferrero un pranzo di 200 coperti. La
2241 1881 3189 1934 signora Perrere-Lonthroso inauguró con una
2238 1917 3188 1983 conferenza i lavori italiani femminili a Bo¬
2248 1962 2380 2013 Ston.
2519 1968 2750 2051 —
2355 2037 3102 2102 Vedi continunzione a pagina 6.
2280 2182 3195 2272 Stahareele s spegnera
2240 2243 2749 2306 nel bacio del Signore 11
2632 2272 2841 2342 IAHVI
2280 2298 3159 2375 Prof. car. Mawaaea GIESEPPE
2394 2368 3051 2426 Dottore in filosefla e lettere
2285 2397 3148 2458 Direttore Senole Municinali di Torino.
2283 2462 3187 2511 Le figlie L1I84 redova PEA e VIVINA, cor
2240 2486 3197 2540 parenti tutti, col euore in ischianto, ne danno
2255 2528 3192 2583 il doloresis-Imo anrumzio e ringraziano antici¬
2251 2564 3197 2620 patamenie le gentili persone che vorranno dare
2240 2604 3191 2651 un ultimo tributo d’alfetto all’estinto nccompa¬
2246 2644 3198 2689 gnandono la salma in sepoltura, giovedl, 17 cor¬
2249 2677 3197 2733 rente, allo ore 9. partendo da via Consolata, 1.
2268 2716 3195 2767 Non si mandaue partecipazioni speciali  si
2252 2740 2669 2804 dispensa dalle vieite.
3044 2761 3189 2822 (34253
2547 2765 2774 2830 dicembre 19
2314 2775 2529 2830 Torino, 15
2514 2928 2672 2986 N
2489 2968 2748 3021 SI LIRCRFRR
2496 2993 2822 3051 ch
2244 2996 2938 3077 W
2549 3058 3213 3129 6, rendeva serenamento l’anima a
2280 3067 2440 3118 Jeri, all
2244 3073 2954 3168 Dio, munito dei cenforti religiosi, il
2524 3141 2738 3227 ESeh
2284 3179 3163 3260 Gar. ArusskNens Chsio
2589 3242 2862 3301 Tanni 61.
2285 3274 3185 3336 La moglie Liberata Camandena, il figlic
2246 3324 3179 3373 Alfouse, le flalle Ritae Len, il fratello Mag¬
2248 3364 3191 3414 giore cur. Fransesc con ln moglie Carolina
2246 3399 3189 3445 Cesans, le flalie dinseppinn o Maria. i cognati
2254 3436 3193 3487 ecognate e parenti tutti, profondamente afflitti,
2252 3464 2795 3523 no danno il triste annunzio.
2265 3496 2871 3566 Non si mandane partecipazioni.
2282 3517 3198 3604 1 inverali acranno Inore in Piossasco giovedl,
2248 3573 2695 3638 17 corrente, alle als J.
3047 3580 3205 3624 (34252
2765 3613 2979 3701 S
2293 3671 2690 3739 G A h
2570 3745 3195 3816 Per trgeporti funehri, anniversari
2383 3776 3123 3874 gund gewrg arttern 5s M —
2570 3824 2684 3876 w#h
2263 3864 3179 3950 Tae CIStiatiOft — Tia Pietre Mies, u 2.
2253 3941 3051 4014 semunsemmrihner Pihm mnnmanrnr N Wir LarbcmnAnE
2272 4017 3185 4070 I siguer De Gévriel si sentl anch’egli inva¬
2245 4060 3186 4110 dere dail’entusiasmegenerale, passando dall’e¬
2254 4100 3188 4156 stremn dilli#enza ud uun grande fiducia, e, poiche
2254 4139 3192 4190 s’ers mestrato gesei inginsto verse Major al
