3392 4320
1488 157 1963 258 box 34/7
232 166 1405 267 8. Die letzten Masken
171 1419 2764 1576 . A. PFr. Inm Kerglähtigen. Lorschlitn
2008 1504 2168 1562 B
1792 1513 1952 1576 e
1116 1518 3240 1643 „Die letzten Masken“. Schauspiel in einem Auf= gegen das Problem, daß die sehnsüchtigen und glühen¬
2133 1547 3252 1656 den Lieder des Dichters auf und an Madonna Laura
1044 1617 2078 1710 zuge von Arthur Schnitzler. (Zum ersten Male.)
2134 1606 3242 1695 erst gewirkt haben, als die Jugend hinter dem Dichter
200 1637 1051 1706 Hier, wo für die Titelrolle nicht wie im
1058 1638 2152 1733 „Literatur“. Lustspiel in einem Aufzuge von Arthur
2146 1654 3247 1733 und der Gefeierten liegt und Petrarca der Welt und
136 1677 1059 1757 an“ und „Barbier von Sevilla“, die meister¬
1050 1701 1711 1786 Schnitzler. (Zum ersten Male.)
2153 1691 3248 1780 ihren Eitelkeiten entsagt hat, daß die nun empor¬
145 1729 1060 1806 krrschung des Parlando die Hauptsache ist, wo
1127 1727 2142 1822 Hätte die Leitung unserer Hofbühne mit dem gestrigen
2152 1719 3252 1822 schlagende Liebesflamme nur noch versengen und die
141 1764 1060 1855 hehr die Lavaglut südländischer Leidenschaft in
1063 1792 2149 1859 Schauspielabend, der drei neue deutsche Dichtungen vor¬
2154 1777 3251 1864 Seele trüben, aber weder mehr erwärmen noch erhellen
147 1815 1055 1897 ntilenen ergießt, hier ward es empfindlicher
1069 1819 2152 1912 führte die lehrhafte Absicht verbunden, uns die beiden
2149 1822 3253 1919 kann, gegen den Gedanken, daß Petrarca, der Lauras er¬
157 1860 1065 1940 f, daß das nie besonders große Organ bedenklich
1058 1866 2152 1946 äußersten Pole vor Augen zu rücken, zu denen sich die
2152 1869 3257 1959 wachte Leidenschaft zurückweisen muß, doch fühlt, daß er
151 1908 1059 1978 ken hat. Das Schwinden des eigentlichen Timbre,
1066 1912 2146 1993 Pocten der Gegenwart in fieberhaftem Wechsel hin¬
2157 1911 3251 2002 am inneren Elend und der Seelennot der ehedem ge¬
160 1943 1067 2027 Neigung zum Zutiefsingen machte sich mit der
1067 1962 2153 2045 gezogen fühlen: unklare, traumselige, in Stimmung
2155 1954 3261 2055 liebten Frau eine Schuld trage, läßt sich nichts erinnern,
203 1989 1058 2061 Ermüdung der Stimme im Verlaufe des
1062 1997 2152 2087 schwelgende Neuromantik hier, deutliche, rückhaltlose, mit
2159 2001 3252 2095 als daß Gestalt, Problem und Gedanke warm und über¬
157 2019 1075 2115 fecht bemerkbar, und wenn der Künstler trotzdem
1062 2050 2153 2124 schärfster Beobachtung durchtränkte Wirklichkeitsschilderung
2154 2045 3258 2140 zeugend belebt werden müssen. Auf die Wirkung des
185 2076 1074 2149 starken Erfolg zurückblicken konnte, so hatte
1256 2106 2154 2176 sie würde ihre Absicht voll erreicht haben.
2158 2087 3266 2173 berühmten Dichternamens, auf opernhafte Gegensätze,
1066 2117 1186 2174 dort
175 2109 1065 2198 e schon Eingangs angedeutet, vornehmlich seiner
1066 2134 2159 2207 Das den Abend eröffnende dramatische Gedicht „Un¬
2164 2117 3258 2225 Gruppen und Bilder, auf überlieferte äußerlich roman¬
176 2165 1080 2244 Darstellung und deren kräftiger persönlicher
1066 2180 2168 2263 sterblichkeit“ von Königsbrun=Schaup, dessen Held
2167 2192 3256 2272 tische Drapierung darf nicht gebaut werden. Aber zu
154 2210 1072 2291 sonaler Note zu danken. Sie aber war es auch,
1083 2215 2172 2311 und Heldin der eben von seiner Krönung auf dem
2169 2225 3269 2311 echter individueller Belebung ist in dieser „Unsterblich¬
156 2249 1081 2340 hal unseren einheimischen Künstlern den Stand
1075 2262 2166 2348 römischen Kapitol in die Provence zurückkehrende Dichter
2167 2263 3261 2356 keit“ kaum ein Ansatz in der Erinnerung Petrarcas an
205 2304 1080 2371 Einen Herzog, der im Spiel ein Partner
1071 2303 2172 2400 Francesco Petrarca und die Madonna Laura seiner
2170 2319 3264 2413 seine im vergessenen Grabe ruhenden Eltern und
153 2344 1085 2432 n Rigoletto hätte sein können, besitzen wir in
2688 2366 3272 2437 e übel getan habe, das
1091 2355 2164 2439 Sonette sind, gehört mit Haut und Haaren, Heiligen und
2173 2369 2645 2448 im Geständnis, daß
163 2389 1088 2470 jeßen nicht, und auch Frau Wedekind mußte
1086 2404 2166 2490 Hymnen, mit dem Apparat von Blumen und Kränzen,
2174 2401 3259 2496 Geheimnis seiner Liebe in die Welt hinaus¬
159 2433 1091 2520 ßes darstellerisches Vermögen zusammennehmen,
1081 2447 2171 2527 von Altären und Weihrauchsfässern, mit Wolken und
2171 2450 3273 2537 zuschreien, vorhanden. Im übrigen bleibt alles ab¬
151 2491 1087 2559 neben Hrn. d'Andrade zu behaupten. Hier blieb,
1086 2483 2169 2570 Düften, mit seinen dekorativen und musikalischen Glanz¬
2167 2487 3272 2580 strakt, herkömmlich arrangiert, das Zeichen für die
152 2511 1095 2604 Ensatz zu diesem, die Wiedergabe des gesanglichen
1088 2535 2172 2619 lichtern, mit dem Drang im halbverständlichen Vorgang
2169 2536 3267 2619 Sache setzend. Es gewinnt nahezu den Anschein, als ob
142 2573 1077 2657 er Leistungen bester Teil. Die weitere Rollen¬
1096 2571 2176 2660 einer kleinen Stunde des ganzen Lebens Sinn und
2172 2580 3277 2661 Clemens der Heilige, der den Konflikt wie den Tod der
181 2616 1091 2684 des Werkes war die übliche geblieben. Am
1088 2614 2168 2710 Widerspruch zu spiegeln, mit dem Tonfall seiner fünf¬
2175 2625 3271 2711 ärmsten Laura vorausahnt, die sämtlichen Figuren und
143 2659 1085 2741 ber waltete diesmal nicht der Verdi=Dirigent
1084 2664 2178 2752 füßigen Jamben den Versuchen an, die Romantik
2175 2655 3280 2747 Vorgänge an Drähten lenke und zum Schlußbild, in
150 2697 1096 2787 cellence Hr. v. Schuch seines Amts, sondern
1097 2713 2177 2794 neu zu beleben. Trüge es statt der Jahreszahl 1903
2172 2712 3281 2799 dessen Mittelpunkt er selbst tritt, hinführe. Jedenfalls
155 2733 1101 2825 stschbach Wohl aber empfand man es bei
1092 2762 2179 2838 die Jahrzahl 1803 auf seinem Titel und wäre als
2180 2758 3207 2843 taten die nie versagenden lebenden Bilder und die l
158 2792 1092 2867 kemperamentvoller und feinfühliger Leitung, daß
1104 2798 2175 2884 Dichter nicht Königsbrun=Schaup, sondern irgend ein
2180 2803 3279 2889 kannte „schöne Sprache“ ihre Schuldigkeit und täuschten
157 2833 1099 2913 schule machte, und das wird man um der ferneren
1094 2847 2180 2926 Pellegrin, Isidorus Orientalis oder Bonaventura ver¬
2178 2846 3284 2931 wieder einmal das Publikum über den Mangel an
154 2882 1100 2967 der italienischen Musik willen nur mit Freuden
1096 2888 2183 2973 zeichnet, wir würden leicht glauben können, daß wir es
2178 2904 3281 2982 natürlicher Frische und Gestaltungskraft, an schlichter
917 2929 1070 2996 O. S.
164 2949 366 3014 fen.
1094 2936 2180 3018 mit einem schwächeren und unbeseelten Modeprodukt aus
1087 2947 3272 3056 den Tagen des Tieckschen „Oktavianus“ oder des Wahrheit des Gefühls und überzeugender Beseelung
160 2990 1106 3096 igl. Schauspielhaus. — Am 27. d. Mts.:
435 2975 3279 3121 Dramatisches Gedicht in einem Brentanoschen „Ponce de Leon“ zu tun hätten. Gegen eines Phantasiestücks hinweg. Die reiche, malerisch über¬
1101 3006 3285 3174 den Versuch, die Gestalt Petrarcas lebendig einzuführen, aus wirksame Ausstattung, die Mitwirkung einer Anzahl
166 3077 451 3142 rblichkeit“.
178 3107 1110 3197 von Königsbrun=Schaup. (Zum ersten Male.)
