3344 4352
956 301 1080 368 Ma
182 300 1292 418 8. Die letzten sken
1444 293 1906 390 box 34/7
2457 906 2836 997 8. April 1914.
1672 1026 2895 1124 geben die letzten Masken (ebenfalls aus Künstlerkreisen)
1444 1062 1643 1131 nit dem
1665 1081 2879 1170 dem Satze Ausdruck, daß beim Nahen des Tobes alles Ir¬
1447 1118 1653 1191 n nicht
1669 1130 2884 1209 dische klein und nebensächlich wird, daß sogar der Haß er¬
1677 1171 2885 1266 lischt. Diese beiden Stücke sind, wie gesagt, dem Zyklus
1482 1224 1646 1301 4 Uhr
1677 1244 2881 1327 „Lebendige Stunden“ entnommen und sollten doch lieber
1529 1286 1657 1352 „Die
1670 1287 2889 1363 in der vom Dichter geschaffenen äußeren Verbindung blei¬
1448 1286 1506 1388 1
1523 1338 1652 1399 wird
1682 1334 2887 1416 ben, weil diese durch eine bestimmte innere veranlaßt wor¬
1475 1383 1649 1463 izukün¬
1685 1378 2900 1468 den ist. Der Hochzeitsmorgen ist die letzte dramatische
1674 1432 2890 1506 Skizze aus der Anatol=Serie und zeigt den Helden in un¬
1680 1473 2896 1580 freiwilliger (wohlgemerkt!) Komik. In der Darstellung
1476 1493 1658 1566 i neuer
1689 1531 2899 1617 erhielten der erste und letzte Einakter das Gepräge durch
1469 1556 1663 1626 Namen
1687 1577 2900 1670 Frl. Liese Mittelmann, der mittlere durch Herrn
1468 1606 1661 1669 n Zweck
1682 1628 2911 1719 Grune. Frl. Mittelmann hatte in den letzten Jah¬
1476 1656 1663 1717 arlehen
1687 1688 2908 1762 ren mehrmals bei Dilettantenvorstellungen so großes
1476 1705 1662 1769 fürftige
1683 1725 2898 1814 Aufsehen erregt, daß der Entschluß, sich für die Kunst der
1475 1757 1658 1825 hltätig¬
1689 1778 2898 1865 Menschendarstellung auszubilden, eine natürliche Folge
1497 1807 1657 1884 hl von
1688 1828 2907 1912 war. Gestern trat Frl. Mittelmann zum erstenmal im
1514 1853 1670 1918 n und
1689 1881 2904 1967 Kreise von Berufsschauspielern auf. Wer die Wahl der
1497 1908 1661 1966 huma¬
1685 1936 2913 2019 beiden Rollen (Pauline und Ilona) als gewagt betrachtet
1490 1955 1663 2034 ß zahl¬
1688 1978 2912 2061 hatte, wurde am Abende angenehm enttäuscht. Die Lei¬
1541 2007 1670 2066 Der
1690 2028 2904 2120 stungen der jungen Dame waren sehr starke Talentpro¬
1475 2054 1670 2125 ggebühr
1696 2079 2917 2166 ben. Die Paola erforderte allerdings ein reiferes Weib¬
1481 2106 1674 2175 aich der¬
1700 2123 2909 2217 tum, aber die Intentionen des Dichters waren gut erfaßt
1479 2155 1670 2220 5 Aus¬
1691 2182 2915 2261 und die Anlage zur „großen Szene“ und zum pointierten
1482 2206 1665 2287 12, ent¬
1694 2233 2912 2316 Dialog ist da. Im Hochzeitsmorgen war viel Munterkeit
1700 2286 2925 2374 zu sehen und auch ein guter eigensinniger Ausbruch.
1484 2322 1667 2389 n wur¬
1702 2328 2913 2420 Wäre Frl. Mittelmann kein sturkes Talent, so hätte die
1497 2374 1668 2436 1 a 100
1705 2374 2914 2465 Darstellung zweier so himmelweit von einander verschie¬
1499 2426 1677 2495 zenspur
1694 2454 2921 2519 dener Figuren total mißlingen müssen. Wir beglückwün¬
1494 2476 1675 2557 je eines
1700 2468 2913 2570 schen die Debutantin zu ihrem freundlichen Erfolg und
1524 2524 1680 2594 Indi¬
1703 2529 2929 2609 möchten ihr nur bescheiden den Rat geben, nun zu einem
1529 2575 1676 2641 Haus¬
1710 2578 2922 2669 richtigen Meister in die Schule zu gehen, nach Wien, Dres¬
1520 2618 1692 2688 sie des
1698 2631 2924 2709 den oder München. Wir hätten eine Menge kleiner An¬
1514 2675 1687 2738 gaben,
1701 2676 2920 2768 merkungen auf dem Herzen, aber wir wollen nicht irre
1521 2724 1675 2787 ihle di¬
1701 2733 2923 2803 machen durch Details; eines sei uns erlaubt zu sagen:
1517 2765 1686 2838 be und
1698 2779 2927 2879 Frl. Mittelmann war schlecht geschminkt. — Herr Degen
1541 2832 1684 2904 gegen
1717 2827 2920 2919 hatte die Rolle des Leonhard inne; er sprach sie vorzüg¬
1712 2861 2928 2969 lich, obwohl sie ihm nicht eigentlich liegt, sondern viel
1542 2943 1686 3020 ipt¬
1712 2927 2934 3024 besser mit Herrn Ströhm zu besetzen gewesen wäre, schon
1547 2992 1682 3056 ado“
1715 2979 2938 3079 aus Gründen der Erscheinung. — Der Rademacher des
1571 3047 1696 3108 inen,
1712 3033 2938 3118 Herrn Grune war ein Kabinettstück, auch als Remigio
1572 3088 1698 3158 Aus¬
1720 3076 2936 3166 und Max stellte er seinen Mann, eine anfängliche Heiser¬
1567 3138 1692 3234 ich
1714 3134 2932 3226 keit rasch bezwingend. In den letzten Masken war in
1714 3187 2946 3263 zwölfter Stunde noch eine Umbesetzung nötig, Herrn
1723 3238 2930 3322 Pruschas sympathischen Dr. Halmschläger merkte man
1570 3235 1696 3326 Pohl
1722 3267 2939 3372 das aber kaum an. Herrn Degen den Dichter Weihgast zu
1586 3313 1688 3386 sitzt,
1724 3331 2942 3427 geben, war auch eine Fehlbesetzung; wenn das nicht stö¬
1600 3374 1699 3431 zu
1725 3370 2933 3465 rend zum Ausdruck kam, so ist es dem in Chargen großen
1604 3416 1697 3481 im
1717 3429 2939 3523 Talent des Darstellers zu danken. An der Regie wollen
1613 3462 1703 3530 ut
1719 3486 2935 3567 wir diesmal nicht eingehend die vielen kleinen Mängel
1614 3518 1687 3563 fe¬
1717 3527 2944 3614 aufzeigen, grobe Verstöße kamen nicht vor. — Das Haus
1609 3546 1710 3638 id.
1721 3574 2940 3665 mar fast ausverkauft, die Stimmung des Publikums
1600 3614 1702 3676 hen.
2699 3626 2901 3703 F. M.
1597 3658 1700 3721 ter,
1715 3660 1954 3729 glänzend.
1614 3709 1702 3748 „
1805 3734 2938 3793 Verein zur Förderung der Tonkunst in der Bukowina.
1607 3738 1712 3816 ien
1723 3773 2935 3839 Heute 8 Uhr abends findet, wie bereits mehrmals ange¬
1730 3822 2946 3894 kündigt, unter der Leitung des Herrn Musikdirektors
1620 3841 1705 3907 Be¬
1733 3863 2934 3955 Hans Horner eine Aufführung von Mozarts Re¬
1607 3901 1710 3952 ge¬
1723 3916 2939 3990 quiem statt. Die Sol singen Fräulein Felicitas Hri¬
1595 3941 1707 4009 den
1723 3967 2940 4038 maly, Frau Amalie Eigermann, Herr Dr. Wi¬
1597 3996 1697 4051 ra¬
1727 4017 2944 4096 centowicz und Herr Victor Pruscha. Kartenver¬
1601 4043 1703 4098 ind
1728 4066 2947 4140 kauf in der Konzertdirektion B. Klein und an der
1606 4088 1708 4143 Er¬
1733 4115 2950 4197 Abendkasse. „Führer“ durch Requiem a 40 h erhältlich in
1604 4140 1719 4194 voll
1733 4188 2439 4255 der genannten Konzertdirektion.
2548 4219 2942 4291 S
