3344 4352
971 251 1161 317 Mas
706 257 797 316 2
209 253 1317 352 8. D16
564 1903 1257 1988 2 K. Schauspielhaus.
498 1954 1460 2037 „Die letzten Masken“. — „Literatur“.
506 2013 1293 2092 M##.(„Der grüne Kakadu“.
1307 2024 1478 2087 1700
813 2055 1470 2125 □ Düsseldorf, den 23. Jan.
560 2103 1496 2180 Von drei Schnitzlerschen Einaktern, die das Schau¬
509 2147 1504 2206 spielhaus heute Abend vorsetzte, waren zwei, „Die
497 2187 1497 2242 letzten Masken" und „Litexatur, beide den „Leben¬
502 2232 1490 2274 digen Stunden“ entnommen, für Düsseldorf neu, wäh¬
494 2259 1494 2315 rend der dritte, „Der grüne Kakadu“, seinerzeit bereits
500 2307 1491 2354 unter der Direktion Gottinger im Stadttheater in
506 2345 1498 2393 Szene gegangen ist. In richtiger Einschätzung der drei
510 2379 1511 2442 Stücke hatte man die Groteske an die letzte Stelle ge¬
506 2426 1489 2473 setzt, und so gab's ein eisig kaltes Sturzbad, nachdem
498 2465 1495 2515 man den Karbolhauch der „Letzten Masken“ geatmet
497 2506 1497 2556 und den prickelnden Parfümstaub, der von der „Lite¬
499 2546 1495 2595 ratur“ ausging, sich hatte ins Gesicht sprühen lassen.
499 2583 1496 2641 Es war eine starke Wirkung, die von diesem letzten
501 2626 1499 2672 Einakter ausging, so stark, daß sie schon mehr graß
499 2661 1481 2713 war, daß das (übrigens nicht sehr zahlreich erschienene
503 2702 1496 2749 Puolikum wie vor den Kopf geschlagen dasaß und keine
500 2744 1483 2795 Hand sich zum Beifall rührte. Auch im Drama kann
492 2780 1482 2833 der Bogen überspannt werden, so daß er bricht, jeden¬
497 2826 1487 2870 falls war es kein künstlerischer Volltreffer, der da heute
500 2863 1494 2911 erzielt wurde. Mit Rücksicht auf die damalige Auf¬
503 2893 1485 2936 führung im Stadttheater, die in diesem Blatte aus¬
493 2932 1487 2988 führlich besprochen wurde, können wir heute wohl von
500 2978 1483 3011 einer genaueren Inhaltsangabe des „Grünen Kakadu“
487 3010 1480 3064 absehen und uns auf einige erinnernde Andeutungen
491 3055 1483 3095 beschränken. Das Stück spielt in Paris am 14. Juli
489 3077 1483 3144 1789, am Tage des Sturmes auf die Bastille, in der
494 3124 1491 3171 Spelunke Prospères, der früher eine Theatertruppe
486 3167 1488 3224 leitete und mit seinen Leuten auch jetzt noch Komödie
496 3209 1493 3257 spielt; nur in einer anderen Art als früher. Die
495 3244 1498 3312 Akteure und Aktricen sitzen in der Kellerkneipe herum
492 3285 1484 3334 und tun, als wenn sie Verbrecher wären. Sie er¬
482 3323 1462 3379 zählen haarsträubende Geschichten, die sie nie erlebt —
491 3361 1503 3413 sprechen von Untaten, die sie nie begangen haben. Und
477 3409 1506 3458 das Publikum, das hierher kommt, die elegantesten Leute
481 3446 1499 3494 von Paris, Adelige, Herren vom Hof, hat den ange¬
492 3471 1512 3536 nehmen Kitzel, unter dem gefährlichsten Gesindel
483 3527 1497 3582 der Stadt zu sitzen. Das rüttelt ihnen die erschlafften
494 3561 1495 3609 Sinne auf. Aus diesem Milieu heraus nun, das mit
481 3602 1498 3659 raffinierter Gestaltungskraft vor uns hingestellt wird,
482 3635 1485 3692 erwachsen zwei parallele Dramen. Das historische:
492 3666 1495 3717 Einer der Akteure hat sich voll Haß gesogen gegen die
481 3718 1490 3761 feine Gesellschaft, und nicht zuletzt seine feurige Bered¬
489 3757 1492 3807 samkeit im Palais Royal bewirkt den Sturm auf die
478 3795 1501 3840 Bastille, den Beginn der blutigen Revolution. Es war
477 3834 1498 3888 ein Vulkan, auf dem die feinen Herren und Damen
479 3862 1499 3920 tanzten. Das individuelle: Der beste Schauspieler
484 3905 1497 3965 Prospéres, Henri, hat die Schauspielerin Léocadie von
486 3942 1479 4001 der Porte Saint Martin geheiratet, ein Engel von Ge¬
478 3992 1495 4047 stalt, und „geschaffen doch, die größte, die herrlichste
484 4022 1494 4081 Dirne der Welt zu sein“ wie der Herzog von Cadignan,
486 4067 1481 4107 einer ihrer vielen Liebhaber, von ihr sagt. Sein Hoch¬
481 4102 1480 4155 zeitsgeschenk soll sein, daß sie ihn sehe, wenn er hier,
479 4144 1493 4177 bei Prospère, zum letzten Male auftrete, denn er will
477 4178 1487 4228 dann mit seiner wahnsinnig geliebten jungen Frau aufs
1286 4219 1374 4248 1
489 4212 594 4251 Land
667 4215 912 4250 seinem ##ter
1468 251 1925 337 box 34/7
1509 675 2525 751 und weitere adelige Lebeherren verkörperten die Herren
1520 727 2524 788 [Claudius (Vicomte von Nogeant), Tautz (Chevalter
1517 770 2527 807 de la Tremouille), Krampert (Marquis de Lansac).
1524 807 2535 853 Den Henri verkörperte Herr Stoeckel in prächtiger
1525 846 2535 904 Leidenschaft, die Mordgeschichte brachte er so packend vor,
1521 879 2530 942 daß die Genossen in der Tat versucht sein konnten, sie
1513 917 2525 981 als Wahrheit hinzunehmen. Eine zierliche kokette Léocadie
1513 957 2530 1024 war Fräulein Gurlitt, ein Prospère von wirkungs¬
1519 999 2520 1061 sicherer Originalität Herr Odemar, und sodann sind
1527 1032 2540 1097 hier noch mit Lob namhaft zu machen das Pfendogesindel
1509 1078 2524 1147 der Herren Kühne, Schmidt=Häßler, Pratl
1518 1117 2511 1172 und der Damen Hall und Gurlitt, weiter der
1523 1151 2510 1214 Philosoph und Volksredner Grasset des Herrn Albert
1522 1197 1726 1249 Fischer.
1577 1231 2520 1297 Einen verhältnismäßig geringen Eindruck hinterließ
1506 1254 2511 1325 das Schauspiel „Die letzten Masken“, geringer jeden¬
1509 1307 2521 1370 falls, als man ihn nach der Lektüre hätte annehmen
1502 1339 2523 1411 dürfen. Und dabei spielte Herr Schmidt=Häßler!
1501 1395 2522 1457 den armen Teufel von Journalisten, der nach einem
1520 1433 2519 1485 Leben voll Kampf und Not das armselige Leben im
1517 1473 2519 1534 Spital beschließt, und dessen letzter vergeblicher Kampf
1502 1506 2513 1567 und Ende den Inhalt des Einalters ausmachen, mit
1515 1545 2527 1601 erschütternder Realistik. Dieser Karl Rademacher geht
1510 1588 2521 1643 nicht an den lateinischen Vokabeln zugrunde, die auf
1510 1632 2530 1689 der Tafel über seinem Bette stehen, wie er selbst einem
1513 1672 2527 1734 Leidensgenossen, dem Schauspieler Florian Jackwerth,
1503 1709 2515 1757 dessen Ende der Arzt in acht Tagen erwartet, sagt.
1510 1742 2518 1805 An Gall' daß er vor Leuten hat buckeln müssen, die
1506 1785 2526 1843 er verachtet hat, um eine Stellung zu kriegen. Am
1503 1831 2528 1882 Ekel, daß er hat Dinge schreiben mussen, an die er
1500 1848 2523 1922 nicht geglaubt hat, um nicht zu verhungern. Am
1515 1901 2520 1958 Zorn, daß er für die infamsten Leutausbeuter hat
1504 1924 2524 1995 Zeilen schinden müssen, die ihr Geld erschwindelt und
1507 1975 2514 2042 ergaunert haben, und daß er ihnen noch dabei geholfen
1508 2020 2521 2068 hat mit seinem Talent. Sein letzter glühender Wunsch
1503 2054 2523 2116 ist nun, seinem einstigen Freunde, dem berühmten
1511 2097 2476 2153 Dichter Weihgast zu sagen, wie er ihn verachte —
1519 2131 2498 2194 seines Erfolges wegen, was er aber nicht zugesteht —,
1519 2180 2513 2234 und die Gelegenheit hierzu wird ihm zuteil, Weihgast
1518 2220 2519 2272 erscheint im Spital. Aber er müßte eine Gemeinheit
1523 2248 2513 2297 begehen, nämlich sagen, daß Weihgasts Frau vor
1511 2289 2510 2355 zwanzig Jahren seine, Rademachers Geliebte ge¬
1518 2328 1643 2378 wesen,
1640 2339 1678 2379 620
1677 2328 2346 2389 und das vermag er nicht
2435 2343 2513 2394 er
1508 2368 2517 2430 schweigt. Den Kampf des Kranken mit dem absterben¬
1511 2410 2506 2470 den Korper, die Verbitterung, die zwischen tiefster Hoff¬
1518 2444 2504 2509 nungslosigleit und schnell regem Optimismus, den
1518 2483 2506 2547 Seelenlampf — all das malte der Darsteller geradezu
1512 2522 2521 2583 erschreckend anschaulich. Nicht auf gleicher Höhe stand
1514 2561 2509 2622 die Wiedergabe des Schauspielers Jackwerth durch
1517 2604 2511 2660 Herrn Kühne. Ihr würde es nichts geschadet haben,
1506 2643 2515 2705 wenn sie stwas von dem Geiste des Schauspielers in
1509 2679 2280 2737 Gorkis „Nachtasyl“ in sich getragen hätte.
1562 2714 2513 2791 Viel Vergnügen bereitete nach dieser Spital=Episode
1505 2745 2506 2803 das Lustspiel „Literatur“ worin Schnitzler eine lustige,
1502 2792 2506 2859 lecke Idee in ergötzlichster Weise verarbeitet. Es stiz¬
1503 2843 2509 2895 zieren, hieße es seines köstlich=satirischen Duftes be¬
1508 2881 2496 2935 rauben, der aber bedeutet seinen eigentlichen Wert.
1503 2907 2498 2971 Will man sich eine halbe Stunde wirklich anregender,
1508 2949 2505 3006 fröhlicher Unterhaltung verschaffen, so sehe man sich
1499 2991 2499 3057 dieses Werkchen an, und zwar sehe man es sich in der
1500 3025 2509 3092 Wiedergabe durch Frl. Körner und die Herren
1506 3067 2499 3130 Stoeckel und Schmidt=Häßler an. Man kann
1505 3106 2499 3167 sagen, daß die darstellenden Herrschaften den Esprit
1494 3146 2516 3221 des Verfassers sich in vollem Maße zu eigen gemacht
1498 3186 2493 3241 haben und in fröhlicher Gestaltung der Figuren wider¬
1499 3226 2489 3280 strahlen. — Die Regie hatte bei allen drei Stücken Her¬
1507 3267 2497 3327 Emil Geyer, eine neu gewonnene Kraft des
1493 3307 2349 3371 Schausvielhauses in tadelloser Weise besorgt
