3392 4384
727 482 873 565 Frau
733 555 873 612 und
733 604 871 664 zert¬
733 652 849 713 hrer“
731 701 864 762 Kon¬
719 802 873 879 gung
718 866 875 941 lizei¬
719 923 861 978 aben
721 968 870 1024 rund
737 1015 860 1080 iren,
726 1068 859 1128 utsa¬
744 1114 859 1175 54
735 1162 867 1228 itzer
727 1219 867 1276 nde,
748 1264 868 1327 sere
748 1313 868 1369 wir
756 1362 858 1423 stä¬
750 1413 857 1481 iche
751 1528 864 1591 1r.
760 1574 867 1639 Be¬
757 1635 868 1692 39.
757 1681 859 1745 ch¬
757 1737 831 1787 ei
762 1775 859 1846 irb
763 1888 869 1947 zu
765 1937 867 1999 an
776 2031 860 2095 gs
770 2130 862 2204 le¬
768 2291 869 2354 m
758 2410 869 2478 be¬
749 2466 872 2527 hen
753 2515 861 2577 ach¬
753 2565 868 2626 der
763 2614 874 2677 in
735 2665 861 2724 irte.
745 2712 874 2776 sge¬
750 2767 874 2825 wer
744 2807 872 2871 iner
750 2861 874 2920 ung
748 2905 863 2972 ifti¬
745 2961 867 3019 hne
750 3011 866 3067 von
752 3060 867 3112 ren
748 3104 869 3170 loch
746 3159 878 3218 ten.
751 3209 861 3269 ge¬
747 3254 871 3316 Ka¬
741 3302 855 3363 dem
739 3398 874 3475 Das
727 3465 869 3535 kten
755 3520 866 3572 1 in
745 3568 858 3626 Vie¬
800 3618 868 3681 e¬
761 3663 864 3720 ebt
761 3714 872 3770 ei¬
775 3765 872 3828 en
779 3866 869 3927 te
787 3963 866 4050 rt
1840 385 2135 481 Sette 5.
886 519 1237 617 Theater.
1163 602 1940 736 Der Schnitzlerabend.
875 719 2173 788 Die Frau mit dem Dolche. — Die letzten Masken.
1226 781 1908 869 Anatols Hochzeitsmorgen.
997 851 2170 928 Drei Einakter von Arthur Schnitzler aus den „Leben¬
882 918 2171 965 digen Stunden" und „Anatol“. Die schönsten Blüten der
895 966 2171 1032 einzigartigen Kunst des Wiener Dichters, originell im Ent¬
883 1021 2166 1066 wurf, fein beobachtet, von glänzender Sprache. Sie bildeten
895 1063 2172 1117 das Programm des literarischen Abends, der gestern im
886 1117 2182 1164 Stadttheater stattfand und unter der Leitung des bewährten
896 1160 2181 1213 Regisseurs Karl Grune stand. Die Stücke sind dem Czerno¬
883 1214 2168 1275 witzer Publikum von wiederholten Aufführungen in frü¬
888 1262 2163 1316 heren Jahren bekannt, und doch begegnete der gestrige
882 1311 2167 1365 Abend ganz außergewöhnlichem Interesse. Dies mag daran
887 1354 2166 1432 liegen, daß literarische Abende in der letzten Saison eine
895 1406 2173 1461 Seltenheit bildeten; anderseits sah man allgemein er¬
884 1457 2171 1511 wartungsvoll dem Auftreten einer jungen Dame aus der
887 1506 2167 1576 hiesigen Gesellschaft entgegen, welche gestern in einem En¬
880 1548 2169 1621 semble von Berufskünstlern debutierte. So erhielt die künst¬
891 1610 2166 1675 lerische Veranstaltung den Charakter eines gesellschaftlichen
885 1652 2163 1708 Ereignisses, keineswegs zu ihrem Nachteil. Denn die Auf¬
883 1707 2168 1760 führung ließ vom künstlerischen Standpunkte nichts zu wün¬
885 1746 2178 1808 schen übrig. Schon die Inszenierung Herrn Grunes
892 1808 2164 1870 erschöpfte alle Mittel moderner Regiekunst und schuf in
890 1850 2167 1909 jedem Bühnenbild einen glänzenden Rahmen für die
891 1904 2171 1950 Handlung. So Gallerie und Atelier im ersten Stück, deren
886 1960 2166 2016 Umbau sich tadellos vollzog, das düster graue Krankenzim¬
887 2006 2171 2070 mer in den letzten Masken und schließlich Anatols duftiges
880 2066 2185 2116 Junggesellenheim. Und nun zur Darstellung. Frl. Liese
895 2098 2179 2146 Mittelmann ist uns von einer Dilettantenaufführung
886 2146 2174 2203 im vergangenen Herbst bekannt, da sie als Magda in „Hei¬
883 2201 2172 2257 mat“ auftrat. Gestern spielte sie unter Berufsschauspielern,
883 2247 2171 2298 in deren Reihen sie, wie wir hören, einzutreten beabsichtigt,
883 2295 2163 2349 und da muß wohl ein anderer Maßstab angelegt werden.
894 2344 2166 2404 Nun, die junge Dame ist zweifellos ein starkes Talent. Eine
893 2394 2176 2446 glänzende Erscheinung, sympathisches Organ und gute Auf¬
888 2445 2179 2501 fassung, über die sie verfügt, sind hoch einzuschätzende Voraus¬
882 2494 2175 2547 setzungen für eine Schauspielerin. All diese Ansätze müssen
884 2539 2168 2592 aber ausgebildet werden, und sie werden sich dann bei guter
889 2592 2171 2660 Schulung gewiß zu hoher Kunst entfalten. Die gestrigen
888 2638 2168 2693 Leistungen als Pauline und Ilona lassen dies be¬
894 2688 2170 2739 stimmt erhoffen. Mag auch infolge der angedeuteten Um¬
894 2740 2170 2789 stände die Darstellerin in der ersten Rolle die souveräne
896 2797 2172 2849 Größe des Weibes vermißt haben lassen und als Ilona, wo¬
889 2838 2169 2898 rin sie übrigens berückend schön aussah, nicht alle Finessen
893 2887 2180 2942 der seelenvollen Circe herausgearbeitet haben — beide Lei¬
885 2924 2172 2989 stungen verdienen doch besondere Beachtung. So steht denn
880 2983 2161 3035 die künstlerische Laufbahn des Frl. Mittelmann unter
893 3041 2172 3096 glücklichen Auspizien, und wir wünschen ihr auf derselben
891 3084 2169 3130 eine stetig sortschreitende Enuoicklung. — Die stärkste Wir¬
885 3125 2178 3193 kung hat gestern abends Herr Morgan geübt. Wer ge¬
892 3177 2169 3240 stern abends Morgans Jackwerth bewundert hat, diese
889 3230 2180 3279 restlos glänzende Maske, dieses wunderbar anpassungsfähige
885 3282 2175 3324 Organ und dieses vollendet erschütternde Spiel, der mußte
945 3329 2181 3377 bedauern, daß dieser so hochstehende Künstler sich noch
890 3374 2179 3425 immer in Operettenrollen mißbrauchen läßt, statt jenen
885 3425 2163 3476 Weg einzuschlagen, der ihm von seiner Veranlagung vorge¬
883 3476 2164 3538 zeichnet wird und ihn zu den Höhen der Kunst emporführen
896 3533 2165 3591 muß. Daß er gleich nach dem Jackwerth als Anatol
884 3568 2167 3626 alle Pointen reizend diskret brachte, bewies recht sinnfällig
896 3625 2163 3679 seine Vielseitigkeit. Herrn Grunes Regie haben wir
897 3674 2168 3723 oben Erwähnung getan. Es erübrigt, zu verzeichnen, daß
886 3721 2166 3768 er als Rademacher eine fein durchdachte, von seltener
889 3767 2179 3817 Auffassung zeugende Glanzleistung bot, die ihm starken
892 3819 2176 3885 Beifall eintrug. Als guter Sprecher und intelligenter
890 3873 2164 3942 Schauspieler erwies sich Herr Degen, den wir während
893 3919 2170 3965 der Saison leider nur selten beschäftigt fanden. Das aus¬
893 3969 2164 4025 verkaufte Haus gab seinem Danke für den genußreichen
883 4013 2165 4084 Abend in starkem Beifall Ausdruck, der sowohl den Dar¬
885 4058 2166 4119 stellern, als auch der verdienten Veranstalterin des Abends,
889 4111 1504 4183 Frau Brodowska, galt.
1941 4120 2124 4182 m. r.
1000 4208 2158 4293 Direktor Popps letztes Auftreten in Mähr.=Ostrau.
