<?xml version="1.0" encoding="UTF-8" standalone="yes"?>
<PcGts xmlns="http://schema.primaresearch.org/PAGE/gts/pagecontent/2013-07-15" xmlns:xsi="http://www.w3.org/2001/XMLSchema-instance" xsi:schemaLocation="http://schema.primaresearch.org/PAGE/gts/pagecontent/2013-07-15 http://schema.primaresearch.org/PAGE/gts/pagecontent/2013-07-15/pagecontent.xsd">
    <Metadata>
        <Creator>prov=University of Rostock/Institute of Mathematics/CITlab/Gundram Leifert/gundram.leifert@uni-rostock.de:name=ONB_Newseye_GT_M1+(htr_id=10810)::::v=2.4.2
prov=University of Rostock/Institute of Mathematics/CITlab/Tobias Gruening/tobias.gruening@uni-rostock.de:name=de.uros.citlab.module.baseline2polygon.B2PSeamMultiOriented:v=2.4.2
prov=University of Rostock/Institute of Mathematics/CITlab/Tobias Gruening/tobias.gruening@uni-rostock.de:name=/mnt/transkribus/LA/DEA/URO/LA_news_onb_att.pb:de.uros.citlab.segmentation.CITlab_LA_ML:v=2.4.2
Transkribus</Creator>
        <Created>2019-10-07T12:13:50.427+02:00</Created>
        <LastChange>2019-10-08T14:40:27.690+02:00</LastChange>
        <TranskribusMetadata docId="224046" pageId="9507496" pageNr="72" tsid="16592983" status="IN_PROGRESS" userId="40391" imgUrl="https://files.transkribus.eu/Get?id=DKZHZIGKDUOUWSNGRNYXTKDY&amp;fileType=view" xmlUrl="https://files.transkribus.eu/Get?id=TQWTDTAVWMHXJBQSFGEPDXHI" imageId="6197198"/>
    </Metadata>
    <Page imageFilename="224046_0072.jpeg" imageWidth="3344" imageHeight="4352">
        <ReadingOrder>
            <OrderedGroup id="ro_1711444384921" caption="Regions reading order">
                <RegionRefIndexed index="0" regionRef="r1"/>
            </OrderedGroup>
        </ReadingOrder>
        <TextRegion orientation="0.0" id="r1" custom="readingOrder {index:0;}">
            <Coords points="268,192 268,4183 2283,4183 2283,192"/>
            <TextLine id="r1l1" custom="readingOrder {index:0;}">
                <Coords points="1044,226 1061,227 1066,223 1067,225 1073,223 1076,227 1085,229 1096,228 1100,164 1084,165 1080,169 1075,167 1070,172 1055,155 1048,155"/>
                <Baseline points="1052,214 1090,216"/>
                <TextEquiv>
                    <Unicode>M</Unicode>
                </TextEquiv>
            </TextLine>
            <TextLine id="r1l2" custom="readingOrder {index:1;}">
                <Coords points="1537,241 1570,251 1600,232 1733,226 1828,253 1868,249 1896,226 1929,242 1976,227 1976,171 1944,163 1827,176 1779,166 1738,198 1683,173 1599,189 1569,161 1538,168"/>
                <Baseline points="1546,222 1572,222 1598,222 1625,223 1651,223 1677,224 1704,225 1730,226 1757,227 1783,228 1809,228 1836,228 1862,228 1888,227 1915,226 1941,224 1968,221"/>
                <TextEquiv>
                    <Unicode>bos 34/7</Unicode>
                </TextEquiv>
            </TextLine>
            <TextLine id="r1l3" custom="readingOrder {index:2;}">
                <Coords points="260,206 484,254 1369,245 1370,197 1307,174 1137,178 1049,225 968,170 663,161 607,194 469,160 392,204 261,164"/>
                <Baseline points="268,212 322,217 377,221 431,225 486,228 541,231 595,232 650,234 705,235 759,236 814,236 869,236 923,237 978,237 1033,237 1087,237 1142,238 1197,238 1251,240 1306,241 1361,243"/>
                <TextEquiv>
                    <Unicode>8. Die letztenasken</Unicode>
                </TextEquiv>
            </TextLine>
            <TextLine id="r1l4" custom="readingOrder {index:3;}">
                <Coords points="1898,712 2084,725 2125,715 2159,729 2291,716 2293,648 2269,657 2238,643 2215,657 2186,641 2126,655 2109,643 2052,655 1954,643 1899,666"/>
                <Baseline points="1906,696 1931,694 1956,694 1981,693 2006,693 2031,693 2056,693 2081,694 2107,695 2132,696 2157,696 2182,698 2207,699 2232,701 2257,701 2283,703"/>
                <TextEquiv>
                    <Unicode>Telephon 12.801</Unicode>
                </TextEquiv>
            </TextLine>
            <TextLine id="r1l5" custom="readingOrder {index:4;}">
                <Coords points="1337,865 1641,845 1675,875 1812,850 1944,870 2115,855 2116,807 2069,822 2018,785 1928,825 1864,787 1803,819 1731,782 1648,782 1587,821 1482,803 1337,831"/>
                <Baseline points="1345,852 1383,848 1421,845 1459,843 1497,842 1535,841 1573,841 1612,842 1650,842 1688,843 1726,845 1764,846 1802,848 1840,849 1879,850 1917,851 1955,851 1993,851 2031,851 2069,849 2108,847"/>
                <TextEquiv>
                    <Unicode>„ODSENVEN</Unicode>
                </TextEquiv>
            </TextLine>
            <TextLine id="r1l6" custom="readingOrder {index:5;}">
                <Coords points="1180,903 2217,936 2274,884 1526,855 1180,883"/>
                <Baseline points="1188,914 1241,913 1295,912 1349,911 1403,911 1457,910 1511,910 1565,910 1619,910 1673,910 1727,910 1780,910 1834,911 1888,911 1942,913 1996,913 2050,915 2104,916 2158,918 2212,920 2266,921"/>
                <TextEquiv>
                    <Unicode>I. österr. beh. konz. Unternehmen für Zeitung¬</Unicode>
                </TextEquiv>
            </TextLine>
            <TextLine id="r1l7" custom="readingOrder {index:6;}">
                <Coords points="1399,960 2076,959 2076,936 1983,911 1399,924"/>
                <Baseline points="1406,947 1439,948 1472,949 1505,949 1538,950 1571,951 1604,951 1637,952 1670,952 1703,953 1737,953 1770,953 1803,953 1836,954 1869,954 1902,954 1935,955 1968,955 2001,956 2034,956 2068,957"/>
                <TextEquiv>
                    <Unicode>Ausschnitte und Bibliographie.</Unicode>
                </TextEquiv>
            </TextLine>
            <TextLine id="r1l8" custom="readingOrder {index:7;}">
                <Coords points="1362,1019 2084,1035 2123,1020 2124,984 1931,958 1710,983 1659,956 1533,992 1362,971"/>
                <Baseline points="1369,1010 1406,1011 1443,1012 1480,1012 1518,1013 1555,1014 1592,1014 1630,1015 1667,1015 1704,1015 1742,1015 1779,1016 1816,1016 1853,1016 1891,1017 1928,1017 1965,1018 2003,1019 2040,1020 2077,1021 2115,1023"/>
                <TextEquiv>
                    <Unicode>Wien, I., Concordiaplatz 4.</Unicode>
                </TextEquiv>
            </TextLine>
            <TextLine id="r1l9" custom="readingOrder {index:8;}">
                <Coords points="1585,1084 1613,1094 1707,1086 1748,1098 1775,1089 1792,1101 1840,1092 1862,1101 1900,1072 1901,1035 1885,1027 1838,1040 1820,1034 1783,1055 1759,1039 1745,1051 1718,1054 1692,1041 1641,1054 1612,1028 1587,1032"/>
                <Baseline points="1593,1080 1620,1079 1647,1078 1674,1078 1701,1079 1728,1080 1756,1081 1783,1082 1810,1083 1837,1084 1864,1084 1892,1083"/>
                <TextEquiv>
                    <Unicode>Vertretungen</Unicode>
                </TextEquiv>
            </TextLine>
            <TextLine id="r1l10" custom="readingOrder {index:9;}">
                <Coords points="1179,1132 2239,1142 2288,1103 1180,1082"/>
                <Baseline points="1188,1121 1242,1121 1297,1121 1351,1121 1406,1121 1461,1122 1515,1123 1570,1123 1624,1124 1679,1124 1734,1125 1788,1126 1843,1126 1897,1127 1952,1128 2007,1128 2061,1129 2116,1129 2170,1129 2225,1129 2280,1129"/>
                <TextEquiv>
                    <Unicode>In Berlin, Brüssel, Budapest, Chicago, Cleveland, Christlanta</Unicode>
                </TextEquiv>
            </TextLine>
            <TextLine id="r1l11" custom="readingOrder {index:10;}">
                <Coords points="1186,1158 2271,1190 2272,1154 1186,1131"/>
                <Baseline points="1193,1158 1246,1160 1300,1161 1353,1162 1407,1163 1460,1164 1514,1165 1567,1165 1621,1165 1674,1166 1728,1166 1782,1166 1835,1166 1889,1166 1942,1166 1996,1167 2049,1167 2103,1168 2156,1168 2210,1169 2264,1170"/>
                <TextEquiv>
                    <Unicode>Genf, Kopenhagen, London, Madrid, Mailand, Minneapelte.</Unicode>
                </TextEquiv>
            </TextLine>
            <TextLine id="r1l12" custom="readingOrder {index:11;}">
                <Coords points="1177,1202 2275,1210 2144,1171 1177,1162"/>
                <Baseline points="1184,1200 1238,1200 1292,1199 1346,1199 1400,1199 1454,1199 1508,1200 1563,1200 1617,1201 1671,1201 1725,1202 1779,1203 1833,1204 1887,1205 1942,1206 1996,1207 2050,1208 2104,1209 2158,1210 2212,1211 2267,1212"/>
                <TextEquiv>
                    <Unicode>New-Vork, Paris, Rom, San Francisco, Stockhiolm, St. Peters.</Unicode>
                </TextEquiv>
            </TextLine>
            <TextLine id="r1l13" custom="readingOrder {index:12;}">
                <Coords points="1593,1252 1688,1258 1711,1242 1759,1256 1817,1247 1855,1255 1869,1243 1891,1251 1891,1224 1865,1230 1848,1213 1807,1219 1717,1204 1700,1218 1593,1208"/>
                <Baseline points="1600,1239 1625,1241 1651,1242 1677,1243 1702,1242 1728,1242 1754,1241 1780,1241 1805,1241 1831,1242 1857,1243 1883,1246"/>
                <TextEquiv>
                    <Unicode>burg, Toronto.</Unicode>
                </TextEquiv>
            </TextLine>
            <TextLine id="r1l14" custom="readingOrder {index:13;}">
                <Coords points="1548,1284 1623,1301 1693,1285 1781,1305 1805,1291 1831,1308 1896,1311 1929,1296 1930,1245 1920,1243 1807,1257 1709,1244 1687,1260 1591,1244 1549,1251"/>
                <Baseline points="1556,1275 1582,1276 1608,1276 1634,1277 1660,1278 1686,1278 1712,1278 1739,1279 1765,1279 1791,1279 1817,1280 1843,1280 1869,1280 1895,1281 1922,1281"/>
                <TextEquiv>
                    <Unicode>(Catlienangebe ohne Dewähr.)</Unicode>
                </TextEquiv>
            </TextLine>
            <TextLine id="r1l15" custom="readingOrder {index:14;}">
                <Coords points="1173,1360 1276,1356 1307,1370 1321,1356 1414,1364 1448,1348 1484,1375 1518,1358 1576,1356 1576,1326 1485,1303 1458,1314 1361,1300 1297,1313 1173,1305"/>
                <Baseline points="1181,1351 1206,1351 1232,1351 1258,1350 1284,1350 1310,1349 1335,1349 1361,1349 1387,1349 1413,1349 1439,1349 1464,1349 1490,1349 1516,1350 1542,1351 1568,1352"/>
                <TextEquiv>
                    <Unicode>Ausschnitt aus:</Unicode>
                </TextEquiv>
            </TextLine>
            <TextLine id="r1l16" custom="readingOrder {index:15;}">
                <Coords points="1702,1395 1922,1414 1957,1440 1989,1430 2058,1461 2101,1448 2184,1487 2203,1375 2129,1353 2098,1367 1925,1340 1882,1351 1853,1330 1812,1344 1772,1311 1715,1317"/>
                <Baseline points="1710,1393 1736,1393 1762,1395 1788,1396 1814,1399 1840,1402 1866,1405 1892,1410 1918,1414 1945,1420 1971,1424 1997,1430 2023,1435 2049,1440 2075,1445 2101,1450 2127,1454 2153,1458 2180,1462"/>
                <TextEquiv>
                    <Unicode> Zonung</Unicode>
                </TextEquiv>
            </TextLine>
            <TextLine id="r1l17" custom="readingOrder {index:16;}">
                <Coords points="1346,1449 1397,1437 1430,1449 1445,1437 1508,1462 1584,1428 1635,1460 1677,1449 1711,1459 1707,1322 1653,1313 1544,1375 1422,1373 1401,1391 1344,1391"/>
                <Baseline points="1354,1443 1380,1442 1407,1442 1434,1441 1461,1440 1488,1439 1515,1438 1541,1437 1568,1436 1595,1435 1622,1434 1649,1433 1676,1432 1703,1432"/>
                <TextEquiv>
                    <Unicode>18 SP 131</Unicode>
                </TextEquiv>
            </TextLine>
            <TextLine id="r1l18" custom="readingOrder {index:17;}">
                <Coords points="1184,1475 1198,1476 1209,1469 1218,1476 1237,1471 1247,1476 1262,1472 1288,1476 1307,1465 1323,1474 1343,1453 1351,1452 1350,1438 1313,1437 1307,1442 1289,1427 1270,1425 1255,1412 1202,1434 1182,1432"/>
                <Baseline points="1192,1470 1217,1469 1242,1469 1268,1469 1293,1469 1318,1465 1344,1458"/>
                <TextEquiv>
                    <Unicode>vom:</Unicode>
                </TextEquiv>
            </TextLine>
            <TextLine id="r1l19" custom="readingOrder {index:18;}">
                <Coords points="1305,1602 1543,1611 1574,1633 1683,1607 1793,1633 1821,1605 1981,1600 1908,1553 1883,1568 1859,1550 1305,1568"/>
                <Baseline points="1313,1601 1346,1602 1379,1603 1412,1603 1445,1604 1478,1605 1511,1605 1544,1606 1577,1606 1610,1606 1643,1607 1676,1607 1709,1607 1742,1607 1775,1606 1808,1606 1841,1606 1874,1605 1907,1604 1940,1603 1974,1602"/>
                <TextEquiv>
                    <Unicode>Drei Gnakter „on Schnitzler.</Unicode>
                </TextEquiv>
            </TextLine>
            <TextLine id="r1l20" custom="readingOrder {index:19;}">
                <Coords points="1038,1652 2250,1652 2250,1619 1986,1600 1258,1631 1038,1595"/>
                <Baseline points="1046,1649 1105,1650 1165,1651 1225,1652 1285,1652 1345,1653 1404,1654 1464,1654 1524,1654 1584,1655 1644,1655 1703,1655 1763,1655 1823,1655 1883,1655 1943,1654 2002,1654 2062,1653 2122,1653 2182,1652 2242,1652"/>
                <TextEquiv>
                    <Unicode>(8 Köln. Arthur Schnitzler ördnet seine Einakler gern zu Reihen,</Unicode>
                </TextEquiv>
            </TextLine>
            <TextLine id="r1l21" custom="readingOrder {index:20;}">
                <Coords points="1032,1696 2250,1682 1032,1653"/>
                <Baseline points="1040,1692 1100,1693 1160,1693 1220,1693 1280,1693 1340,1694 1400,1694 1460,1694 1520,1694 1580,1694 1641,1694 1701,1694 1761,1694 1821,1694 1881,1694 1941,1694 2001,1693 2061,1693 2121,1693 2181,1692 2242,1692"/>
                <TextEquiv>
                    <Unicode>dren Glieder bei aller Verschiedenheit der einzelnen Vorwürfe und ihrer</Unicode>
                </TextEquiv>
            </TextLine>
            <TextLine id="r1l22" custom="readingOrder {index:21;}">
                <Coords points="1027,1732 2251,1719 1027,1700"/>
                <Baseline points="1035,1735 1095,1734 1155,1734 1216,1733 1276,1733 1337,1734 1397,1734 1458,1734 1518,1735 1579,1735 1639,1736 1699,1736 1760,1736 1820,1736 1881,1736 1941,1736 2002,1735 2062,1735 2123,1733 2183,1732 2244,1730"/>
                <TextEquiv>
                    <Unicode>Kramatischen Behandlung doch irgendwie gedanklich verknüpft sind. Dies</Unicode>
                </TextEquiv>
            </TextLine>
            <TextLine id="r1l23" custom="readingOrder {index:22;}">
                <Coords points="1019,1781 2252,1787 2252,1748 1018,1734"/>
                <Baseline points="1027,1772 1087,1772 1148,1773 1209,1773 1270,1773 1331,1774 1392,1774 1452,1774 1513,1775 1574,1775 1635,1775 1696,1775 1757,1775 1818,1775 1878,1775 1939,1774 2000,1773 2061,1772 2122,1771 2183,1770 2244,1768"/>
                <TextEquiv>
                    <Unicode>Verfahren fügt für den nachdenklichen Leser und Hörer zu dem</Unicode>
                </TextEquiv>
            </TextLine>
            <TextLine id="r1l24" custom="readingOrder {index:23;}">
                <Coords points="1023,1805 2254,1807 1957,1767 1023,1783"/>
                <Baseline points="1031,1811 1091,1811 1152,1810 1213,1810 1274,1810 1334,1811 1395,1811 1456,1811 1517,1812 1577,1812 1638,1813 1699,1813 1760,1813 1820,1814 1881,1814 1942,1813 2003,1813 2063,1812 2124,1811 2185,1810 2246,1808"/>
                <TextEquiv>
                    <Unicode>Interesse am einzelne. Stück den Ansporn, die verbindende Idee zu</Unicode>
                </TextEquiv>
            </TextLine>
            <TextLine id="r1l25" custom="readingOrder {index:24;}">
                <Coords points="1020,1867 2264,1844 2073,1803 1020,1808"/>
                <Baseline points="1027,1851 1088,1849 1149,1848 1211,1848 1272,1848 1334,1848 1395,1848 1457,1848 1518,1848 1580,1849 1641,1850 1702,1850 1764,1850 1825,1850 1887,1850 1948,1850 2010,1850 2071,1849 2133,1848 2194,1846 2256,1844"/>
                <TextEquiv>
                    <Unicode>fuchen, überlegend nachzuprüfen, wie das, was räumlich und zeitlich aus¬</Unicode>
                </TextEquiv>
            </TextLine>
            <TextLine id="r1l26" custom="readingOrder {index:25;}">
                <Coords points="1019,1888 2243,1900 2254,1854 1019,1869"/>
                <Baseline points="1027,1887 1091,1887 1155,1887 1219,1888 1283,1888 1347,1888 1411,1888 1476,1889 1540,1889 1604,1889 1668,1890 1732,1890 1796,1890 1861,1890 1925,1889 1989,1889 2053,1888 2117,1887 2181,1886 2246,1885"/>
                <TextEquiv>
                    <Unicode>einanderliegt, sich doch innerlich zu einer Einheit verkettet und wie der</Unicode>
                </TextEquiv>
            </TextLine>
            <TextLine id="r1l27" custom="readingOrder {index:26;}">
                <Coords points="1021,1925 2183,1936 2258,1890 1021,1891"/>
                <Baseline points="1029,1924 1090,1924 1151,1924 1212,1924 1273,1924 1334,1924 1395,1925 1456,1925 1517,1925 1578,1926 1639,1926 1700,1926 1761,1927 1822,1927 1883,1927 1944,1927 2005,1926 2066,1926 2127,1925 2188,1924 2250,1923"/>
                <TextEquiv>
                    <Unicode>Dichter die These, die Tendenz, den geistreichen Einfall, das Stückchen</Unicode>
                </TextEquiv>
            </TextLine>
            <TextLine id="r1l28" custom="readingOrder {index:27;}">
                <Coords points="1019,1953 2241,1972 2241,1930 1019,1924"/>
                <Baseline points="1027,1967 1087,1965 1147,1964 1207,1963 1268,1963 1328,1962 1388,1962 1449,1963 1509,1963 1569,1963 1630,1964 1690,1965 1750,1965 1810,1965 1871,1966 1931,1966 1991,1965 2052,1965 2112,1964 2172,1962 2233,1960"/>
                <TextEquiv>
                    <Unicode>Weltklugheit oder Lebenseinsicht in dem einzelnen Stück abgewandelt hat.</Unicode>
                </TextEquiv>
            </TextLine>
            <TextLine id="r1l29" custom="readingOrder {index:28;}">
                <Coords points="1017,2001 2251,2009 2251,1965 1017,1973"/>
                <Baseline points="1026,2007 1086,2005 1147,2005 1208,2004 1269,2004 1330,2004 1391,2004 1451,2004 1512,2004 1573,2004 1634,2004 1695,2004 1756,2004 1817,2004 1877,2004 1938,2004 1999,2004 2060,2004 2121,2003 2182,2003 2243,2002"/>
                <TextEquiv>
                    <Unicode>Dieser geistige Genuß des Suchens und Vergleichens fällt weg, wenn,</Unicode>
                </TextEquiv>
            </TextLine>
            <TextLine id="r1l30" custom="readingOrder {index:29;}">
                <Coords points="1019,2033 2257,2047 2257,2006 2131,2003 1019,2019"/>
                <Baseline points="1026,2043 1087,2043 1148,2043 1209,2042 1270,2042 1331,2042 1392,2043 1454,2043 1515,2043 1576,2043 1637,2043 1698,2044 1759,2044 1820,2044 1882,2043 1943,2043 2004,2043 2065,2042 2126,2041 2187,2040 2249,2038"/>
                <TextEquiv>
                    <Unicode>wie es am Samstag im Schauspielhaus geschah, aus den Serien</Unicode>
                </TextEquiv>
            </TextLine>
            <TextLine id="r1l31" custom="readingOrder {index:30;}">
                <Coords points="1020,2079 2253,2097 2238,2045 1020,2057"/>
                <Baseline points="1027,2082 1087,2082 1148,2082 1209,2082 1270,2082 1331,2082 1392,2082 1453,2083 1514,2083 1575,2083 1636,2083 1696,2083 1757,2083 1818,2083 1879,2082 1940,2082 2001,2081 2062,2081 2123,2080 2184,2079 2245,2079"/>
                <TextEquiv>
                    <Unicode>Teile herausgeschnitten und zu einer losen Reihe verbunden werden;</Unicode>
                </TextEquiv>
            </TextLine>
            <TextLine id="r1l32" custom="readingOrder {index:31;}">
                <Coords points="1026,2133 2261,2125 2174,2081 1026,2080"/>
                <Baseline points="1033,2124 1094,2123 1155,2122 1216,2122 1277,2121 1338,2121 1399,2121 1460,2121 1521,2121 1582,2121 1643,2121 1704,2121 1765,2121 1826,2121 1887,2121 1948,2121 2009,2120 2070,2120 2131,2119 2192,2118 2253,2116"/>
                <TextEquiv>
                    <Unicode>solches Nebeneinander ist immer ein bißchen Varieté=Programm. Das</Unicode>
                </TextEquiv>
            </TextLine>
            <TextLine id="r1l33" custom="readingOrder {index:32;}">
                <Coords points="1025,2161 2266,2182 2266,2135 2136,2118 1025,2135"/>
                <Baseline points="1033,2163 1094,2162 1155,2161 1216,2160 1278,2160 1339,2160 1400,2160 1462,2160 1523,2161 1584,2161 1646,2161 1707,2162 1768,2162 1829,2161 1891,2161 1952,2160 2013,2159 2075,2158 2136,2156 2197,2153 2259,2150"/>
                <TextEquiv>
                    <Unicode>erste der gegebenen Stücke stammt aus der viergliedrigen Reihe „Leben¬</Unicode>
                </TextEquiv>
            </TextLine>
            <TextLine id="r1l34" custom="readingOrder {index:33;}">
                <Coords points="1015,2202 2255,2196 2188,2162 1015,2172"/>
                <Baseline points="1024,2202 1085,2202 1146,2202 1207,2202 1268,2202 1330,2201 1391,2201 1452,2201 1513,2201 1574,2201 1636,2200 1697,2200 1758,2200 1819,2199 1880,2199 1942,2199 2003,2198 2064,2198 2125,2197 2186,2197 2248,2197"/>
                <TextEquiv>
                    <Unicode>dige Stunden“, das letzte aus einer dreigliedrigen Serie, die von dem</Unicode>
                </TextEquiv>
            </TextLine>
            <TextLine id="r1l35" custom="readingOrder {index:34;}">
                <Coords points="1021,2248 2269,2240 2268,2187 1021,2198"/>
                <Baseline points="1029,2241 1090,2241 1152,2240 1213,2239 1275,2239 1337,2239 1398,2239 1460,2239 1521,2239 1583,2239 1645,2239 1706,2239 1768,2239 1829,2239 1891,2238 1953,2238 2014,2237 2076,2236 2137,2235 2199,2233 2261,2231"/>
                <TextEquiv>
                    <Unicode>Motto: „Wir spielen immer, wer es weiß, ist klug“ zusammengehalten*</Unicode>
                </TextEquiv>
            </TextLine>
            <TextLine id="r1l36" custom="readingOrder {index:35;}">
                <Coords points="1015,2274 2004,2287 2240,2277 2261,2240 1015,2251"/>
                <Baseline points="1023,2277 1084,2277 1146,2277 1207,2277 1269,2277 1330,2277 1392,2277 1453,2278 1515,2278 1576,2278 1638,2277 1699,2277 1761,2277 1822,2277 1884,2276 1945,2276 2007,2275 2068,2274 2130,2273 2191,2272 2253,2271"/>
                <TextEquiv>
                    <Unicode>wird. Das mittlere Stück ist von Schnitzler als selbständige Arbeit ver¬</Unicode>
                </TextEquiv>
            </TextLine>
            <TextLine id="r1l37" custom="readingOrder {index:36;}">
                <Coords points="1022,2309 2251,2336 2251,2273 1022,2284"/>
                <Baseline points="1030,2316 1090,2316 1151,2316 1212,2316 1272,2317 1333,2317 1394,2317 1454,2317 1515,2317 1576,2317 1637,2317 1697,2317 1758,2316 1819,2316 1879,2316 1940,2315 2001,2314 2061,2314 2122,2313 2183,2312 2244,2311"/>
                <TextEquiv>
                    <Unicode>öffentlicht worden. Die letzten Masken schildern die Todesstunde</Unicode>
                </TextEquiv>
            </TextLine>
            <TextLine id="r1l38" custom="readingOrder {index:37;}">
                <Coords points="1018,2356 2250,2348 1963,2307 1018,2331"/>
                <Baseline points="1026,2357 1086,2356 1147,2356 1208,2356 1269,2356 1330,2356 1391,2356 1451,2356 1512,2356 1573,2356 1634,2355 1695,2355 1756,2355 1817,2355 1877,2354 1938,2354 1999,2353 2060,2353 2121,2352 2182,2351 2243,2351"/>
                <TextEquiv>
                    <Unicode>eines vom Schicksal um den Erfolg betrogenen Journalisten. Die letzte</Unicode>
                </TextEquiv>
            </TextLine>
            <TextLine id="r1l39" custom="readingOrder {index:38;}">
                <Coords points="1014,2390 2229,2404 2257,2351 1014,2357"/>
                <Baseline points="1022,2396 1083,2395 1144,2395 1206,2395 1267,2395 1329,2395 1390,2395 1451,2395 1513,2395 1574,2395 1636,2395 1697,2395 1758,2394 1820,2394 1881,2394 1943,2394 2004,2393 2065,2393 2127,2392 2188,2391 2250,2390"/>
                <TextEquiv>
                    <Unicode>Genugtnung, die der Sterbende ersehnt, ist, dem unverdient zu Geld und</Unicode>
                </TextEquiv>
            </TextLine>
            <TextLine id="r1l40" custom="readingOrder {index:39;}">
                <Coords points="1021,2435 2256,2437 2256,2393 2161,2389 1021,2393"/>
                <Baseline points="1028,2437 1089,2436 1150,2436 1211,2435 1272,2435 1333,2434 1394,2434 1455,2434 1516,2433 1577,2433 1638,2433 1699,2433 1760,2433 1821,2432 1882,2432 1943,2432 2004,2432 2065,2431 2126,2431 2187,2431 2249,2431"/>
                <TextEquiv>
                    <Unicode>Ruhm gelangten hirnarmen Nebenbuhler die glückzerstörende Mitteilung</Unicode>
                </TextEquiv>
            </TextLine>
            <TextLine id="r1l41" custom="readingOrder {index:40;}">
                <Coords points="1019,2483 2095,2482 2265,2469 2265,2439 1018,2433"/>
                <Baseline points="1026,2473 1087,2473 1149,2473 1210,2473 1272,2473 1333,2473 1395,2473 1456,2473 1518,2473 1579,2473 1641,2473 1703,2472 1764,2472 1826,2472 1887,2472 1949,2471 2010,2471 2072,2471 2133,2470 2195,2470 2257,2469"/>
                <TextEquiv>
                    <Unicode>ins Gesicht zu schleudern, daß seine Frau ihn jahrelang mit ihm, dem</Unicode>
                </TextEquiv>
            </TextLine>
            <TextLine id="r1l42" custom="readingOrder {index:41;}">
                <Coords points="1026,2511 2251,2494 1026,2472"/>
                <Baseline points="1034,2512 1094,2512 1154,2512 1215,2511 1275,2511 1336,2511 1396,2511 1457,2511 1517,2511 1578,2511 1638,2511 1698,2511 1759,2511 1819,2511 1880,2511 1940,2510 2001,2510 2061,2509 2122,2509 2182,2508 2243,2506"/>
                <TextEquiv>
                    <Unicode>Armen, aber Geistbegabten, betrogen habe. Ein todkranker Schauspieler,</Unicode>
                </TextEquiv>
            </TextLine>
            <TextLine id="r1l43" custom="readingOrder {index:42;}">
                <Coords points="1025,2552 2258,2556 2238,2509 1025,2513"/>
                <Baseline points="1032,2552 1096,2552 1160,2551 1224,2551 1288,2551 1352,2551 1416,2551 1481,2550 1545,2550 1609,2550 1673,2550 1737,2550 1801,2550 1866,2549 1930,2549 1994,2549 2058,2549 2122,2549 2186,2549 2251,2548"/>
                <TextEquiv>
                    <Unicode>der im Spital neben ihm liegt, probt mit ihm den Auftritt durch, der</Unicode>
                </TextEquiv>
            </TextLine>
            <TextLine id="r1l44" custom="readingOrder {index:43;}">
                <Coords points="1025,2593 2163,2599 2267,2559 1024,2555"/>
                <Baseline points="1032,2591 1093,2591 1154,2591 1216,2590 1277,2590 1338,2590 1400,2590 1461,2590 1522,2589 1584,2589 1645,2589 1706,2588 1768,2588 1829,2588 1890,2587 1952,2587 2013,2587 2074,2586 2136,2586 2197,2585 2259,2585"/>
                <TextEquiv>
                    <Unicode>den reichen, aufgeblasenen Schriftsteller demütigen soll. Als dieser dann</Unicode>
                </TextEquiv>
            </TextLine>
            <TextLine id="r1l45" custom="readingOrder {index:44;}">
                <Coords points="1016,2650 2251,2629 2251,2598 2134,2585 1016,2595"/>
                <Baseline points="1024,2630 1088,2630 1152,2630 1216,2630 1280,2630 1344,2629 1408,2629 1473,2628 1537,2628 1601,2627 1665,2627 1729,2626 1793,2626 1858,2625 1922,2625 1986,2624 2050,2624 2114,2623 2178,2623 2243,2623"/>
                <TextEquiv>
                    <Unicode>aber wirklich erscheint, erlischt des Journalisten rachsüchtige Absicht in der</Unicode>
                </TextEquiv>
            </TextLine>
            <TextLine id="r1l46" custom="readingOrder {index:45;}">
                <Coords points="1014,2670 2256,2659 2255,2626 2175,2623 1014,2639"/>
                <Baseline points="1022,2670 1083,2670 1144,2669 1205,2669 1267,2669 1328,2669 1389,2668 1451,2668 1512,2667 1573,2667 1635,2667 1696,2666 1757,2666 1818,2665 1880,2665 1941,2664 2002,2664 2064,2663 2125,2663 2186,2662 2248,2662"/>
                <TextEquiv>
                    <Unicode>Erkenntnis, daß das Leben, und sei es Selbstbetrug und Lüge, nicht den</Unicode>
                </TextEquiv>
            </TextLine>
            <TextLine id="r1l47" custom="readingOrder {index:46;}">
                <Coords points="1024,2716 2200,2714 2257,2678 1023,2676"/>
                <Baseline points="1031,2709 1095,2709 1159,2709 1223,2709 1287,2709 1351,2708 1415,2708 1480,2707 1544,2707 1608,2706 1672,2706 1736,2705 1800,2705 1865,2704 1929,2703 1993,2703 2057,2702 2121,2702 2185,2702 2250,2702"/>
                <TextEquiv>
                    <Unicode>vom Leben Scheidenden geopfert werden dürfe. Gustav Turrian</Unicode>
                </TextEquiv>
            </TextLine>
            <TextLine id="r1l48" custom="readingOrder {index:47;}">
                <Coords points="1011,2739 2041,2758 2220,2748 2252,2705 1011,2724"/>
                <Baseline points="1019,2751 1080,2749 1141,2748 1202,2747 1264,2747 1325,2746 1386,2746 1448,2745 1509,2745 1570,2745 1632,2745 1693,2745 1754,2745 1815,2745 1877,2745 1938,2744 1999,2744 2061,2743 2122,2742 2183,2740 2245,2739"/>
                <TextEquiv>
                    <Unicode>gub den Zeitungsmann mit eindringlicher Schlichtheit; Georg Kiesau</Unicode>
                </TextEquiv>
            </TextLine>
            <TextLine id="r1l49" custom="readingOrder {index:48;}">
                <Coords points="1017,2786 2074,2796 2218,2789 2258,2741 1017,2757"/>
                <Baseline points="1025,2786 1086,2786 1147,2785 1208,2785 1270,2785 1331,2785 1392,2785 1454,2785 1515,2785 1576,2785 1638,2785 1699,2784 1760,2784 1821,2784 1883,2784 1944,2783 2005,2783 2067,2782 2128,2781 2189,2780 2251,2779"/>
                <TextEquiv>
                    <Unicode>war als der lungenkranke Schauspieler, der in seinem Eiser, für seinen</Unicode>
                </TextEquiv>
            </TextLine>
            <TextLine id="r1l50" custom="readingOrder {index:49;}">
                <Coords points="1015,2823 2100,2836 2213,2828 2250,2784 1015,2790"/>
                <Baseline points="1022,2828 1083,2827 1144,2826 1205,2825 1266,2825 1327,2824 1388,2824 1449,2824 1510,2824 1571,2824 1632,2823 1693,2823 1754,2823 1815,2823 1876,2823 1937,2822 1998,2822 2059,2822 2120,2821 2181,2820 2243,2819"/>
                <TextEquiv>
                    <Unicode>Beruf Studien an den Leidenden zu machen, die nach ihm greisende</Unicode>
                </TextEquiv>
            </TextLine>
            <TextLine id="r1l51" custom="readingOrder {index:50;}">
                <Coords points="1016,2860 2127,2870 2254,2860 2254,2824 1016,2829"/>
                <Baseline points="1024,2867 1085,2867 1146,2866 1207,2866 1268,2865 1329,2865 1390,2864 1452,2864 1513,2863 1574,2863 1635,2862 1696,2862 1757,2862 1818,2861 1880,2861 1941,2861 2002,2860 2063,2860 2124,2860 2185,2860 2247,2860"/>
                <TextEquiv>
                    <Unicode>Todeshand nicht sieht, von einer wehmütigen Schnurrigkeit, die dieser</Unicode>
                </TextEquiv>
            </TextLine>
            <TextLine id="r1l52" custom="readingOrder {index:51;}">
                <Coords points="1016,2900 2236,2914 2260,2861 1015,2868"/>
                <Baseline points="1024,2906 1085,2906 1146,2905 1208,2904 1269,2904 1331,2903 1392,2903 1454,2902 1515,2902 1577,2901 1638,2901 1699,2901 1761,2900 1822,2900 1884,2900 1945,2899 2007,2899 2068,2899 2130,2898 2191,2898 2253,2897"/>
                <TextEquiv>
                    <Unicode>Gestalt einen eigenartigen Reiz verlieh. Alexander Engels hätte,</Unicode>
                </TextEquiv>
            </TextLine>
            <TextLine id="r1l53" custom="readingOrder {index:52;}">
                <Coords points="1011,2952 2237,2947 2269,2909 1011,2927"/>
                <Baseline points="1019,2945 1081,2944 1143,2943 1205,2942 1267,2941 1329,2941 1391,2940 1453,2940 1515,2939 1577,2939 1640,2939 1702,2939 1764,2938 1826,2938 1888,2938 1950,2937 2012,2937 2074,2937 2136,2936 2198,2936 2261,2935"/>
                <TextEquiv>
                    <Unicode>meinen wir, den Schriftsteller nicht so einsach und ehrlich=gutherzig geben</Unicode>
                </TextEquiv>
            </TextLine>
            <TextLine id="r1l54" custom="readingOrder {index:53;}">
                <Coords points="1015,2977 2253,2988 2253,2943 2192,2938 1015,2951"/>
                <Baseline points="1022,2980 1083,2980 1144,2980 1205,2980 1266,2980 1327,2979 1388,2979 1450,2979 1511,2979 1572,2979 1633,2979 1694,2979 1755,2978 1816,2978 1878,2978 1939,2977 2000,2977 2061,2976 2122,2976 2183,2975 2245,2974"/>
                <TextEquiv>
                    <Unicode>dürfen; ein wenig Pose und großsprecherische Art (sie verrät sich im</Unicode>
                </TextEquiv>
            </TextLine>
            <TextLine id="r1l55" custom="readingOrder {index:54;}">
                <Coords points="1016,3024 2168,3029 2261,2986 1016,2990"/>
                <Baseline points="1024,3018 1085,3018 1146,3018 1208,3018 1269,3018 1331,3018 1392,3018 1454,3018 1515,3018 1577,3018 1638,3017 1699,3017 1761,3017 1822,3017 1884,3016 1945,3016 2007,3015 2068,3015 2130,3014 2191,3013 2253,3012"/>
                <TextEquiv>
                    <Unicode>Text sehr deutlich bei der Erwähnung seines neuesten Werks) müßten</Unicode>
                </TextEquiv>
            </TextLine>
            <TextLine id="r1l56" custom="readingOrder {index:55;}">
                <Coords points="1699,3056 1753,3071 1766,3056 2192,3062 2246,3051 2246,3016 2081,3038 2056,3018 1699,3025"/>
                <Baseline points="1707,3057 1733,3057 1760,3056 1786,3056 1813,3056 1840,3055 1866,3055 1893,3054 1919,3054 1946,3053 1973,3053 1999,3052 2026,3052 2052,3051 2079,3051 2106,3051 2132,3050 2159,3050 2185,3050 2212,3050 2239,3051"/>
                <TextEquiv>
                    <Unicode>Komtesse Mizi var für</Unicode>
                </TextEquiv>
            </TextLine>
            <TextLine id="r1l57" custom="readingOrder {index:56;}">
                <Coords points="1018,3050 1214,3079 1240,3056 1485,3072 1529,3051 1632,3069 1697,3055 1697,3027 1472,3015 1018,3025"/>
                <Baseline points="1026,3062 1059,3062 1092,3061 1125,3061 1158,3060 1191,3059 1224,3059 1258,3058 1291,3058 1324,3057 1357,3057 1390,3056 1423,3056 1456,3056 1490,3056 1523,3056 1556,3056 1589,3056 1622,3056 1655,3057 1689,3057"/>
                <TextEquiv>
                    <Unicode>Bestandteile der Charakteristik bilden. —</Unicode>
                </TextEquiv>
            </TextLine>
            <TextLine id="r1l58" custom="readingOrder {index:57;}">
                <Coords points="1019,3104 2214,3100 2257,3096 2257,3040 1019,3073"/>
                <Baseline points="1027,3099 1088,3098 1149,3097 1210,3097 1271,3096 1332,3096 1393,3096 1454,3095 1515,3095 1576,3095 1638,3095 1699,3094 1760,3094 1821,3093 1882,3093 1943,3092 2004,3092 2065,3091 2126,3089 2187,3088 2249,3087"/>
                <TextEquiv>
                    <Unicode>Köln neu. Das Stück ist an dieser Stelle im Januar 1909 vor Wien</Unicode>
                </TextEquiv>
            </TextLine>
            <TextLine id="r1l59" custom="readingOrder {index:58;}">
                <Coords points="1023,3133 2249,3141 2249,3091 1023,3108"/>
                <Baseline points="1031,3136 1091,3135 1152,3135 1212,3134 1273,3134 1333,3134 1394,3134 1454,3134 1515,3134 1575,3134 1636,3134 1696,3134 1757,3134 1817,3133 1878,3133 1938,3132 1999,3132 2059,3131 2120,3129 2180,3128 2241,3126"/>
                <TextEquiv>
                    <Unicode>aus — wenig seeundlich — besprochen worden. Die Komtesse Lat vor</Unicode>
                </TextEquiv>
            </TextLine>
            <TextLine id="r1l60" custom="readingOrder {index:59;}">
                <Coords points="1017,3171 2247,3178 2247,3138 2197,3132 1017,3145"/>
                <Baseline points="1025,3175 1085,3174 1146,3173 1207,3173 1267,3173 1328,3173 1389,3173 1449,3173 1510,3173 1571,3173 1632,3173 1692,3173 1753,3173 1814,3172 1874,3172 1935,3172 1996,3171 2056,3170 2117,3169 2178,3167 2239,3166"/>
                <TextEquiv>
                    <Unicode>18 Jahren ein Verrüttnis mit einem verheirateten Mann gehabt und ein</Unicode>
                </TextEquiv>
            </TextLine>
            <TextLine id="r1l61" custom="readingOrder {index:60;}">
                <Coords points="1013,3217 2185,3219 2258,3170 1013,3200"/>
                <Baseline points="1022,3219 1083,3217 1144,3216 1206,3214 1267,3214 1329,3213 1390,3212 1451,3212 1513,3212 1574,3211 1636,3211 1697,3211 1758,3211 1820,3210 1881,3210 1943,3209 2004,3209 2065,3208 2127,3207 2188,3205 2250,3204"/>
                <TextEquiv>
                    <Unicode>Kind geboren. Sie hat, da der Mann nicht den Mut eines öffentlichen</Unicode>
                </TextEquiv>
            </TextLine>
            <TextLine id="r1l62" custom="readingOrder {index:61;}">
                <Coords points="1031,3254 2171,3258 2255,3220 1030,3224"/>
                <Baseline points="1038,3258 1098,3256 1159,3254 1219,3253 1280,3253 1340,3252 1401,3251 1461,3251 1522,3251 1582,3250 1643,3250 1703,3250 1764,3250 1824,3249 1885,3249 1945,3248 2006,3248 2066,3247 2127,3246 2187,3244 2248,3243"/>
                <TextEquiv>
                    <Unicode>Skandals fand, gefordert, daß sie für ihren Sohn tot bleibe, und Zer¬</Unicode>
                </TextEquiv>
            </TextLine>
            <TextLine id="r1l63" custom="readingOrder {index:62;}">
                <Coords points="1027,3299 2087,3300 2223,3290 2246,3254 1027,3259"/>
                <Baseline points="1034,3296 1094,3294 1154,3293 1214,3292 1275,3291 1335,3290 1395,3289 1455,3289 1516,3289 1576,3289 1636,3288 1696,3288 1757,3288 1817,3288 1877,3287 1937,3287 1998,3286 2058,3285 2118,3284 2178,3283 2239,3280"/>
                <TextEquiv>
                    <Unicode>streuung in andern Liebesabenteuern gesucht. Jetzt wird ihr vom Vater</Unicode>
                </TextEquiv>
            </TextLine>
            <TextLine id="r1l64" custom="readingOrder {index:63;}">
                <Coords points="1028,3332 2236,3338 2254,3297 1028,3304"/>
                <Baseline points="1036,3332 1096,3331 1157,3331 1217,3330 1278,3329 1338,3329 1399,3328 1459,3327 1520,3327 1580,3326 1641,3326 1701,3325 1762,3325 1822,3324 1883,3324 1943,3324 2004,3323 2064,3323 2125,3323 2185,3322 2246,3322"/>
                <TextEquiv>
                    <Unicode>der siebzehnjährige kluge, aber naseweis=dreiste Bengel zugeführt, sie fühlt</Unicode>
                </TextEquiv>
            </TextLine>
            <TextLine id="r1l65" custom="readingOrder {index:64;}">
                <Coords points="1022,3373 2256,3364 2256,3331 2141,3318 1022,3331"/>
                <Baseline points="1030,3370 1090,3370 1151,3370 1212,3369 1273,3369 1334,3369 1395,3368 1456,3368 1517,3367 1578,3366 1639,3366 1699,3365 1760,3364 1821,3364 1882,3363 1943,3363 2004,3362 2065,3362 2126,3362 2187,3362 2248,3362"/>
                <TextEquiv>
                    <Unicode>indes nichts für ihn; doch bleibt die Aussicht auf eine nachträgliche eheliche</Unicode>
                </TextEquiv>
            </TextLine>
            <TextLine id="r1l66" custom="readingOrder {index:65;}">
                <Coords points="1027,3412 2158,3415 2257,3405 2257,3364 1026,3375"/>
                <Baseline points="1034,3409 1094,3409 1155,3408 1216,3408 1277,3408 1337,3407 1398,3407 1459,3407 1520,3406 1580,3406 1641,3405 1702,3405 1763,3404 1823,3404 1884,3403 1945,3402 2006,3401 2066,3400 2127,3399 2188,3398 2249,3397"/>
                <TextEquiv>
                    <Unicode>Vereinigung der Eltern offen. Zeitlich parallel mit diesen Dingen lausen</Unicode>
                </TextEquiv>
            </TextLine>
            <TextLine id="r1l67" custom="readingOrder {index:66;}">
                <Coords points="1020,3456 2201,3453 2258,3407 1020,3410"/>
                <Baseline points="1028,3445 1089,3445 1150,3445 1211,3445 1272,3445 1333,3445 1394,3445 1456,3445 1517,3444 1578,3444 1639,3443 1700,3443 1761,3443 1822,3442 1884,3442 1945,3441 2006,3441 2067,3440 2128,3440 2189,3439 2251,3439"/>
                <TextEquiv>
                    <Unicode>die Liebesbeziehungen des Vaters Mizzis zu einer Tänzerin, die sich jetzt</Unicode>
                </TextEquiv>
            </TextLine>
            <TextLine id="r1l68" custom="readingOrder {index:67;}">
                <Coords points="1032,3489 2258,3486 2096,3435 1031,3453"/>
                <Baseline points="1040,3485 1100,3485 1160,3485 1221,3485 1281,3485 1342,3485 1402,3484 1463,3484 1523,3484 1584,3483 1644,3483 1704,3482 1765,3482 1825,3481 1886,3481 1946,3480 2007,3480 2067,3479 2128,3479 2188,3478 2249,3478"/>
                <TextEquiv>
                    <Unicode>nach 18 Johren ins Ehrbar=Bürgerliche mausert und einen Fiaker heiratet.</Unicode>
                </TextEquiv>
            </TextLine>
            <TextLine id="r1l69" custom="readingOrder {index:68;}">
                <Coords points="1038,3530 2140,3530 2256,3487 1038,3490"/>
                <Baseline points="1046,3523 1106,3523 1166,3523 1226,3523 1286,3523 1346,3523 1406,3523 1466,3522 1526,3522 1586,3521 1647,3521 1707,3520 1767,3520 1827,3519 1887,3518 1947,3518 2007,3517 2067,3517 2127,3516 2187,3515 2248,3515"/>
                <TextEquiv>
                    <Unicode>Was dieser Komödie das Gepräge gibt, ist die lächelnde Selbstverständ¬</Unicode>
                </TextEquiv>
            </TextLine>
            <TextLine id="r1l70" custom="readingOrder {index:69;}">
                <Coords points="1034,3569 2185,3566 2247,3515 1034,3530"/>
                <Baseline points="1042,3564 1101,3564 1161,3563 1221,3563 1281,3563 1341,3562 1401,3562 1461,3561 1521,3561 1581,3561 1641,3560 1700,3560 1760,3560 1820,3559 1880,3559 1940,3558 2000,3557 2060,3556 2120,3555 2180,3555 2240,3554"/>
                <TextEquiv>
                    <Unicode>lichkeit, mit der all die heikeln Geschehnisse behande.t werden, ist das be¬</Unicode>
                </TextEquiv>
            </TextLine>
            <TextLine id="r1l71" custom="readingOrder {index:70;}">
                <Coords points="1027,3603 2252,3608 2236,3550 1027,3566"/>
                <Baseline points="1035,3603 1095,3603 1155,3603 1216,3602 1276,3602 1337,3602 1397,3601 1457,3601 1518,3600 1578,3600 1639,3599 1699,3599 1759,3598 1820,3598 1880,3597 1941,3597 2001,3596 2061,3596 2122,3595 2182,3595 2243,3594"/>
                <TextEquiv>
                    <Unicode>schauliche Behagen, mit dem die Beteiligten dason sprechen. Man mag</Unicode>
                </TextEquiv>
            </TextLine>
            <TextLine id="r1l72" custom="readingOrder {index:71;}">
                <Coords points="1031,3649 2103,3647 2220,3639 2255,3590 1031,3605"/>
                <Baseline points="1039,3641 1099,3641 1159,3640 1220,3639 1280,3639 1341,3638 1401,3638 1461,3638 1522,3638 1582,3637 1643,3637 1703,3637 1763,3636 1824,3636 1884,3636 1945,3635 2005,3634 2065,3634 2126,3633 2186,3632 2247,3631"/>
                <TextEquiv>
                    <Unicode>die Tonart frivol nennen. Sie bleibt erträglich, da die Leichtfertigkeit der</Unicode>
                </TextEquiv>
            </TextLine>
            <TextLine id="r1l73" custom="readingOrder {index:72;}">
                <Coords points="1041,3682 2250,3684 2249,3629 1041,3644"/>
                <Baseline points="1048,3682 1107,3681 1167,3680 1227,3679 1286,3679 1346,3678 1406,3678 1465,3678 1525,3677 1585,3677 1645,3677 1704,3676 1764,3676 1824,3676 1883,3675 1943,3675 2003,3674 2062,3673 2122,3672 2182,3670 2242,3669"/>
                <TextEquiv>
                    <Unicode>Lebensansicht gemildert erscheint durch eine gewisse tragikomische Selbst¬</Unicode>
                </TextEquiv>
            </TextLine>
            <TextLine id="r1l74" custom="readingOrder {index:73;}">
                <Coords points="1036,3722 2251,3706 2117,3671 1036,3683"/>
                <Baseline points="1044,3719 1107,3719 1170,3719 1233,3718 1296,3718 1359,3717 1422,3717 1485,3716 1548,3716 1611,3715 1675,3715 1738,3714 1801,3714 1864,3713 1927,3713 1990,3712 2053,3711 2116,3711 2179,3710 2243,3709"/>
                <TextEquiv>
                    <Unicode>ironie, zu der die Handelnden in der weiten Zeitspanne zwischen Tat und</Unicode>
                </TextEquiv>
            </TextLine>
            <TextLine id="r1l75" custom="readingOrder {index:74;}">
                <Coords points="1040,3759 2204,3764 2255,3756 2255,3714 1040,3721"/>
                <Baseline points="1048,3758 1111,3758 1174,3758 1237,3757 1300,3757 1363,3756 1426,3756 1489,3755 1552,3755 1615,3754 1679,3753 1742,3753 1805,3752 1868,3751 1931,3751 1994,3750 2057,3750 2120,3749 2183,3749 2247,3749"/>
                <TextEquiv>
                    <Unicode>Beurteilung gelangt sind. Von den Mitwirkenden, deren Wienerisch</Unicode>
                </TextEquiv>
            </TextLine>
            <TextLine id="r1l76" custom="readingOrder {index:75;}">
                <Coords points="1028,3791 2229,3803 2244,3746 1028,3766"/>
                <Baseline points="1035,3795 1095,3796 1155,3796 1215,3796 1275,3796 1335,3795 1395,3795 1455,3794 1515,3794 1575,3793 1636,3792 1696,3792 1756,3791 1816,3790 1876,3789 1936,3789 1996,3788 2056,3788 2116,3787 2176,3787 2237,3787"/>
                <TextEquiv>
                    <Unicode>allerdings wenig einheitlich klang, seien die Herren Senden, Dysing</Unicode>
                </TextEquiv>
            </TextLine>
            <TextLine id="r1l77" custom="readingOrder {index:76;}">
                <Coords points="1029,3831 2224,3841 2255,3793 1029,3800"/>
                <Baseline points="1037,3832 1097,3832 1158,3832 1218,3832 1279,3832 1339,3832 1400,3832 1460,3832 1521,3831 1581,3831 1642,3831 1702,3830 1763,3830 1823,3829 1884,3829 1944,3828 2005,3828 2065,3827 2126,3826 2186,3825 2247,3824"/>
                <TextEquiv>
                    <Unicode>und Aßmann und die Damen Frey und Gäbler mit Anerkennung</Unicode>
                </TextEquiv>
            </TextLine>
            <TextLine id="r1l78" custom="readingOrder {index:77;}">
                <Coords points="1031,3880 2220,3874 2257,3826 1031,3838"/>
                <Baseline points="1039,3873 1099,3872 1160,3871 1220,3871 1281,3870 1341,3870 1402,3870 1462,3869 1523,3869 1583,3869 1644,3869 1704,3869 1765,3869 1825,3868 1886,3868 1946,3867 2007,3866 2067,3865 2128,3864 2188,3862 2249,3860"/>
                <TextEquiv>
                    <Unicode>ihrer darstellerischen Bemühungen genannt. Die Lolo hätten wir freilich</Unicode>
                </TextEquiv>
            </TextLine>
            <TextLine id="r1l79" custom="readingOrder {index:78;}">
                <Coords points="1023,3932 2176,3916 2261,3870 1022,3882"/>
                <Baseline points="1031,3914 1092,3912 1153,3911 1214,3910 1275,3909 1336,3908 1397,3908 1458,3907 1519,3907 1580,3907 1642,3907 1703,3907 1764,3907 1825,3907 1886,3907 1947,3907 2008,3906 2069,3906 2130,3905 2191,3904 2253,3903"/>
                <TextEquiv>
                    <Unicode>gern erwas weniger bürgerlich=hausbacken in Kleidung, Benehmen und</Unicode>
                </TextEquiv>
            </TextLine>
            <TextLine id="r1l80" custom="readingOrder {index:79;}">
                <Coords points="1034,3950 2250,3955 2197,3907 1969,3897 1034,3915"/>
                <Baseline points="1041,3947 1101,3948 1161,3948 1221,3948 1281,3948 1341,3948 1401,3948 1461,3948 1521,3948 1581,3947 1642,3947 1702,3946 1762,3946 1822,3945 1882,3945 1942,3944 2002,3943 2062,3943 2122,3942 2182,3942 2243,3941"/>
                <TextEquiv>
                    <Unicode>Ton gesehen; und der 17jährige Philipp war uns nicht knabenhaft ge¬</Unicode>
                </TextEquiv>
            </TextLine>
            <TextLine id="r1l81" custom="readingOrder {index:80;}">
                <Coords points="1029,3983 2244,3977 2198,3944 1028,3953"/>
                <Baseline points="1037,3987 1100,3987 1163,3987 1226,3987 1289,3986 1352,3986 1415,3986 1478,3986 1541,3985 1604,3985 1668,3984 1731,3984 1794,3983 1857,3983 1920,3982 1983,3981 2046,3981 2109,3980 2172,3979 2236,3978"/>
                <TextEquiv>
                    <Unicode>nug in den Körpermaßen, den Gesichszügen und den Gebärden. Sollte</Unicode>
                </TextEquiv>
            </TextLine>
            <TextLine id="r1l82" custom="readingOrder {index:81;}">
                <Coords points="1036,4028 2232,4032 2232,3981 1035,3992"/>
                <Baseline points="1043,4023 1102,4022 1161,4022 1220,4021 1279,4021 1338,4021 1397,4021 1456,4022 1515,4022 1574,4022 1633,4022 1692,4022 1751,4022 1810,4022 1869,4022 1928,4021 1987,4020 2046,4019 2105,4017 2164,4016 2224,4013"/>
                <TextEquiv>
                    <Unicode>hier nicht durch Anderungen in der Rollenbesetzung zu helsen sein? —</Unicode>
                </TextEquiv>
            </TextLine>
            <TextLine id="r1l83" custom="readingOrder {index:82;}">
                <Coords points="1033,4067 2215,4064 2240,4026 1033,4028"/>
                <Baseline points="1041,4060 1100,4060 1160,4060 1219,4060 1279,4060 1338,4060 1398,4060 1457,4059 1517,4059 1576,4059 1636,4058 1696,4058 1755,4057 1815,4057 1874,4056 1934,4056 1993,4055 2053,4054 2112,4054 2172,4053 2232,4052"/>
                <TextEquiv>
                    <Unicode>Den stärksten Eindruck himerließ das dritte Stück: Der grüne Kakadu.</Unicode>
                </TextEquiv>
            </TextLine>
            <TextLine id="r1l84" custom="readingOrder {index:83;}">
                <Coords points="1036,4107 2244,4115 2232,4050 1036,4069"/>
                <Baseline points="1044,4100 1103,4100 1163,4100 1222,4099 1282,4099 1342,4099 1401,4098 1461,4098 1520,4098 1580,4097 1640,4097 1699,4097 1759,4097 1818,4096 1878,4096 1938,4096 1997,4096 2057,4096 2116,4095 2176,4095 2236,4095"/>
                <TextEquiv>
                    <Unicode>Der heiße Atem der französischen Revolution ist darin: aristokratische</Unicode>
                </TextEquiv>
            </TextLine>
            <TextLine id="r1l85" custom="readingOrder {index:84;}">
                <Coords points="1029,4141 2179,4147 2244,4106 1029,4107"/>
                <Baseline points="1037,4138 1100,4138 1163,4138 1226,4138 1289,4138 1352,4138 1415,4137 1478,4137 1541,4137 1604,4136 1668,4136 1731,4135 1794,4135 1857,4134 1920,4134 1983,4133 2046,4133 2109,4133 2172,4133 2236,4132"/>
                <TextEquiv>
                    <Unicode>Sittenverderbnis, Freiheitsrausch und brutale Volksleidenschaft. Ein</Unicode>
                </TextEquiv>
            </TextLine>
            <TextLine id="r1l86" custom="readingOrder {index:85;}">
                <Coords points="1840,4172 2209,4172 2227,4169 2227,4130 2179,4147 1907,4137 1874,4150 1840,4137"/>
                <Baseline points="1848,4170 1874,4171 1901,4172 1927,4172 1954,4172 1980,4173 2007,4173 2034,4172 2060,4172 2087,4172 2113,4171 2140,4171 2166,4171 2193,4170 2220,4170"/>
                <TextEquiv>
                    <Unicode>le einen Weinteller auf¬</Unicode>
                </TextEquiv>
            </TextLine>
            <TextEquiv>
                <Unicode>M
bos 34/7
8. Die letztenasken
Telephon 12.801
„ODSENVEN
I. österr. beh. konz. Unternehmen für Zeitung¬
Ausschnitte und Bibliographie.
Wien, I., Concordiaplatz 4.
Vertretungen
In Berlin, Brüssel, Budapest, Chicago, Cleveland, Christlanta
Genf, Kopenhagen, London, Madrid, Mailand, Minneapelte.
New-Vork, Paris, Rom, San Francisco, Stockhiolm, St. Peters.
burg, Toronto.
(Catlienangebe ohne Dewähr.)
Ausschnitt aus:
 Zonung
18 SP 131
vom:
Drei Gnakter „on Schnitzler.
(8 Köln. Arthur Schnitzler ördnet seine Einakler gern zu Reihen,
dren Glieder bei aller Verschiedenheit der einzelnen Vorwürfe und ihrer
Kramatischen Behandlung doch irgendwie gedanklich verknüpft sind. Dies
Verfahren fügt für den nachdenklichen Leser und Hörer zu dem
Interesse am einzelne. Stück den Ansporn, die verbindende Idee zu
fuchen, überlegend nachzuprüfen, wie das, was räumlich und zeitlich aus¬
einanderliegt, sich doch innerlich zu einer Einheit verkettet und wie der
Dichter die These, die Tendenz, den geistreichen Einfall, das Stückchen
Weltklugheit oder Lebenseinsicht in dem einzelnen Stück abgewandelt hat.
Dieser geistige Genuß des Suchens und Vergleichens fällt weg, wenn,
wie es am Samstag im Schauspielhaus geschah, aus den Serien
Teile herausgeschnitten und zu einer losen Reihe verbunden werden;
solches Nebeneinander ist immer ein bißchen Varieté=Programm. Das
erste der gegebenen Stücke stammt aus der viergliedrigen Reihe „Leben¬
dige Stunden“, das letzte aus einer dreigliedrigen Serie, die von dem
Motto: „Wir spielen immer, wer es weiß, ist klug“ zusammengehalten*
wird. Das mittlere Stück ist von Schnitzler als selbständige Arbeit ver¬
öffentlicht worden. Die letzten Masken schildern die Todesstunde
eines vom Schicksal um den Erfolg betrogenen Journalisten. Die letzte
Genugtnung, die der Sterbende ersehnt, ist, dem unverdient zu Geld und
Ruhm gelangten hirnarmen Nebenbuhler die glückzerstörende Mitteilung
ins Gesicht zu schleudern, daß seine Frau ihn jahrelang mit ihm, dem
Armen, aber Geistbegabten, betrogen habe. Ein todkranker Schauspieler,
der im Spital neben ihm liegt, probt mit ihm den Auftritt durch, der
den reichen, aufgeblasenen Schriftsteller demütigen soll. Als dieser dann
aber wirklich erscheint, erlischt des Journalisten rachsüchtige Absicht in der
Erkenntnis, daß das Leben, und sei es Selbstbetrug und Lüge, nicht den
vom Leben Scheidenden geopfert werden dürfe. Gustav Turrian
gub den Zeitungsmann mit eindringlicher Schlichtheit; Georg Kiesau
war als der lungenkranke Schauspieler, der in seinem Eiser, für seinen
Beruf Studien an den Leidenden zu machen, die nach ihm greisende
Todeshand nicht sieht, von einer wehmütigen Schnurrigkeit, die dieser
Gestalt einen eigenartigen Reiz verlieh. Alexander Engels hätte,
meinen wir, den Schriftsteller nicht so einsach und ehrlich=gutherzig geben
dürfen; ein wenig Pose und großsprecherische Art (sie verrät sich im
Text sehr deutlich bei der Erwähnung seines neuesten Werks) müßten
Komtesse Mizi var für
Bestandteile der Charakteristik bilden. —
Köln neu. Das Stück ist an dieser Stelle im Januar 1909 vor Wien
aus — wenig seeundlich — besprochen worden. Die Komtesse Lat vor
18 Jahren ein Verrüttnis mit einem verheirateten Mann gehabt und ein
Kind geboren. Sie hat, da der Mann nicht den Mut eines öffentlichen
Skandals fand, gefordert, daß sie für ihren Sohn tot bleibe, und Zer¬
streuung in andern Liebesabenteuern gesucht. Jetzt wird ihr vom Vater
der siebzehnjährige kluge, aber naseweis=dreiste Bengel zugeführt, sie fühlt
indes nichts für ihn; doch bleibt die Aussicht auf eine nachträgliche eheliche
Vereinigung der Eltern offen. Zeitlich parallel mit diesen Dingen lausen
die Liebesbeziehungen des Vaters Mizzis zu einer Tänzerin, die sich jetzt
nach 18 Johren ins Ehrbar=Bürgerliche mausert und einen Fiaker heiratet.
Was dieser Komödie das Gepräge gibt, ist die lächelnde Selbstverständ¬
lichkeit, mit der all die heikeln Geschehnisse behande.t werden, ist das be¬
schauliche Behagen, mit dem die Beteiligten dason sprechen. Man mag
die Tonart frivol nennen. Sie bleibt erträglich, da die Leichtfertigkeit der
Lebensansicht gemildert erscheint durch eine gewisse tragikomische Selbst¬
ironie, zu der die Handelnden in der weiten Zeitspanne zwischen Tat und
Beurteilung gelangt sind. Von den Mitwirkenden, deren Wienerisch
allerdings wenig einheitlich klang, seien die Herren Senden, Dysing
und Aßmann und die Damen Frey und Gäbler mit Anerkennung
ihrer darstellerischen Bemühungen genannt. Die Lolo hätten wir freilich
gern erwas weniger bürgerlich=hausbacken in Kleidung, Benehmen und
Ton gesehen; und der 17jährige Philipp war uns nicht knabenhaft ge¬
nug in den Körpermaßen, den Gesichszügen und den Gebärden. Sollte
hier nicht durch Anderungen in der Rollenbesetzung zu helsen sein? —
Den stärksten Eindruck himerließ das dritte Stück: Der grüne Kakadu.
Der heiße Atem der französischen Revolution ist darin: aristokratische
Sittenverderbnis, Freiheitsrausch und brutale Volksleidenschaft. Ein
le einen Weinteller auf¬</Unicode>
            </TextEquiv>
        </TextRegion>
    </Page>
</PcGts>
