3344 4320
1897 176 2291 251 ———
1442 252 1882 355 box 36/1
100 263 1282 372 1. Panphlets, offprints
1361 996 1966 1081 RECENTI ROMANZI TEDESCHI
894 1084 2408 1139 di nobili di campagna, di piccoli possidenti, di contadini miseri, la
114 1066 414 1150 alla principale
901 1136 2413 1185 cui miseria fatalmente s’accresce pel continuo misterioso e quasi cieco
127 1133 425 1199 ore modi ed
899 1176 1334 1236 divenir della vita.
135 1179 423 1247 nvece l'altro
994 1233 1713 1297 Questo senso scoraggiante che
136 1228 425 1298 rizio de Pru¬
890 1266 1704 1342 T’esistenza é in balia del destino,
130 1278 422 1346 en, città ove
892 1331 1718 1392 emana da talune narrazioni del Polenz
178 1327 429 1392 ibro vuole
903 1379 1718 1441 come un velo di nebbia attrista le
218 1380 426 1443 gli ante¬
909 1419 1720 1494 note gaie del paesaggio, ma egli vi
219 1423 423 1487 atisi nei
912 1483 1714 1533 sa diffondere un caldo raggio di sim¬
252 1480 427 1540 ppunto
902 1523 1706 1586 patia umana, per modo che questi
234 1526 425 1592 nto for¬
902 1579 1721 1636 scritti. collegati all’ opera letteraria
279 1574 424 1637 mpli¬
900 1617 1717 1685 antecedente ed al realismo eflichce,
239 1624 422 1683 in eui
896 1674 1709 1732 hanno grande importanza per chi vo¬
249 1668 411 1736 illa tra
897 1720 1714 1783 glia conoscer la Germania d’oggi.
232 1720 423 1788 dei suoi
898 1766 1713 1833 delle provincie, de' borghi, de caso¬
282 1775 418 1834 ttiva,
896 1825 1717 1881 lari, la Germania che agila quistioni
297 1822 411 1899 anie¬
893 1864 1716 1931 agrarie, quistioni fondiarie, passioni
910 1928 1714 1968 e lotte che assumono un aspetto ben
331 1910 413 1979 chi
894 1961 1720 2026 determinato. Questioni e lotte che
909 2008 1713 2060 fanno palpitare migliaia e migliaia
298 2005 401 2083 todi
903 2063 1709 2122 d’anime. Anime semplici di campa¬
315 2066 411 2128 nno
903 2108 1720 2174 gnuoli, figure umili avvinte alla gleba
906 2158 1713 2206 ealle faticose e mal rimunerate opere
905 2208 1712 2276 dei campi descrive appunto il Polenz
906 2249 1723 2317 nel libro d’oggi: ma questo non pud
908 2234 2402 2361 Segnnre un progresse nella erclunene Au 2###7
909 2358 1718 2411 dello scrittore - forse ancora incom¬
903 2388 2415 2454 piuta - mentre aggiunge dei particolari accurati, amorosi alla psico¬
905 2449 2085 2510 logia ruvida e profonda dei suoi personaggi preferiti.
987 2489 2406 2549 Pin vecchio del Polenz, di una popolarità straordinaria e meritata,
911 2546 2415 2603 e Ludovico Ganghofer, che fu drammaturgo del Ringtheater incendiato
899 2594 2415 2646 e consacro poi l’attività sua allo studio della vita dei montanari. Appunto
287 2638 411 2707 apida
895 2641 2420 2691 delle altezze alpine ci parla l'’ultimo suo libro: L'Apostolo del villaggio (1),
284 2691 426 2753 figura
902 2691 2420 2740 ealla poesia del paesaggio si mischia una vena frescae pura di senti¬
300 2745 426 2805 agna
897 2747 2413 2807 mento. In fondo, le sue narrazioni, vivaci e pur delicate, forti e pur¬
296 2798 401 2853 igace
905 2791 2408 2853 gentili, si somigliano un pos troppo; ma la somiglianza non ispiace,
906 2835 2421 2904 perché in ogni nuovo racconto si ripetono e qualche volta si affinano
355 2844 415 2897 ra
312 2898 411 2949 per
903 2891 2424 2950 le qualità di esservatore che il Ganghofer indubbiamente possiede. Gli
263 2939 412 2994 areal-
902 2938 2416 2993 venne qualche volta rimproverato di toccar troppo la corda del senti¬
283 2988 395 3044 Ind le
904 2986 2416 3053 mentalismo. Ma se uno scrittore si affanna a mostrare solo il lato
908 3039 2412 3100 buono della vita, se si compiace di ritrarre solo eroi ignoti che soffrono,
316 3091 415 3150 rma
906 3100 2424 3157 lavorano, sopportano i mali serenamente e rispondono alle offese con
898 3136 1740 3202 amore e bontà, quale sarà il danno?
273 3133 424 3190 olorito
357 3182 402 3238 a
998 3185 2416 3243 L'Apostolo del villaggio ha qualche pagina di freschezza idilliaca.
908 3229 2412 3285 Nellidillio il Ganghofer é maestro; ed io ricordo una sua squisita novel¬
907 3267 2423 3339 letta di natale: Das Kasermandl, da cui egli gentilmente mi permise di
912 3329 2412 3388 trarre una commedia lirica. Rare volte si trovarono uniti spontanea¬
912 3383 2433 3442 mente uno sfondo poetico e pittoresco come quello ideato dal Ganghofer
919 3426 2421 3497 eTimprovviso destarsi della passione amorosa, tra un allegro e spen¬
997 3509 2420 3586 (1) Der Dorjupostel. Ein Hochlandsroman von Lunwid GANGnoFER. A. Bonz.
897 3579 1407 3647 und Co., Stuttgart, 1901.
2641 3892 2806 4031 1
2825 1227 2876 1286 8200
2871 4117 2926 4195 S
