3344 4320
2104 197 2326 266 —
1527 266 1984 362 box 36/1
185 272 1371 369 1. Panphlets, offprints
1422 1031 2022 1118 RECENTI ROMANZI TEDESCHI
957 1041 1062 1128 16
1047 1120 2485 1180 Altro scrittore giovanissimo 6 Jakob Wassermann (1). Nato an¬
958 1162 2483 1221 chlegli a Vienna dopo il settants con la sua Sforia della giovine Re¬
956 1209 2496 1287 nata Fuchs ha attratto T’attenzione della critica, la simpatia vivace del
959 1273 1209 1337 pubblico.
1058 1306 2482 1367 Certe pagine di questo studio d’anima femminile ricordano vera¬
971 1360 2487 1420 mente, per la finezza dell’analisi, per la felicità dell’espressione, i tipi
964 1418 2491 1477 muliebri rievocati dai Goncourt. II libre non ha una trama tale da
972 1474 2480 1544 poter essere condensata in poche parole; ma i pregi di stile, Tatmo¬
964 1506 2493 1576 sfera addirittura moderna, di cui sono avvolti i personaggi, fanno si
957 1570 2491 1634 che questa promessa di belle opere future merita di essere additata al
963 1619 1368 1691 pubblico nostro.
1640 1647 2488 1718 Cosi, non puó dimenticarsi in uno
1554 1709 2493 1776 sguardo dato alla produzione letteraria tede¬
1568 1761 2490 1819 sca del 1901 il romanzo dell’ Hollaender (2).
1555 1807 2483 1873 II romanziere slesiano, che sino dal 1891
1563 1856 2485 1919 ha dato anima, nelle sue pagine, alle piu
1567 1902 2485 1967 urgenti quistioni moderne, studiandole
1568 1948 2490 2015 nell’aspetto particolare che assumono in
1557 2011 2488 2074 Germania, raggiunge con l’opera odierna
1571 2052 2104 2120 un hon comune valore.
1652 2100 2488 2160 Si tratta di lavoro filosofico, ma senza
1565 2154 2490 2206 nessuna aridità didattica: la trama del
1575 2211 2485 2271 pensiero, che si svolge logica e salda, 6
1583 2264 2497 2309 velata dalla forma artistica per cui imagini
1573 2298 2501 2372 poetichee vivaci si adattano mirabilmente
1570 2347 2284 2408 avestire il contenuto profondo.
1658 2402 2486 2452 Col libro dell’ Hollaender, chindo la
1567 2440 2491 2516 rapida rassegna, nella quale vorrei non
1570 2488 2486 2548 aver dimenticato qualche notevole scritto.
1100 2511 1417 2572 Felix Holländer.
1567 2537 2493 2609 E ancora formulo il desiderio pin volte
984 2599 2505 2669 espresso qui, nella Nuova Autologia, che il pubblico nostro voglia
982 2634 2492 2708 rivolger T’attenzione a una letteratura rigogliosa e fiorente, in eui
984 2704 2507 2759 forze giovanili ogni giorno si manifestano esi affermano con accento
983 2756 1930 2829 nuovo. con espressione gagliardae gentile.
1059 2887 2512 2960 (1) Die Geschichte der Jjungen Reuate Fuchs. Roman von J. WASSERMANN.
987 2954 1435 3010 Berlin, Fischer, 1901.
1069 2999 2501 3051 (2) Der Weg des Thomas Truck. Roman von FEuix HOLLAENDER. Berlin,
981 3046 1288 3111 Fischer, 1901.
3235 4134 3351 4207 2
