<?xml version="1.0" encoding="UTF-8" standalone="yes"?>
<PcGts xmlns="http://schema.primaresearch.org/PAGE/gts/pagecontent/2013-07-15" xmlns:xsi="http://www.w3.org/2001/XMLSchema-instance" xsi:schemaLocation="http://schema.primaresearch.org/PAGE/gts/pagecontent/2013-07-15 http://schema.primaresearch.org/PAGE/gts/pagecontent/2013-07-15/pagecontent.xsd">
    <Metadata>
        <Creator>prov=University of Rostock/Institute of Mathematics/CITlab/Gundram Leifert/gundram.leifert@uni-rostock.de:name=ONB_Newseye_GT_M1+(htr_id=10810)::::v=2.4.2
prov=University of Rostock/Institute of Mathematics/CITlab/Tobias Gruening/tobias.gruening@uni-rostock.de:name=de.uros.citlab.module.baseline2polygon.B2PSeamMultiOriented:v=2.4.2
prov=University of Rostock/Institute of Mathematics/CITlab/Tobias Gruening/tobias.gruening@uni-rostock.de:name=/mnt/transkribus/LA/DEA/URO/LA_news_onb_att.pb:de.uros.citlab.segmentation.CITlab_LA_ML:v=2.4.2
Transkribus</Creator>
        <Created>2019-10-07T15:12:54.862+02:00</Created>
        <LastChange>2019-10-09T03:24:03.512+02:00</LastChange>
        <TranskribusMetadata docId="224171" pageId="9514255" pageNr="4" tsid="16620145" status="IN_PROGRESS" userId="40391" imgUrl="https://files.transkribus.eu/Get?id=IMOXLOESNBLIHREYHHLBVBRU&amp;fileType=view" xmlUrl="https://files.transkribus.eu/Get?id=RBUANQRTYPEPGCAAFZLBCLAD" imageId="6202489"/>
    </Metadata>
    <Page imageFilename="224171_0004.jpeg" imageWidth="3344" imageHeight="4320">
        <ReadingOrder>
            <OrderedGroup id="ro_1711443988308" caption="Regions reading order">
                <RegionRefIndexed index="0" regionRef="r1"/>
            </OrderedGroup>
        </ReadingOrder>
        <TextRegion orientation="0.0" id="r1" custom="readingOrder {index:0;}">
            <Coords points="109,336 109,3671 2516,3671 2516,336"/>
            <TextLine id="r1l1" custom="readingOrder {index:0;}">
                <Coords points="1438,370 1520,387 1559,370 1604,382 1648,362 1728,395 1791,377 1861,390 1901,379 1902,321 1770,292 1739,309 1705,293 1657,336 1592,308 1537,322 1438,310"/>
                <Baseline points="1447,360 1473,360 1499,360 1525,360 1551,361 1577,362 1604,363 1630,365 1656,366 1682,367 1708,368 1734,368 1761,369 1787,368 1813,367 1839,365 1865,363 1892,360"/>
                <TextEquiv>
                    <Unicode>box 36//1</Unicode>
                </TextEquiv>
            </TextLine>
            <TextLine id="r1l2" custom="readingOrder {index:1;}">
                <Coords points="100,386 1248,401 1281,326 914,299 728,351 524,296 277,306 197,351 101,316"/>
                <Baseline points="109,368 167,367 225,367 283,367 341,367 399,368 457,369 516,370 574,371 632,372 690,373 748,374 806,374 864,375 923,375 981,374 1039,374 1097,372 1155,371 1213,368 1272,365"/>
                <TextEquiv>
                    <Unicode>1. Panphlets, Offprints</Unicode>
                </TextEquiv>
            </TextLine>
            <TextLine id="r1l3" custom="readingOrder {index:2;}">
                <Coords points="1462,1101 1597,1102 1626,1124 1735,1104 1831,1124 2022,1119 2062,1096 2064,1044 1978,1066 1846,1041 1708,1058 1656,1030 1464,1062"/>
                <Baseline points="1473,1092 1503,1091 1533,1091 1564,1091 1594,1092 1625,1093 1655,1094 1686,1095 1716,1097 1747,1098 1777,1100 1808,1101 1838,1103 1869,1104 1899,1105 1930,1105 1960,1105 1991,1105 2021,1104 2052,1103"/>
                <TextEquiv>
                    <Unicode>RECENTI ROMANZI TEDESCHI</Unicode>
                </TextEquiv>
            </TextLine>
            <TextLine id="r1l4" custom="readingOrder {index:3;}">
                <Coords points="124,1143 309,1135 328,1148 432,1130 464,1145 506,1142 506,1085 446,1071 209,1100 149,1071 124,1073"/>
                <Baseline points="133,1128 159,1128 185,1129 211,1129 237,1128 263,1128 289,1128 315,1128 341,1128 367,1128 393,1128 419,1129 445,1129 471,1131 497,1133"/>
                <TextEquiv>
                    <Unicode>iale; e alcuni di</Unicode>
                </TextEquiv>
            </TextLine>
            <TextLine id="r1l5" custom="readingOrder {index:4;}">
                <Coords points="1006,1174 2511,1204 2512,1153 1006,1135"/>
                <Baseline points="1015,1162 1089,1162 1163,1162 1238,1163 1312,1164 1386,1165 1461,1166 1535,1167 1609,1168 1684,1170 1758,1171 1832,1173 1907,1174 1981,1175 2055,1177 2130,1178 2204,1179 2278,1179 2353,1180 2427,1180 2502,1179"/>
                <TextEquiv>
                    <Unicode>esi sono schierati tra i decadenti e tra i simbolisti, forse quando gia</Unicode>
                </TextEquiv>
            </TextLine>
            <TextLine id="r1l6" custom="readingOrder {index:5;}">
                <Coords points="128,1189 192,1183 258,1208 336,1183 376,1184 394,1200 448,1184 466,1199 489,1181 508,1187 509,1151 481,1139 416,1151 385,1137 329,1149 279,1134 129,1148"/>
                <Baseline points="138,1175 163,1175 189,1175 215,1176 240,1176 266,1177 292,1177 318,1178 343,1179 369,1180 395,1180 420,1181 446,1182 472,1182 498,1183"/>
                <TextEquiv>
                    <Unicode>grezzo han tratto</Unicode>
                </TextEquiv>
            </TextLine>
            <TextLine id="r1l7" custom="readingOrder {index:6;}">
                <Coords points="1007,1215 2387,1248 2512,1246 2513,1205 1007,1175"/>
                <Baseline points="1016,1209 1090,1210 1164,1212 1238,1213 1313,1215 1387,1216 1461,1217 1536,1218 1610,1219 1684,1220 1759,1221 1833,1222 1907,1223 1981,1224 2056,1224 2130,1225 2204,1226 2279,1227 2353,1228 2427,1229 2502,1230"/>
                <TextEquiv>
                    <Unicode>quelle formule avevan compiuto la loro parabola nei paesi d’origine.</Unicode>
                </TextEquiv>
            </TextLine>
            <TextLine id="r1l8" custom="readingOrder {index:7;}">
                <Coords points="143,1241 158,1241 164,1245 184,1237 209,1237 218,1241 239,1222 252,1222 252,1199 243,1199 228,1207 218,1197 199,1197 190,1188 180,1188 165,1198 161,1194 142,1192"/>
                <Baseline points="152,1228 182,1227 212,1226 242,1228"/>
                <TextEquiv>
                    <Unicode>igie.</Unicode>
                </TextEquiv>
            </TextLine>
            <TextLine id="r1l9" custom="readingOrder {index:8;}">
                <Coords points="997,1260 2525,1298 2465,1234 997,1215"/>
                <Baseline points="1006,1258 1081,1260 1157,1261 1232,1263 1308,1264 1383,1265 1459,1266 1534,1267 1610,1268 1685,1269 1761,1269 1836,1270 1912,1271 1987,1272 2063,1273 2138,1274 2214,1275 2289,1276 2365,1278 2440,1280 2516,1281"/>
                <TextEquiv>
                    <Unicode>Hartleben e Ompteda, Bierbaum e Dehmel sono nomi familiari a chi</Unicode>
                </TextEquiv>
            </TextLine>
            <TextLine id="r1l10" custom="readingOrder {index:9;}">
                <Coords points="185,1295 254,1284 297,1298 331,1278 361,1288 486,1289 507,1286 508,1254 466,1246 442,1223 417,1224 392,1241 326,1247 253,1222 213,1244 186,1245"/>
                <Baseline points="195,1274 220,1274 245,1273 270,1273 296,1273 321,1273 346,1274 371,1274 397,1275 422,1275 447,1276 472,1277 498,1279"/>
                <TextEquiv>
                    <Unicode>anili, somiglia</Unicode>
                </TextEquiv>
            </TextLine>
            <TextLine id="r1l11" custom="readingOrder {index:10;}">
                <Coords points="1006,1311 1829,1312 1683,1272 1006,1281"/>
                <Baseline points="1016,1302 1056,1304 1096,1307 1136,1308 1176,1309 1217,1311 1257,1312 1297,1313 1337,1313 1377,1314 1418,1314 1458,1314 1498,1315 1538,1315 1578,1315 1619,1315 1659,1314 1699,1314 1739,1314 1779,1314 1820,1314"/>
                <TextEquiv>
                    <Unicode>si sia interessato a questa tendenza.</Unicode>
                </TextEquiv>
            </TextLine>
            <TextLine id="r1l12" custom="readingOrder {index:11;}">
                <Coords points="209,1341 288,1323 305,1337 352,1338 369,1327 386,1342 405,1334 422,1342 435,1331 509,1317 509,1293 483,1297 451,1281 352,1293 331,1278 299,1297 208,1286"/>
                <Baseline points="218,1326 243,1325 269,1324 294,1324 320,1324 345,1324 371,1324 396,1325 422,1325 447,1325 473,1324 499,1323"/>
                <TextEquiv>
                    <Unicode>per &amp; la diffe¬</Unicode>
                </TextEquiv>
            </TextLine>
            <TextLine id="r1l13" custom="readingOrder {index:12;}">
                <Coords points="1096,1363 2520,1395 2472,1324 1097,1317"/>
                <Baseline points="1106,1357 1176,1358 1246,1359 1316,1360 1386,1361 1457,1362 1527,1364 1597,1365 1667,1366 1737,1367 1808,1368 1878,1369 1948,1370 2018,1371 2088,1372 2159,1373 2229,1374 2299,1375 2369,1375 2439,1376 2510,1377"/>
                <TextEquiv>
                    <Unicode>Oltre queste categorie, non arbitrariamente tracciate, e su le quali</Unicode>
                </TextEquiv>
            </TextLine>
            <TextLine id="r1l14" custom="readingOrder {index:13;}">
                <Coords points="253,1387 272,1378 349,1386 357,1378 425,1384 432,1377 459,1387 506,1372 506,1343 487,1339 457,1345 444,1335 421,1341 404,1333 387,1343 368,1333 332,1342 253,1342"/>
                <Baseline points="262,1375 288,1374 314,1374 340,1373 366,1373 392,1373 418,1374 444,1374 470,1375 497,1376"/>
                <TextEquiv>
                    <Unicode>enerazione</Unicode>
                </TextEquiv>
            </TextLine>
            <TextLine id="r1l15" custom="readingOrder {index:14;}">
                <Coords points="997,1403 2404,1442 2515,1396 998,1370"/>
                <Baseline points="1007,1403 1081,1404 1156,1405 1231,1406 1306,1407 1381,1408 1456,1409 1530,1410 1605,1411 1680,1412 1755,1413 1830,1414 1905,1415 1980,1416 2054,1417 2129,1418 2204,1420 2279,1421 2354,1422 2429,1424 2504,1425"/>
                <TextEquiv>
                    <Unicode>e quasi concorde la critica letteraria, i Tedeschi posseggono un gran</Unicode>
                </TextEquiv>
            </TextLine>
            <TextLine id="r1l16" custom="readingOrder {index:15;}">
                <Coords points="282,1443 330,1429 382,1437 396,1429 432,1435 447,1427 456,1435 479,1435 507,1410 517,1410 517,1389 496,1384 473,1382 462,1391 428,1382 388,1393 341,1382 322,1388 282,1384"/>
                <Baseline points="291,1423 318,1422 345,1421 372,1421 399,1421 426,1421 453,1422 480,1422 507,1421"/>
                <TextEquiv>
                    <Unicode>li uomini</Unicode>
                </TextEquiv>
            </TextLine>
            <TextLine id="r1l17" custom="readingOrder {index:16;}">
                <Coords points="233,1422 242,1423 251,1432 260,1437 269,1438 275,1391 263,1390 262,1387 252,1392 248,1392 244,1389 237,1388"/>
                <Baseline points="242,1425 262,1427"/>
                <TextEquiv>
                    <Unicode>9</Unicode>
                </TextEquiv>
            </TextLine>
            <TextLine id="r1l18" custom="readingOrder {index:17;}">
                <Coords points="999,1451 2482,1484 2524,1437 1000,1425"/>
                <Baseline points="1009,1452 1084,1453 1159,1453 1234,1454 1310,1456 1385,1457 1460,1458 1535,1460 1611,1461 1686,1463 1761,1464 1836,1465 1912,1466 1987,1468 2062,1468 2137,1469 2213,1470 2288,1470 2363,1470 2438,1470 2514,1469"/>
                <TextEquiv>
                    <Unicode>numero di scrittori valenti, i quali traggono dall’attenta e amorosa</Unicode>
                </TextEquiv>
            </TextLine>
            <TextLine id="r1l19" custom="readingOrder {index:18;}">
                <Coords points="270,1488 332,1490 357,1474 393,1476 402,1469 428,1489 465,1482 508,1487 509,1440 482,1449 471,1437 443,1430 390,1450 375,1436 331,1445 316,1433 271,1435"/>
                <Baseline points="279,1472 306,1470 334,1469 361,1469 389,1470 416,1472 444,1473 471,1474 499,1476"/>
                <TextEquiv>
                    <Unicode>tono (1).</Unicode>
                </TextEquiv>
            </TextLine>
            <TextLine id="r1l20" custom="readingOrder {index:19;}">
                <Coords points="998,1501 2510,1511 2294,1470 999,1470"/>
                <Baseline points="1007,1502 1081,1502 1156,1503 1230,1503 1305,1504 1380,1505 1454,1506 1529,1508 1604,1509 1678,1511 1753,1512 1828,1513 1902,1514 1977,1516 2052,1517 2126,1518 2201,1518 2276,1519 2350,1519 2425,1519 2500,1518"/>
                <TextEquiv>
                    <Unicode>osservazione dell’angolo di terra in cui sono nati, dai tipi che li cir¬</Unicode>
                </TextEquiv>
            </TextLine>
            <TextLine id="r1l21" custom="readingOrder {index:20;}">
                <Coords points="246,1527 271,1521 308,1533 341,1522 380,1539 403,1520 420,1530 473,1533 492,1524 513,1531 514,1491 440,1483 427,1489 408,1475 393,1488 366,1480 347,1492 287,1491 247,1476"/>
                <Baseline points="256,1519 283,1520 310,1521 338,1521 365,1522 393,1522 420,1522 448,1523 475,1525 503,1528"/>
                <TextEquiv>
                    <Unicode>secolo XIX</Unicode>
                </TextEquiv>
            </TextLine>
            <TextLine id="r1l22" custom="readingOrder {index:21;}">
                <Coords points="1000,1555 2515,1580 2480,1524 1001,1519"/>
                <Baseline points="1009,1552 1083,1552 1158,1553 1233,1553 1308,1554 1383,1555 1457,1556 1532,1557 1607,1558 1682,1559 1757,1560 1831,1561 1906,1562 1981,1563 2056,1564 2131,1566 2205,1567 2280,1568 2355,1569 2430,1570 2505,1571"/>
                <TextEquiv>
                    <Unicode>condano fin dall’infanzia, il materiale per l’opera d’arte. Si tratta di</Unicode>
                </TextEquiv>
            </TextLine>
            <TextLine id="r1l23" custom="readingOrder {index:22;}">
                <Coords points="266,1582 288,1575 315,1586 338,1573 398,1573 440,1585 470,1583 485,1572 506,1581 506,1526 442,1536 410,1528 393,1539 342,1528 319,1539 294,1526 266,1529"/>
                <Baseline points="275,1572 302,1572 330,1572 357,1572 385,1572 413,1572 440,1572 468,1573 496,1573"/>
                <TextEquiv>
                    <Unicode>60; la loro</Unicode>
                </TextEquiv>
            </TextLine>
            <TextLine id="r1l24" custom="readingOrder {index:23;}">
                <Coords points="991,1595 2448,1640 2514,1583 991,1563"/>
                <Baseline points="1000,1601 1075,1601 1150,1601 1225,1602 1300,1602 1376,1603 1451,1604 1526,1605 1601,1607 1676,1609 1752,1610 1827,1611 1902,1613 1977,1614 2052,1616 2128,1617 2203,1618 2278,1619 2353,1619 2428,1620 2504,1620"/>
                <TextEquiv>
                    <Unicode>quella letteratura paesana, che anche da noi, in Italia, come dovunque</Unicode>
                </TextEquiv>
            </TextLine>
            <TextLine id="r1l25" custom="readingOrder {index:24;}">
                <Coords points="290,1637 317,1630 338,1639 353,1628 377,1635 396,1626 463,1639 514,1618 514,1588 498,1592 483,1580 474,1590 459,1590 449,1582 427,1588 410,1578 338,1573 315,1586 290,1584"/>
                <Baseline points="300,1619 325,1619 351,1618 376,1618 402,1618 428,1617 453,1618 479,1618 505,1620"/>
                <TextEquiv>
                    <Unicode>ersi dopo</Unicode>
                </TextEquiv>
            </TextLine>
            <TextLine id="r1l26" custom="readingOrder {index:25;}">
                <Coords points="1000,1655 2509,1681 2510,1634 2414,1623 1001,1617"/>
                <Baseline points="1010,1647 1084,1648 1159,1649 1233,1650 1308,1651 1382,1652 1457,1653 1531,1655 1606,1657 1680,1658 1755,1660 1829,1661 1904,1663 1978,1664 2053,1665 2127,1666 2202,1666 2276,1666 2351,1666 2425,1666 2500,1664"/>
                <TextEquiv>
                    <Unicode>del resto, porta nelle sue pagine eid che i Francesi chiamano le parsum</Unicode>
                </TextEquiv>
            </TextLine>
            <TextLine id="r1l27" custom="readingOrder {index:26;}">
                <Coords points="304,1676 386,1685 401,1675 425,1688 450,1688 467,1672 516,1664 516,1642 495,1634 432,1637 423,1629 398,1634 389,1628 378,1636 360,1630 304,1636"/>
                <Baseline points="313,1669 340,1669 368,1670 396,1669 423,1669 451,1668 479,1668 507,1667"/>
                <TextEquiv>
                    <Unicode>spiega¬</Unicode>
                </TextEquiv>
            </TextLine>
            <TextLine id="r1l28" custom="readingOrder {index:27;}">
                <Coords points="1000,1701 2501,1735 2513,1688 1000,1669"/>
                <Baseline points="1009,1698 1083,1698 1158,1698 1233,1698 1308,1699 1382,1701 1457,1702 1532,1703 1607,1705 1681,1707 1756,1709 1831,1710 1906,1712 1980,1713 2055,1714 2130,1715 2205,1715 2279,1715 2354,1714 2429,1712 2504,1710"/>
                <TextEquiv>
                    <Unicode>du terroir, e con esso la schiettezza, la forza, la sincerità, le doti par¬</Unicode>
                </TextEquiv>
            </TextLine>
            <TextLine id="r1l29" custom="readingOrder {index:28;}">
                <Coords points="247,1727 270,1720 342,1728 349,1721 364,1732 376,1725 466,1732 497,1715 497,1681 476,1690 423,1688 403,1676 372,1691 297,1673 278,1686 247,1684"/>
                <Baseline points="257,1718 282,1717 308,1717 333,1717 359,1717 384,1718 410,1718 435,1718 461,1719 487,1720"/>
                <TextEquiv>
                    <Unicode>uzione loro</Unicode>
                </TextEquiv>
            </TextLine>
            <TextLine id="r1l30" custom="readingOrder {index:29;}">
                <Coords points="990,1752 2507,1770 2449,1718 990,1723"/>
                <Baseline points="1000,1745 1074,1745 1149,1746 1224,1748 1299,1749 1374,1751 1449,1752 1523,1754 1598,1755 1673,1757 1748,1759 1823,1760 1898,1761 1973,1762 2047,1763 2122,1763 2197,1763 2272,1763 2347,1762 2422,1761 2497,1760"/>
                <TextEquiv>
                    <Unicode>ticolari di una gente, affermando lo spirito nazionale, aggiungendo</Unicode>
                </TextEquiv>
            </TextLine>
            <TextLine id="r1l31" custom="readingOrder {index:30;}">
                <Coords points="263,1774 277,1772 290,1782 313,1773 333,1781 360,1770 424,1783 439,1774 452,1785 464,1776 479,1782 504,1771 504,1752 431,1722 408,1733 395,1727 365,1732 350,1721 330,1732 321,1724 264,1723"/>
                <Baseline points="274,1765 301,1766 329,1766 356,1766 384,1766 411,1767 439,1767 466,1769 494,1771"/>
                <TextEquiv>
                    <Unicode>zmann (2),</Unicode>
                </TextEquiv>
            </TextLine>
            <TextLine id="r1l32" custom="readingOrder {index:31;}">
                <Coords points="992,1808 2425,1844 2504,1775 992,1776"/>
                <Baseline points="1001,1798 1075,1798 1150,1798 1224,1799 1299,1799 1374,1800 1448,1801 1523,1802 1598,1803 1672,1804 1747,1805 1822,1807 1896,1808 1971,1809 2046,1810 2120,1811 2195,1812 2270,1813 2344,1814 2419,1814 2494,1815"/>
                <TextEquiv>
                    <Unicode>al vecchio tesoro della tradizione qualche gioiello semplice, paziente¬</Unicode>
                </TextEquiv>
            </TextLine>
            <TextLine id="r1l33" custom="readingOrder {index:32;}">
                <Coords points="312,1823 393,1824 407,1817 421,1832 439,1819 484,1826 485,1780 462,1776 453,1786 436,1772 409,1789 349,1771 332,1782 313,1781"/>
                <Baseline points="322,1815 347,1817 372,1817 398,1817 423,1817 448,1818 474,1819"/>
                <TextEquiv>
                    <Unicode>arire fa¬</Unicode>
                </TextEquiv>
            </TextLine>
            <TextLine id="r1l34" custom="readingOrder {index:33;}">
                <Coords points="993,1842 1076,1863 1137,1852 1210,1866 1373,1860 1373,1816 1335,1823 1171,1803 1131,1816 1112,1803 1029,1817 993,1808"/>
                <Baseline points="1002,1843 1027,1843 1053,1843 1079,1843 1105,1843 1130,1843 1156,1843 1182,1842 1208,1842 1234,1842 1259,1843 1285,1843 1311,1845 1337,1846 1363,1848"/>
                <TextEquiv>
                    <Unicode>mente lavorato.</Unicode>
                </TextEquiv>
            </TextLine>
            <TextLine id="r1l35" custom="readingOrder {index:34;}">
                <Coords points="300,1878 317,1878 324,1873 337,1878 347,1873 369,1884 387,1874 398,1873 405,1878 419,1867 428,1867 428,1831 411,1833 404,1825 353,1820 300,1827"/>
                <Baseline points="309,1862 336,1861 363,1862 390,1862 418,1861"/>
                <TextEquiv>
                    <Unicode>ri220.</Unicode>
                </TextEquiv>
            </TextLine>
            <TextLine id="r1l36" custom="readingOrder {index:35;}">
                <Coords points="1085,1896 2453,1929 2510,1871 1086,1854"/>
                <Baseline points="1094,1894 1164,1896 1234,1897 1304,1899 1375,1900 1445,1901 1515,1902 1586,1903 1656,1904 1726,1905 1797,1906 1867,1907 1937,1907 2007,1907 2078,1908 2148,1908 2218,1908 2289,1908 2359,1907 2429,1907 2500,1906"/>
                <TextEquiv>
                    <Unicode>Nell’esame sommario della letteratura novellistica tedesca nel 1901</Unicode>
                </TextEquiv>
            </TextLine>
            <TextLine id="r1l37" custom="readingOrder {index:36;}">
                <Coords points="321,1926 349,1935 372,1931 392,1916 427,1928 457,1920 474,1924 494,1907 506,1906 505,1865 471,1863 458,1871 439,1858 401,1880 378,1874 346,1884 320,1873"/>
                <Baseline points="329,1914 357,1915 385,1915 413,1915 441,1914 469,1913 497,1912"/>
                <TextEquiv>
                    <Unicode>son gli</Unicode>
                </TextEquiv>
            </TextLine>
            <TextLine id="r1l38" custom="readingOrder {index:37;}">
                <Coords points="997,1945 2508,1983 2509,1926 2384,1910 998,1906"/>
                <Baseline points="1007,1942 1081,1942 1156,1942 1230,1942 1305,1943 1379,1944 1454,1944 1528,1945 1603,1946 1677,1947 1752,1948 1827,1949 1901,1950 1976,1951 2050,1953 2125,1954 2199,1955 2274,1956 2348,1957 2423,1957 2498,1958"/>
                <TextEquiv>
                    <Unicode>terró conto delle distinzioni or ora affermate e riassunte; e mi piace¬</Unicode>
                </TextEquiv>
            </TextLine>
            <TextLine id="r1l39" custom="readingOrder {index:38;}">
                <Coords points="332,1961 354,1961 387,1983 417,1970 453,1968 472,1974 483,1962 508,1962 507,1924 456,1921 430,1928 394,1915 369,1933 360,1929 345,1940 332,1940"/>
                <Baseline points="341,1962 367,1962 393,1962 420,1962 446,1961 472,1961 499,1962"/>
                <TextEquiv>
                    <Unicode>quelli</Unicode>
                </TextEquiv>
            </TextLine>
            <TextLine id="r1l40" custom="readingOrder {index:39;}">
                <Coords points="988,1987 1679,2025 2510,1996 988,1964"/>
                <Baseline points="998,1990 1073,1991 1148,1992 1223,1994 1298,1994 1373,1995 1448,1996 1523,1997 1598,1998 1673,1999 1749,2000 1824,2000 1899,2001 1974,2002 2049,2003 2124,2004 2199,2005 2274,2006 2349,2007 2424,2008 2500,2009"/>
                <TextEquiv>
                    <Unicode>rebbe incominciare appunto dagli scrittori che validamente rappresen¬</Unicode>
                </TextEquiv>
            </TextLine>
            <TextLine id="r1l41" custom="readingOrder {index:40;}">
                <Coords points="397,2026 415,2027 425,2020 448,2021 465,2008 473,2010 481,2003 490,2004 491,1983 470,1980 464,1986 453,1977 444,1977 437,1971 420,1970 408,1979 398,1979"/>
                <Baseline points="406,2009 431,2007 456,2008 481,2012"/>
                <TextEquiv>
                    <Unicode>glo¬</Unicode>
                </TextEquiv>
            </TextLine>
            <TextLine id="r1l42" custom="readingOrder {index:41;}">
                <Coords points="986,2038 2511,2065 2432,2011 987,2019"/>
                <Baseline points="996,2040 1071,2041 1146,2042 1221,2043 1297,2043 1372,2044 1447,2044 1523,2045 1598,2046 1673,2046 1749,2047 1824,2048 1899,2048 1974,2049 2050,2050 2125,2050 2200,2051 2276,2052 2351,2052 2426,2053 2502,2054"/>
                <TextEquiv>
                    <Unicode>tano tra i giovani questa bella e spontanea attività nazionale se prima</Unicode>
                </TextEquiv>
            </TextLine>
            <TextLine id="r1l43" custom="readingOrder {index:42;}">
                <Coords points="418,2069 432,2068 444,2078 450,2075 454,2079 466,2072 477,2071 481,2074 489,2069 500,2071 502,2043 489,2042 481,2045 458,2021 453,2020 447,2022 443,2019 433,2028 422,2027"/>
                <Baseline points="429,2062 459,2065 490,2067"/>
                <TextEquiv>
                    <Unicode>eu,</Unicode>
                </TextEquiv>
            </TextLine>
            <TextLine id="r1l44" custom="readingOrder {index:43;}">
                <Coords points="996,2089 2509,2096 2404,2060 997,2060"/>
                <Baseline points="1005,2089 1079,2089 1154,2089 1229,2089 1304,2090 1378,2090 1453,2091 1528,2092 1603,2093 1677,2094 1752,2095 1827,2097 1902,2098 1976,2099 2051,2100 2126,2101 2201,2102 2275,2103 2350,2103 2425,2103 2500,2103"/>
                <TextEquiv>
                    <Unicode>di ogni altro non convenisse rammentare i veterani gloriosi della lette¬</Unicode>
                </TextEquiv>
            </TextLine>
            <TextLine id="r1l45" custom="readingOrder {index:44;}">
                <Coords points="420,2128 443,2128 453,2121 456,2125 464,2122 472,2124 476,2121 481,2125 494,2126 498,2070 489,2069 481,2074 475,2072 469,2077 462,2076 456,2080 450,2075 445,2079 438,2071 424,2070"/>
                <Baseline points="430,2111 458,2113 486,2115"/>
                <TextEquiv>
                    <Unicode>10,</Unicode>
                </TextEquiv>
            </TextLine>
            <TextLine id="r1l46" custom="readingOrder {index:45;}">
                <Coords points="982,2138 2512,2177 2513,2120 2432,2108 983,2094"/>
                <Baseline points="992,2136 1067,2138 1143,2140 1218,2141 1294,2143 1369,2144 1445,2145 1520,2146 1596,2147 1671,2147 1747,2148 1822,2149 1898,2149 1973,2150 2049,2151 2124,2151 2200,2152 2275,2153 2351,2155 2426,2156 2502,2158"/>
                <TextEquiv>
                    <Unicode>ratura tedesca che nel 1901 sono scesi in lizza, pronti e gagliardi, come</Unicode>
                </TextEquiv>
            </TextLine>
            <TextLine id="r1l47" custom="readingOrder {index:46;}">
                <Coords points="398,2177 411,2180 432,2168 447,2165 462,2174 480,2161 487,2163 504,2158 505,2122 495,2122 488,2127 454,2121 438,2129 425,2121 399,2125"/>
                <Baseline points="408,2157 436,2158 465,2157 494,2159"/>
                <TextEquiv>
                    <Unicode>en0</Unicode>
                </TextEquiv>
            </TextLine>
            <TextLine id="r1l48" custom="readingOrder {index:47;}">
                <Coords points="997,2203 1875,2202 1914,2230 2141,2214 2142,2181 998,2144"/>
                <Baseline points="1006,2185 1062,2187 1118,2189 1174,2190 1231,2191 1287,2192 1343,2193 1400,2194 1456,2194 1512,2195 1569,2195 1625,2196 1681,2196 1737,2196 1794,2196 1850,2196 1906,2197 1963,2197 2019,2197 2075,2197 2132,2198"/>
                <TextEquiv>
                    <Unicode>al tempo, ormai lontano, delle prime loro battaglie.</Unicode>
                </TextEquiv>
            </TextLine>
            <TextLine id="r1l49" custom="readingOrder {index:48;}">
                <Coords points="391,2219 409,2221 417,2214 423,2214 438,2216 445,2222 453,2215 462,2219 466,2215 491,2214 492,2170 473,2166 461,2173 450,2165 420,2172 412,2178 391,2178"/>
                <Baseline points="401,2210 427,2210 454,2210 481,2212"/>
                <TextEquiv>
                    <Unicode>vit¬</Unicode>
                </TextEquiv>
            </TextLine>
            <TextLine id="r1l50" custom="readingOrder {index:49;}">
                <Coords points="1695,2346 1706,2346 1722,2360 1737,2365 1745,2361 1758,2365 1764,2360 1774,2360 1777,2273 1748,2278 1717,2301 1709,2299 1705,2303 1696,2303"/>
                <Baseline points="1705,2332 1735,2334 1765,2334"/>
                <TextEquiv>
                    <Unicode>II.</Unicode>
                </TextEquiv>
            </TextLine>
            <TextLine id="r1l51" custom="readingOrder {index:50;}">
                <Coords points="1071,2431 2497,2457 2473,2390 1072,2395"/>
                <Baseline points="1080,2426 1150,2428 1220,2430 1291,2432 1361,2434 1432,2435 1502,2437 1572,2438 1643,2439 1713,2440 1784,2441 1854,2442 1924,2442 1995,2443 2065,2443 2136,2443 2206,2443 2276,2443 2347,2443 2417,2443 2488,2442"/>
                <TextEquiv>
                    <Unicode>Federico Spielhagen. Adolfo Wilbrandt, Maria von Ebner Eschen¬</Unicode>
                </TextEquiv>
            </TextLine>
            <TextLine id="r1l52" custom="readingOrder {index:51;}">
                <Coords points="992,2488 2289,2528 2503,2491 2412,2450 992,2435"/>
                <Baseline points="1002,2477 1076,2479 1151,2480 1225,2481 1300,2482 1374,2483 1449,2484 1523,2485 1598,2485 1672,2486 1747,2486 1822,2487 1896,2487 1971,2488 2045,2488 2120,2489 2194,2490 2269,2491 2343,2493 2418,2495 2493,2496"/>
                <TextEquiv>
                    <Unicode>bach. Questi nomi sono popolari e circondati da un'aureola di sim¬</Unicode>
                </TextEquiv>
            </TextLine>
            <TextLine id="r1l53" custom="readingOrder {index:52;}">
                <Coords points="986,2532 1056,2557 1132,2527 1147,2541 1272,2534 1355,2552 1389,2537 1449,2545 1466,2539 1467,2515 1348,2485 1308,2500 1217,2486 1121,2505 1090,2489 986,2492"/>
                <Baseline points="995,2530 1020,2529 1046,2529 1072,2529 1097,2529 1123,2529 1149,2529 1174,2529 1200,2530 1226,2530 1251,2530 1277,2531 1303,2531 1328,2531 1354,2531 1380,2531 1405,2532 1431,2532 1457,2531"/>
                <TextEquiv>
                    <Unicode>patia anche tra noi.</Unicode>
                </TextEquiv>
            </TextLine>
            <TextLine id="r1l54" custom="readingOrder {index:53;}">
                <Coords points="1077,2594 2437,2608 2501,2588 2502,2523 2388,2560 1077,2543"/>
                <Baseline points="1087,2578 1157,2579 1227,2580 1297,2581 1368,2582 1438,2582 1508,2583 1578,2584 1649,2584 1719,2585 1789,2585 1859,2586 1930,2586 2000,2587 2070,2587 2140,2588 2211,2588 2281,2589 2351,2590 2421,2590 2492,2591"/>
                <TextEquiv>
                    <Unicode>Anche tra noi, or noné molto, giunse un'eco de' festeggiamenti</Unicode>
                </TextEquiv>
            </TextLine>
            <TextLine id="r1l55" custom="readingOrder {index:54;}">
                <Coords points="989,2629 2511,2644 2360,2597 989,2582"/>
                <Baseline points="999,2626 1074,2627 1149,2628 1224,2629 1299,2630 1374,2630 1449,2630 1525,2631 1600,2631 1675,2631 1750,2632 1825,2632 1900,2632 1975,2633 2051,2634 2126,2634 2201,2635 2276,2637 2351,2638 2426,2640 2502,2642"/>
                <TextEquiv>
                    <Unicode>solenni con cui la Germania onorava l'autore di Problematische Naturen,</Unicode>
                </TextEquiv>
            </TextLine>
            <TextLine id="r1l56" custom="readingOrder {index:55;}">
                <Coords points="984,2678 2438,2709 2504,2704 2505,2649 984,2642"/>
                <Baseline points="994,2672 1069,2674 1144,2676 1219,2678 1294,2679 1369,2680 1444,2681 1519,2682 1594,2682 1669,2683 1745,2684 1820,2684 1895,2684 1970,2685 2045,2685 2120,2686 2195,2686 2270,2687 2345,2688 2420,2689 2496,2690"/>
                <TextEquiv>
                    <Unicode>lieta che a settant'anni egli proseguisse vigorosamente l’opera sua. E</Unicode>
                </TextEquiv>
            </TextLine>
            <TextLine id="r1l57" custom="readingOrder {index:56;}">
                <Coords points="991,2734 2379,2754 2505,2704 992,2694"/>
                <Baseline points="1000,2720 1074,2722 1149,2724 1224,2726 1299,2728 1373,2729 1448,2730 1523,2731 1598,2731 1672,2732 1747,2732 1822,2732 1897,2733 1971,2733 2046,2733 2121,2733 2196,2734 2270,2734 2345,2734 2420,2735 2495,2736"/>
                <TextEquiv>
                    <Unicode>molto spiacque a chi scrive di non aver potuto allora soddisfare all’ono¬</Unicode>
                </TextEquiv>
            </TextLine>
            <TextLine id="r1l58" custom="readingOrder {index:57;}">
                <Coords points="982,2775 2506,2789 2467,2743 982,2743"/>
                <Baseline points="992,2769 1067,2771 1142,2773 1217,2775 1292,2777 1368,2778 1443,2779 1518,2780 1593,2780 1668,2781 1744,2782 1819,2782 1894,2782 1969,2783 2044,2783 2120,2784 2195,2784 2270,2785 2345,2786 2420,2787 2496,2788"/>
                <TextEquiv>
                    <Unicode>revole incarico della Nuora Antologia di tracciare ai suoi lettori il</Unicode>
                </TextEquiv>
            </TextLine>
            <TextLine id="r1l59" custom="readingOrder {index:58;}">
                <Coords points="978,2824 2506,2843 2438,2788 978,2782"/>
                <Baseline points="988,2821 1063,2823 1138,2824 1214,2826 1289,2827 1365,2828 1440,2829 1515,2829 1591,2830 1666,2830 1742,2831 1817,2831 1892,2832 1968,2832 2043,2833 2119,2834 2194,2835 2269,2835 2345,2837 2420,2838 2496,2840"/>
                <TextEquiv>
                    <Unicode>ritratto letterario dello scrittore al quale tanto debbono Paolo Heyse,</Unicode>
                </TextEquiv>
            </TextLine>
            <TextLine id="r1l60" custom="readingOrder {index:59;}">
                <Coords points="986,2875 2074,2880 1978,2837 987,2832"/>
                <Baseline points="996,2867 1049,2868 1102,2870 1156,2871 1209,2872 1263,2873 1316,2874 1369,2875 1423,2876 1476,2876 1530,2877 1583,2878 1636,2878 1690,2878 1743,2879 1797,2879 1850,2879 1903,2879 1957,2880 2010,2880 2064,2880"/>
                <TextEquiv>
                    <Unicode>Corrado Telmann ed anche il Sudermann stesso.</Unicode>
                </TextEquiv>
            </TextLine>
            <TextLine id="r1l61" custom="readingOrder {index:60;}">
                <Coords points="1076,2934 2502,2938 2453,2881 1076,2881"/>
                <Baseline points="1086,2919 1156,2920 1226,2921 1296,2923 1367,2924 1437,2925 1507,2926 1578,2927 1648,2929 1718,2930 1789,2931 1859,2931 1929,2932 1999,2933 2070,2933 2140,2933 2210,2934 2281,2934 2351,2934 2421,2933 2492,2933"/>
                <TextEquiv>
                    <Unicode>L’opera che il vecchio ed illustre romanziere ha licenziato alla</Unicode>
                </TextEquiv>
            </TextLine>
            <TextLine id="r1l62" custom="readingOrder {index:61;}">
                <Coords points="994,2982 2501,2974 994,2938"/>
                <Baseline points="1003,2969 1077,2969 1151,2970 1226,2970 1300,2971 1375,2972 1449,2972 1524,2973 1598,2974 1673,2975 1747,2975 1821,2976 1896,2977 1970,2978 2045,2978 2119,2979 2194,2979 2268,2980 2343,2980 2417,2980 2492,2980"/>
                <TextEquiv>
                    <Unicode>stampa ultimamente non ha incontrato il favore del pubblico, pure</Unicode>
                </TextEquiv>
            </TextLine>
            <TextLine id="r1l63" custom="readingOrder {index:62;}">
                <Coords points="979,3025 2502,3033 2453,2987 980,2989"/>
                <Baseline points="989,3016 1064,3016 1139,3017 1214,3018 1289,3019 1364,3021 1439,3022 1515,3023 1590,3025 1665,3026 1740,3027 1815,3029 1890,3030 1965,3031 2041,3032 2116,3032 2191,3033 2266,3033 2341,3034 2416,3034 2492,3033"/>
                <TextEquiv>
                    <Unicode>essendo informata ai pregi di invenzione e di stile che gli sono abi¬</Unicode>
                </TextEquiv>
            </TextLine>
            <TextLine id="r1l64" custom="readingOrder {index:63;}">
                <Coords points="978,3072 2436,3098 2507,3049 978,3038"/>
                <Baseline points="988,3067 1063,3068 1138,3068 1214,3068 1289,3069 1365,3070 1440,3071 1515,3072 1591,3073 1666,3074 1742,3075 1817,3076 1892,3078 1968,3078 2043,3080 2119,3081 2194,3081 2269,3082 2345,3082 2420,3083 2496,3083"/>
                <TextEquiv>
                    <Unicode>tuali. Tante modificazioni sono avvenute nel gusto della gran massa</Unicode>
                </TextEquiv>
            </TextLine>
            <TextLine id="r1l65" custom="readingOrder {index:64;}">
                <Coords points="975,3109 2505,3131 2394,3086 975,3073"/>
                <Baseline points="984,3115 1059,3116 1135,3117 1210,3118 1286,3119 1362,3120 1437,3121 1513,3122 1588,3123 1664,3123 1740,3124 1815,3125 1891,3125 1966,3126 2042,3127 2118,3127 2193,3128 2269,3128 2344,3128 2420,3129 2496,3129"/>
                <TextEquiv>
                    <Unicode>di chi leggese tale 6 T’irruenza del torrente de’ dodicimila scrittori</Unicode>
                </TextEquiv>
            </TextLine>
            <TextLine id="r1l66" custom="readingOrder {index:65;}">
                <Coords points="982,3165 2277,3197 2479,3189 2497,3150 982,3138"/>
                <Baseline points="991,3168 1065,3167 1140,3167 1215,3167 1290,3167 1365,3167 1440,3168 1514,3169 1589,3170 1664,3171 1739,3172 1814,3173 1889,3175 1964,3176 2038,3177 2113,3177 2188,3178 2263,3178 2338,3179 2413,3178 2488,3178"/>
                <TextEquiv>
                    <Unicode>che in Germania si affannano col lavoro letterario, che il vortice vario</Unicode>
                </TextEquiv>
            </TextLine>
            <TextLine id="r1l67" custom="readingOrder {index:66;}">
                <Coords points="985,3224 2267,3246 2456,3230 2457,3194 985,3186"/>
                <Baseline points="994,3211 1066,3212 1139,3212 1211,3213 1284,3214 1357,3215 1429,3216 1502,3217 1575,3219 1647,3220 1720,3221 1793,3223 1865,3224 1938,3225 2011,3226 2083,3227 2156,3228 2229,3228 2301,3228 2374,3229 2447,3228"/>
                <TextEquiv>
                    <Unicode>e impetuoso scuote e fa tremare anche le riputazioni piü assodate.</Unicode>
                </TextEquiv>
            </TextLine>
            <TextLine id="r1l68" custom="readingOrder {index:67;}">
                <Coords points="1079,3274 2416,3294 2496,3242 1079,3223"/>
                <Baseline points="1088,3261 1157,3262 1227,3263 1297,3265 1367,3266 1437,3267 1507,3268 1577,3269 1647,3271 1717,3271 1787,3272 1856,3273 1926,3274 1996,3274 2066,3275 2136,3275 2206,3274 2276,3274 2346,3273 2416,3272 2486,3271"/>
                <TextEquiv>
                    <Unicode>Troppo rispetto e troppa simpatia circondano l’operoso vegliardo</Unicode>
                </TextEquiv>
            </TextLine>
            <TextLine id="r1l69" custom="readingOrder {index:68;}">
                <Coords points="193,3329 202,3329 206,3325 212,3327 217,3321 229,3327 238,3319 244,3321 252,3315 282,3312 282,3261 272,3261 269,3257 263,3261 257,3259 244,3270 231,3257 225,3259 217,3255 202,3264 193,3264"/>
                <Baseline points="202,3293 237,3294 272,3293"/>
                <TextEquiv>
                    <Unicode>eben.</Unicode>
                </TextEquiv>
            </TextLine>
            <TextLine id="r1l70" custom="readingOrder {index:69;}">
                <Coords points="974,3322 2485,3344 2459,3283 975,3284"/>
                <Baseline points="984,3314 1058,3314 1133,3314 1207,3315 1282,3315 1357,3316 1431,3317 1506,3318 1580,3319 1655,3320 1730,3321 1804,3322 1879,3322 1953,3323 2028,3324 2103,3324 2177,3324 2252,3324 2326,3324 2401,3324 2476,3323"/>
                <TextEquiv>
                    <Unicode>perché la critica non gli usi i riguardi dovuti agli illustri veterant.</Unicode>
                </TextEquiv>
            </TextLine>
            <TextLine id="r1l71" custom="readingOrder {index:70;}">
                <Coords points="982,3372 2501,3377 2501,3339 2270,3326 982,3327"/>
                <Baseline points="991,3362 1066,3362 1141,3362 1216,3363 1291,3364 1366,3365 1441,3366 1516,3367 1591,3368 1666,3369 1741,3370 1816,3371 1891,3372 1966,3373 2041,3373 2116,3374 2191,3374 2266,3374 2341,3373 2416,3373 2491,3372"/>
                <TextEquiv>
                    <Unicode>Pure bisogna constatare che questa volta un certo senso di manche¬</Unicode>
                </TextEquiv>
            </TextLine>
            <TextLine id="r1l72" custom="readingOrder {index:71;}">
                <Coords points="156,3406 233,3387 265,3404 335,3392 400,3405 485,3384 486,3353 435,3328 384,3348 321,3333 304,3344 278,3325 225,3333 181,3357 157,3353"/>
                <Baseline points="165,3384 190,3384 216,3385 242,3385 268,3386 294,3386 320,3387 346,3388 372,3388 398,3388 424,3389 450,3389 476,3389"/>
                <TextEquiv>
                    <Unicode>turi ei piu gio¬</Unicode>
                </TextEquiv>
            </TextLine>
            <TextLine id="r1l73" custom="readingOrder {index:72;}">
                <Coords points="988,3412 2419,3440 2487,3435 2488,3388 988,3378"/>
                <Baseline points="998,3407 1072,3408 1146,3409 1220,3410 1294,3411 1368,3412 1442,3413 1516,3414 1590,3416 1664,3417 1738,3418 1812,3419 1886,3420 1960,3421 2034,3421 2108,3422 2182,3422 2256,3422 2330,3422 2404,3422 2478,3422"/>
                <TextEquiv>
                    <Unicode>volezza generale si avverte leggendo il lungo romanzo: Nata libera! (1).</Unicode>
                </TextEquiv>
            </TextLine>
            <TextLine id="r1l74" custom="readingOrder {index:73;}">
                <Coords points="140,3443 299,3442 336,3454 380,3438 452,3456 486,3443 487,3407 462,3398 377,3411 330,3391 278,3406 233,3397 220,3409 203,3395 182,3406 140,3401"/>
                <Baseline points="149,3432 174,3434 199,3435 224,3436 249,3436 275,3437 300,3437 325,3437 350,3437 376,3437 401,3438 426,3438 451,3439 477,3441"/>
                <TextEquiv>
                    <Unicode>condo che sug¬</Unicode>
                </TextEquiv>
            </TextLine>
            <TextLine id="r1l75" custom="readingOrder {index:74;}">
                <Coords points="973,3455 2499,3471 2390,3427 973,3407"/>
                <Baseline points="982,3455 1057,3457 1132,3459 1208,3461 1283,3463 1359,3464 1434,3465 1509,3466 1585,3467 1660,3468 1736,3469 1811,3469 1886,3470 1962,3470 2037,3471 2113,3471 2188,3472 2263,3472 2339,3472 2414,3473 2490,3473"/>
                <TextEquiv>
                    <Unicode>L’autore ha voluto imporre al suo scritto la forma autobiogratica;</Unicode>
                </TextEquiv>
            </TextLine>
            <TextLine id="r1l76" custom="readingOrder {index:75;}">
                <Coords points="168,3510 195,3503 212,3511 267,3491 319,3513 371,3510 395,3495 465,3502 501,3488 502,3458 464,3447 451,3457 415,3447 400,3458 349,3445 315,3456 296,3441 169,3448"/>
                <Baseline points="178,3485 204,3486 230,3487 256,3488 282,3488 308,3488 335,3489 361,3489 387,3489 413,3490 439,3490 465,3491 492,3493"/>
                <TextEquiv>
                    <Unicode>ni della patria;</Unicode>
                </TextEquiv>
            </TextLine>
            <TextLine id="r1l77" custom="readingOrder {index:76;}">
                <Coords points="981,3523 2502,3519 2406,3474 982,3476"/>
                <Baseline points="991,3504 1066,3505 1141,3506 1216,3508 1291,3509 1366,3510 1441,3511 1516,3513 1591,3514 1666,3515 1741,3516 1816,3517 1891,3518 1966,3519 2041,3520 2116,3520 2191,3521 2266,3522 2341,3522 2416,3522 2492,3522"/>
                <TextEquiv>
                    <Unicode>chi narra é una donna; accade per la nobilissima e sventurata eroina</Unicode>
                </TextEquiv>
            </TextLine>
            <TextLine id="r1l78" custom="readingOrder {index:77;}">
                <Coords points="1080,3621 2447,3649 2496,3644 2497,3580 1081,3553"/>
                <Baseline points="1090,3607 1159,3609 1229,3610 1299,3613 1369,3614 1439,3616 1509,3618 1578,3620 1648,3622 1718,3623 1788,3625 1858,3626 1928,3627 1998,3629 2067,3629 2137,3630 2207,3631 2277,3631 2347,3631 2417,3631 2487,3630"/>
                <TextEquiv>
                    <Unicode>(1) Prei Geboren. Roman von FaiEpnien SPIELHAGEN. Staackmann, Leip¬</Unicode>
                </TextEquiv>
            </TextLine>
            <TextLine id="r1l79" custom="readingOrder {index:78;}">
                <Coords points="144,3636 167,3649 254,3651 269,3663 290,3648 324,3650 341,3634 385,3650 402,3637 439,3646 485,3637 485,3603 466,3597 389,3603 364,3585 353,3595 300,3583 233,3602 198,3585 145,3592"/>
                <Baseline points="154,3628 180,3630 207,3631 234,3632 261,3633 287,3633 314,3634 341,3634 368,3633 394,3633 421,3632 448,3631 475,3629"/>
                <TextEquiv>
                    <Unicode>ingen d. Gegenwart.</Unicode>
                </TextEquiv>
            </TextLine>
            <TextLine id="r1l80" custom="readingOrder {index:79;}">
                <Coords points="967,3672 1000,3665 1009,3673 1030,3666 1109,3674 1132,3663 1153,3668 1166,3660 1178,3663 1179,3617 1093,3623 1082,3615 1065,3620 1026,3606 1005,3616 992,3608 982,3618 969,3617"/>
                <Baseline points="978,3652 1005,3654 1032,3655 1059,3655 1086,3656 1113,3656 1140,3657 1168,3659"/>
                <TextEquiv>
                    <Unicode>zig, 1901.</Unicode>
                </TextEquiv>
            </TextLine>
            <TextEquiv>
                <Unicode>box 36//1
1. Panphlets, Offprints
RECENTI ROMANZI TEDESCHI
iale; e alcuni di
esi sono schierati tra i decadenti e tra i simbolisti, forse quando gia
grezzo han tratto
quelle formule avevan compiuto la loro parabola nei paesi d’origine.
igie.
Hartleben e Ompteda, Bierbaum e Dehmel sono nomi familiari a chi
anili, somiglia
si sia interessato a questa tendenza.
per &amp; la diffe¬
Oltre queste categorie, non arbitrariamente tracciate, e su le quali
enerazione
e quasi concorde la critica letteraria, i Tedeschi posseggono un gran
li uomini
9
numero di scrittori valenti, i quali traggono dall’attenta e amorosa
tono (1).
osservazione dell’angolo di terra in cui sono nati, dai tipi che li cir¬
secolo XIX
condano fin dall’infanzia, il materiale per l’opera d’arte. Si tratta di
60; la loro
quella letteratura paesana, che anche da noi, in Italia, come dovunque
ersi dopo
del resto, porta nelle sue pagine eid che i Francesi chiamano le parsum
spiega¬
du terroir, e con esso la schiettezza, la forza, la sincerità, le doti par¬
uzione loro
ticolari di una gente, affermando lo spirito nazionale, aggiungendo
zmann (2),
al vecchio tesoro della tradizione qualche gioiello semplice, paziente¬
arire fa¬
mente lavorato.
ri220.
Nell’esame sommario della letteratura novellistica tedesca nel 1901
son gli
terró conto delle distinzioni or ora affermate e riassunte; e mi piace¬
quelli
rebbe incominciare appunto dagli scrittori che validamente rappresen¬
glo¬
tano tra i giovani questa bella e spontanea attività nazionale se prima
eu,
di ogni altro non convenisse rammentare i veterani gloriosi della lette¬
10,
ratura tedesca che nel 1901 sono scesi in lizza, pronti e gagliardi, come
en0
al tempo, ormai lontano, delle prime loro battaglie.
vit¬
II.
Federico Spielhagen. Adolfo Wilbrandt, Maria von Ebner Eschen¬
bach. Questi nomi sono popolari e circondati da un'aureola di sim¬
patia anche tra noi.
Anche tra noi, or noné molto, giunse un'eco de' festeggiamenti
solenni con cui la Germania onorava l'autore di Problematische Naturen,
lieta che a settant'anni egli proseguisse vigorosamente l’opera sua. E
molto spiacque a chi scrive di non aver potuto allora soddisfare all’ono¬
revole incarico della Nuora Antologia di tracciare ai suoi lettori il
ritratto letterario dello scrittore al quale tanto debbono Paolo Heyse,
Corrado Telmann ed anche il Sudermann stesso.
L’opera che il vecchio ed illustre romanziere ha licenziato alla
stampa ultimamente non ha incontrato il favore del pubblico, pure
essendo informata ai pregi di invenzione e di stile che gli sono abi¬
tuali. Tante modificazioni sono avvenute nel gusto della gran massa
di chi leggese tale 6 T’irruenza del torrente de’ dodicimila scrittori
che in Germania si affannano col lavoro letterario, che il vortice vario
e impetuoso scuote e fa tremare anche le riputazioni piü assodate.
Troppo rispetto e troppa simpatia circondano l’operoso vegliardo
eben.
perché la critica non gli usi i riguardi dovuti agli illustri veterant.
Pure bisogna constatare che questa volta un certo senso di manche¬
turi ei piu gio¬
volezza generale si avverte leggendo il lungo romanzo: Nata libera! (1).
condo che sug¬
L’autore ha voluto imporre al suo scritto la forma autobiogratica;
ni della patria;
chi narra é una donna; accade per la nobilissima e sventurata eroina
(1) Prei Geboren. Roman von FaiEpnien SPIELHAGEN. Staackmann, Leip¬
ingen d. Gegenwart.
zig, 1901.</Unicode>
            </TextEquiv>
        </TextRegion>
    </Page>
</PcGts>
