<?xml version="1.0" encoding="UTF-8" standalone="yes"?>
<PcGts xmlns="http://schema.primaresearch.org/PAGE/gts/pagecontent/2013-07-15" xmlns:xsi="http://www.w3.org/2001/XMLSchema-instance" xsi:schemaLocation="http://schema.primaresearch.org/PAGE/gts/pagecontent/2013-07-15 http://schema.primaresearch.org/PAGE/gts/pagecontent/2013-07-15/pagecontent.xsd">
    <Metadata>
        <Creator>prov=University of Rostock/Institute of Mathematics/CITlab/Gundram Leifert/gundram.leifert@uni-rostock.de:name=ONB_Newseye_GT_M1+(htr_id=10810)::::v=2.4.2
prov=University of Rostock/Institute of Mathematics/CITlab/Tobias Gruening/tobias.gruening@uni-rostock.de:name=de.uros.citlab.module.baseline2polygon.B2PSeamMultiOriented:v=2.4.2
prov=University of Rostock/Institute of Mathematics/CITlab/Tobias Gruening/tobias.gruening@uni-rostock.de:name=/mnt/transkribus/LA/DEA/URO/LA_news_onb_att.pb:de.uros.citlab.segmentation.CITlab_LA_ML:v=2.4.2
Transkribus</Creator>
        <Created>2019-10-07T15:12:56.205+02:00</Created>
        <LastChange>2019-10-09T03:25:20.820+02:00</LastChange>
        <TranskribusMetadata docId="224171" pageId="9514268" pageNr="6" tsid="16620156" status="IN_PROGRESS" userId="40391" imgUrl="https://files.transkribus.eu/Get?id=DEAMRQVLOWHXBVIRIDYHTDOM&amp;fileType=view" xmlUrl="https://files.transkribus.eu/Get?id=TXRLCYEBLBTVEWGETJARSZZY" imageId="6202502"/>
    </Metadata>
    <Page imageFilename="224171_0006.jpeg" imageWidth="3344" imageHeight="4320">
        <ReadingOrder>
            <OrderedGroup id="ro_1711443989628" caption="Regions reading order">
                <RegionRefIndexed index="0" regionRef="r1"/>
            </OrderedGroup>
        </ReadingOrder>
        <TextRegion orientation="0.0" id="r1" custom="readingOrder {index:0;}">
            <Coords points="149,300 149,3469 2519,3469 2519,300"/>
            <TextLine id="r1l1" custom="readingOrder {index:0;}">
                <Coords points="1469,331 1595,351 1673,323 1735,348 1787,337 1817,351 1838,334 1902,348 1928,337 1929,272 1746,263 1666,291 1651,276 1592,281 1530,250 1492,282 1469,274"/>
                <Baseline points="1479,325 1504,324 1530,323 1556,323 1582,323 1608,324 1634,324 1660,325 1686,326 1711,326 1737,327 1763,327 1789,328 1815,327 1841,327 1867,326 1893,325 1919,323"/>
                <TextEquiv>
                    <Unicode>box 36//1</Unicode>
                </TextEquiv>
            </TextLine>
            <TextLine id="r1l2" custom="readingOrder {index:1;}">
                <Coords points="202,311 454,372 1322,343 1322,294 1116,256 1052,288 863,264 796,324 547,264 202,292"/>
                <Baseline points="212,334 267,332 322,331 377,331 432,331 487,332 542,333 597,335 652,336 707,338 762,340 817,341 872,342 927,343 982,343 1037,342 1092,341 1147,339 1202,335 1257,331 1313,325"/>
                <TextEquiv>
                    <Unicode>Panphlets, Offprints</Unicode>
                </TextEquiv>
            </TextLine>
            <TextLine id="r1l3" custom="readingOrder {index:2;}">
                <Coords points="1425,899 1470,916 1534,898 1780,916 1814,892 1917,894 1937,913 2041,898 2042,859 1994,841 1949,858 1898,835 1858,856 1697,861 1645,822 1614,847 1425,850"/>
                <Baseline points="1435,892 1464,890 1494,889 1524,888 1554,888 1584,888 1613,889 1643,889 1673,890 1703,890 1733,891 1762,891 1792,892 1822,893 1852,893 1882,893 1911,893 1941,892 1971,891 2001,890 2031,888"/>
                <TextEquiv>
                    <Unicode>REGENTI ROMANZI TEDESCHI</Unicode>
                </TextEquiv>
            </TextLine>
            <TextLine id="r1l4" custom="readingOrder {index:3;}">
                <Coords points="973,991 2482,958 2392,898 972,938"/>
                <Baseline points="981,973 1055,972 1130,972 1204,971 1279,970 1354,969 1428,968 1503,966 1577,965 1652,964 1727,963 1801,962 1876,960 1950,959 2025,958 2100,957 2174,955 2249,954 2323,953 2398,952 2473,950"/>
                <TextEquiv>
                    <Unicode>Superiore di molto alla media umana. L’osservazione e di una ach¬</Unicode>
                </TextEquiv>
            </TextLine>
            <TextLine id="r1l5" custom="readingOrder {index:4;}">
                <Coords points="159,1001 225,998 243,985 264,1001 329,991 353,1002 378,986 478,992 477,956 424,936 382,939 346,920 305,923 275,943 206,925 178,952 158,949"/>
                <Baseline points="167,986 192,985 217,985 242,985 267,984 292,983 317,982 342,981 367,981 392,981 417,981 442,981 468,982"/>
                <TextEquiv>
                    <Unicode>alla petulante</Unicode>
                </TextEquiv>
            </TextLine>
            <TextLine id="r1l6" custom="readingOrder {index:5;}">
                <Coords points="966,1030 2400,1019 2479,1011 2478,958 965,981"/>
                <Baseline points="975,1019 1049,1019 1124,1020 1199,1020 1273,1019 1348,1019 1423,1019 1497,1018 1572,1017 1647,1016 1722,1014 1796,1013 1871,1012 1946,1010 2020,1009 2095,1007 2170,1006 2244,1004 2319,1003 2394,1002 2469,1000"/>
                <TextEquiv>
                    <Unicode>tezza psicologica che non ogni giorno s’incontra, e il Wilbrandi per</Unicode>
                </TextEquiv>
            </TextLine>
            <TextLine id="r1l7" custom="readingOrder {index:6;}">
                <Coords points="142,1049 310,1039 323,1029 365,1044 488,1030 487,1008 472,1012 440,990 375,987 342,1005 224,989 192,1005 141,1000"/>
                <Baseline points="152,1036 177,1035 202,1033 227,1033 252,1031 277,1031 302,1030 328,1029 353,1029 378,1029 403,1030 428,1030 453,1030 479,1031"/>
                <TextEquiv>
                    <Unicode>nunziate dalla</Unicode>
                </TextEquiv>
            </TextLine>
            <TextLine id="r1l8" custom="readingOrder {index:7;}">
                <Coords points="972,1080 1922,1088 2411,1068 2492,1021 971,1036"/>
                <Baseline points="982,1068 1057,1069 1132,1069 1207,1069 1282,1069 1357,1068 1432,1068 1507,1067 1582,1066 1657,1065 1732,1063 1807,1062 1882,1061 1957,1059 2032,1058 2107,1056 2182,1055 2257,1054 2332,1053 2407,1052 2483,1051"/>
                <TextEquiv>
                    <Unicode>documentarla crea figure come egli sa immaginare, circondate da un</Unicode>
                </TextEquiv>
            </TextLine>
            <TextLine id="r1l9" custom="readingOrder {index:8;}">
                <Coords points="148,1088 172,1099 251,1084 378,1091 435,1082 452,1091 494,1080 493,1056 447,1038 427,1048 394,1037 328,1046 283,1036 245,1050 226,1037 147,1048"/>
                <Baseline points="156,1084 181,1084 206,1083 231,1082 256,1082 282,1081 307,1080 332,1079 357,1078 383,1078 408,1077 433,1077 458,1078 484,1080"/>
                <TextEquiv>
                    <Unicode>medesimazione</Unicode>
                </TextEquiv>
            </TextLine>
            <TextLine id="r1l10" custom="readingOrder {index:9;}">
                <Coords points="977,1127 2454,1113 2495,1075 976,1081"/>
                <Baseline points="986,1118 1064,1118 1143,1118 1222,1117 1301,1116 1380,1115 1459,1115 1538,1114 1617,1112 1696,1111 1774,1110 1853,1109 1932,1107 2011,1106 2090,1104 2169,1103 2248,1102 2327,1101 2406,1100 2485,1099"/>
                <TextEquiv>
                    <Unicode>leggiadrissimo velo di poetica malinconia. E qui forna anche un</Unicode>
                </TextEquiv>
            </TextLine>
            <TextLine id="r1l11" custom="readingOrder {index:10;}">
                <Coords points="164,1147 185,1152 209,1136 228,1143 245,1133 315,1135 327,1146 355,1133 378,1146 402,1135 416,1145 482,1137 481,1101 454,1096 354,1101 340,1090 300,1086 276,1096 236,1084 163,1100"/>
                <Baseline points="174,1134 201,1134 228,1133 255,1132 282,1131 309,1129 336,1128 363,1127 390,1127 417,1126 444,1126 471,1127"/>
                <TextEquiv>
                    <Unicode>quando, come</Unicode>
                </TextEquiv>
            </TextLine>
            <TextLine id="r1l12" custom="readingOrder {index:11;}">
                <Coords points="968,1187 2485,1158 2392,1102 968,1146"/>
                <Baseline points="977,1170 1051,1168 1126,1166 1201,1165 1276,1163 1351,1161 1426,1160 1501,1159 1576,1158 1651,1157 1726,1155 1800,1154 1875,1153 1950,1153 2025,1152 2100,1151 2175,1150 2250,1150 2325,1149 2400,1148 2475,1148"/>
                <TextEquiv>
                    <Unicode>pensiero pin volte carezzato dal Wilbrandt, che l’amore si nobilita e</Unicode>
                </TextEquiv>
            </TextLine>
            <TextLine id="r1l13" custom="readingOrder {index:12;}">
                <Coords points="177,1183 232,1195 256,1183 330,1178 351,1187 413,1176 461,1189 489,1173 488,1133 452,1146 405,1135 379,1147 369,1138 328,1146 278,1135 263,1149 176,1147"/>
                <Baseline points="187,1177 213,1176 240,1176 266,1175 293,1174 320,1174 346,1173 373,1173 400,1172 426,1172 453,1172 480,1172"/>
                <TextEquiv>
                    <Unicode>tra chi serive</Unicode>
                </TextEquiv>
            </TextLine>
            <TextLine id="r1l14" custom="readingOrder {index:13;}">
                <Coords points="974,1221 2497,1203 2496,1165 2394,1154 974,1189"/>
                <Baseline points="983,1216 1058,1215 1133,1214 1208,1213 1283,1212 1359,1211 1434,1210 1509,1209 1584,1208 1659,1207 1735,1206 1810,1205 1885,1204 1960,1203 2035,1202 2111,1201 2186,1200 2261,1198 2336,1197 2411,1195 2487,1193"/>
                <TextEquiv>
                    <Unicode>si puritica con la morte. Colui che sopravvive alla persona amata</Unicode>
                </TextEquiv>
            </TextLine>
            <TextLine id="r1l15" custom="readingOrder {index:14;}">
                <Coords points="141,1247 190,1245 207,1228 235,1247 281,1230 390,1238 406,1223 487,1239 487,1192 445,1180 406,1193 364,1182 343,1195 315,1183 279,1196 241,1187 224,1198 186,1185 141,1188"/>
                <Baseline points="150,1223 175,1225 200,1225 225,1226 250,1226 275,1226 300,1226 326,1225 351,1225 376,1225 401,1225 426,1226 451,1226 477,1228"/>
                <TextEquiv>
                    <Unicode>tti profondi di</Unicode>
                </TextEquiv>
            </TextLine>
            <TextLine id="r1l16" custom="readingOrder {index:15;}">
                <Coords points="973,1267 2442,1262 2496,1200 972,1235"/>
                <Baseline points="982,1268 1057,1266 1132,1264 1207,1262 1283,1261 1358,1259 1433,1258 1508,1257 1584,1256 1659,1254 1734,1253 1809,1252 1885,1251 1960,1251 2035,1250 2110,1249 2186,1249 2261,1248 2336,1247 2411,1247 2487,1246"/>
                <TextEquiv>
                    <Unicode>trova conforto nel continuare P’opera intrapresa dall’altro assente</Unicode>
                </TextEquiv>
            </TextLine>
            <TextLine id="r1l17" custom="readingOrder {index:16;}">
                <Coords points="140,1287 180,1281 216,1298 231,1283 303,1277 344,1290 378,1278 452,1285 495,1270 495,1240 457,1229 388,1238 285,1230 251,1247 172,1236 140,1249"/>
                <Baseline points="149,1276 174,1276 200,1275 226,1275 252,1275 278,1274 304,1274 330,1274 356,1273 382,1273 408,1274 434,1274 460,1274 486,1275"/>
                <TextEquiv>
                    <Unicode>risponde quella</Unicode>
                </TextEquiv>
            </TextLine>
            <TextLine id="r1l18" custom="readingOrder {index:17;}">
                <Coords points="983,1331 1009,1342 1038,1321 1081,1326 1094,1313 1142,1327 1187,1317 1223,1332 1285,1308 1302,1314 1302,1268 1268,1284 1220,1269 1135,1284 1067,1266 1035,1287 982,1286"/>
                <Baseline points="992,1312 1017,1310 1042,1309 1067,1309 1092,1308 1117,1308 1142,1308 1167,1307 1192,1307 1217,1307 1242,1307 1267,1307 1293,1306"/>
                <TextEquiv>
                    <Unicode>nell’eternita.</Unicode>
                </TextEquiv>
            </TextLine>
            <TextLine id="r1l19" custom="readingOrder {index:18;}">
                <Coords points="149,1336 211,1350 245,1336 345,1341 360,1331 377,1345 404,1329 445,1334 474,1313 493,1315 492,1300 443,1278 324,1294 273,1283 258,1297 229,1284 199,1299 182,1284 148,1298"/>
                <Baseline points="157,1325 182,1324 207,1323 232,1323 257,1322 282,1322 307,1321 332,1321 357,1321 382,1321 407,1321 432,1321 457,1321 483,1321"/>
                <TextEquiv>
                    <Unicode>ni si svolgono</Unicode>
                </TextEquiv>
            </TextLine>
            <TextLine id="r1l20" custom="readingOrder {index:19;}">
                <Coords points="1076,1366 2496,1335 2463,1294 1075,1323"/>
                <Baseline points="1085,1358 1155,1360 1225,1360 1295,1361 1365,1361 1435,1360 1505,1360 1575,1359 1645,1358 1715,1356 1786,1354 1856,1353 1926,1351 1996,1349 2066,1347 2136,1345 2206,1343 2276,1341 2346,1340 2416,1338 2487,1336"/>
                <TextEquiv>
                    <Unicode>Di fronie a cosi degne e nobili opere che aspettano gli edilori e 1</Unicode>
                </TextEquiv>
            </TextLine>
            <TextLine id="r1l21" custom="readingOrder {index:20;}">
                <Coords points="164,1381 236,1389 308,1375 337,1386 363,1376 403,1391 422,1381 465,1386 499,1371 499,1327 476,1339 446,1326 380,1342 353,1333 262,1342 238,1332 211,1350 164,1341"/>
                <Baseline points="174,1374 200,1373 226,1372 253,1371 279,1370 305,1370 332,1370 358,1370 384,1369 411,1369 437,1369 463,1370 490,1370"/>
                <TextEquiv>
                    <Unicode>a persona del</Unicode>
                </TextEquiv>
            </TextLine>
            <TextLine id="r1l22" custom="readingOrder {index:21;}">
                <Coords points="984,1421 2398,1416 2496,1405 2496,1359 983,1366"/>
                <Baseline points="992,1410 1066,1408 1141,1408 1216,1406 1291,1405 1365,1404 1440,1403 1515,1401 1590,1400 1664,1399 1739,1398 1814,1397 1889,1395 1963,1394 2038,1393 2113,1392 2188,1391 2262,1391 2337,1390 2412,1390 2487,1389"/>
                <TextEquiv>
                    <Unicode>traduttori nostri? Ma no: &amp; molto piü facile e profittevole buttar gin</Unicode>
                </TextEquiv>
            </TextLine>
            <TextLine id="r1l23" custom="readingOrder {index:22;}">
                <Coords points="162,1425 277,1437 300,1422 337,1431 394,1423 411,1433 426,1423 449,1434 489,1423 488,1392 432,1381 401,1391 364,1376 337,1386 309,1375 269,1390 161,1381"/>
                <Baseline points="171,1421 196,1421 222,1421 248,1420 274,1420 299,1420 325,1420 351,1419 377,1419 402,1419 428,1419 454,1419 480,1420"/>
                <TextEquiv>
                    <Unicode>eatura umana.</Unicode>
                </TextEquiv>
            </TextLine>
            <TextLine id="r1l24" custom="readingOrder {index:23;}">
                <Coords points="986,1470 2333,1460 2410,1413 986,1421"/>
                <Baseline points="995,1457 1065,1457 1135,1457 1205,1457 1276,1457 1346,1457 1416,1456 1487,1455 1557,1454 1627,1454 1698,1452 1768,1451 1838,1450 1908,1448 1979,1447 2049,1445 2119,1444 2190,1442 2260,1441 2330,1439 2401,1438"/>
                <TextEquiv>
                    <Unicode>le versioni delle appendiei francesi in ghiotti volumi da und lira.</Unicode>
                </TextEquiv>
            </TextLine>
            <TextLine id="r1l25" custom="readingOrder {index:24;}">
                <Coords points="190,1489 230,1477 273,1496 300,1477 332,1472 417,1477 451,1493 485,1471 504,1473 504,1444 480,1431 463,1442 442,1426 416,1434 297,1426 266,1445 190,1442"/>
                <Baseline points="200,1467 226,1467 253,1468 280,1468 306,1468 333,1468 360,1469 387,1469 413,1469 440,1470 467,1471 494,1471"/>
                <TextEquiv>
                    <Unicode>ssa farsi, ma</Unicode>
                </TextEquiv>
            </TextLine>
            <TextLine id="r1l26" custom="readingOrder {index:25;}">
                <Coords points="1064,1504 2208,1509 2514,1458 1063,1464"/>
                <Baseline points="1073,1507 1144,1506 1216,1506 1287,1505 1359,1504 1431,1503 1502,1502 1574,1501 1645,1500 1717,1498 1789,1496 1860,1495 1932,1494 2003,1492 2075,1491 2147,1489 2218,1488 2290,1487 2361,1485 2433,1484 2505,1483"/>
                <TextEquiv>
                    <Unicode>Maria von Ebner-Eschenbach. nata contessa Dubosky in un castello</Unicode>
                </TextEquiv>
            </TextLine>
            <TextLine id="r1l27" custom="readingOrder {index:26;}">
                <Coords points="984,1558 2509,1537 2419,1491 984,1512"/>
                <Baseline points="993,1557 1068,1556 1143,1556 1218,1555 1294,1554 1369,1553 1444,1551 1520,1550 1595,1549 1670,1548 1746,1546 1821,1545 1896,1544 1971,1542 2047,1541 2122,1540 2197,1539 2273,1537 2348,1536 2423,1535 2499,1534"/>
                <TextEquiv>
                    <Unicode>della Moravia il 1830, &amp; una delle piü belle figure femminili della</Unicode>
                </TextEquiv>
            </TextLine>
            <TextLine id="r1l28" custom="readingOrder {index:27;}">
                <Coords points="203,1582 249,1582 270,1572 291,1585 328,1572 459,1577 478,1561 491,1563 491,1531 419,1530 387,1513 353,1534 235,1517 203,1527"/>
                <Baseline points="213,1567 239,1567 266,1567 293,1566 320,1565 347,1565 374,1564 401,1564 428,1565 455,1566 482,1568"/>
                <TextEquiv>
                    <Unicode>uesta menda</Unicode>
                </TextEquiv>
            </TextLine>
            <TextLine id="r1l29" custom="readingOrder {index:28;}">
                <Coords points="984,1619 2478,1595 2512,1540 984,1572"/>
                <Baseline points="993,1605 1068,1603 1144,1602 1219,1601 1295,1600 1370,1599 1446,1598 1521,1597 1597,1596 1672,1595 1748,1594 1823,1594 1899,1593 1974,1592 2050,1591 2125,1590 2201,1588 2276,1587 2352,1586 2427,1584 2503,1582"/>
                <TextEquiv>
                    <Unicode>letteratura tedesca. Tutta la vita sua rappresenta uno storzo continno</Unicode>
                </TextEquiv>
            </TextLine>
            <TextLine id="r1l30" custom="readingOrder {index:29;}">
                <Coords points="179,1634 207,1622 249,1635 290,1624 306,1635 323,1622 366,1637 396,1622 419,1628 498,1616 498,1590 444,1571 383,1588 366,1579 258,1588 218,1575 179,1585"/>
                <Baseline points="188,1617 213,1617 238,1617 263,1617 288,1617 313,1617 338,1616 363,1616 388,1616 413,1616 438,1616 463,1617 489,1618"/>
                <TextEquiv>
                    <Unicode>eboren, in cul</Unicode>
                </TextEquiv>
            </TextLine>
            <TextLine id="r1l31" custom="readingOrder {index:30;}">
                <Coords points="984,1672 1843,1659 1909,1635 1738,1600 983,1621"/>
                <Baseline points="993,1661 1038,1658 1083,1656 1128,1654 1174,1652 1219,1651 1264,1650 1310,1650 1355,1649 1400,1649 1446,1648 1491,1648 1536,1648 1581,1647 1627,1647 1672,1646 1717,1646 1763,1644 1808,1643 1853,1641 1899,1638"/>
                <TextEquiv>
                    <Unicode>per liberarsi dai pregiudizii e dall’atmo¬</Unicode>
                </TextEquiv>
            </TextLine>
            <TextLine id="r1l32" custom="readingOrder {index:31;}">
                <Coords points="203,1674 268,1687 283,1672 307,1681 336,1672 355,1685 389,1683 406,1668 438,1683 500,1672 500,1639 451,1634 436,1622 398,1621 374,1636 338,1624 305,1636 290,1624 266,1640 203,1626"/>
                <Baseline points="212,1665 237,1665 262,1665 287,1664 313,1664 338,1663 363,1663 388,1663 414,1663 439,1664 464,1665 490,1667"/>
                <TextEquiv>
                    <Unicode>poi, questa</Unicode>
                </TextEquiv>
            </TextLine>
            <TextLine id="r1l33" custom="readingOrder {index:32;}">
                <Coords points="976,1700 1169,1723 1309,1694 1356,1716 1918,1693 1885,1650 975,1664"/>
                <Baseline points="985,1707 1031,1706 1077,1704 1123,1703 1169,1702 1215,1701 1261,1700 1308,1698 1354,1698 1400,1697 1446,1696 1492,1695 1538,1695 1584,1694 1631,1693 1677,1693 1723,1692 1769,1692 1815,1691 1861,1691 1908,1690"/>
                <TextEquiv>
                    <Unicode>sfera speciale alla nobiltà austriaca per</Unicode>
                </TextEquiv>
            </TextLine>
            <TextLine id="r1l34" custom="readingOrder {index:33;}">
                <Coords points="195,1735 249,1720 270,1729 297,1712 340,1729 378,1721 401,1730 414,1719 501,1709 501,1686 410,1687 383,1677 357,1687 317,1672 262,1688 194,1673"/>
                <Baseline points="204,1717 230,1717 256,1718 282,1717 308,1717 334,1717 361,1717 387,1716 413,1716 439,1716 465,1716 492,1717"/>
                <TextEquiv>
                    <Unicode>ree di cono¬</Unicode>
                </TextEquiv>
            </TextLine>
            <TextLine id="r1l35" custom="readingOrder {index:34;}">
                <Coords points="985,1767 1779,1758 1919,1729 1918,1706 1721,1698 1080,1708 984,1739"/>
                <Baseline points="994,1756 1039,1754 1085,1753 1131,1751 1177,1750 1222,1749 1268,1748 1314,1747 1360,1746 1405,1746 1451,1745 1497,1745 1543,1744 1588,1743 1634,1743 1680,1742 1726,1740 1771,1740 1817,1739 1863,1737 1909,1735"/>
                <TextEquiv>
                    <Unicode>giungere a intendere la larga, libera esi¬</Unicode>
                </TextEquiv>
            </TextLine>
            <TextLine id="r1l36" custom="readingOrder {index:35;}">
                <Coords points="208,1772 293,1772 316,1784 339,1769 401,1778 503,1763 503,1739 486,1742 454,1720 418,1737 403,1729 365,1735 348,1723 312,1744 257,1719 233,1729 208,1725"/>
                <Baseline points="218,1765 243,1765 268,1765 293,1765 318,1765 343,1765 368,1765 393,1765 418,1765 443,1765 468,1765 493,1766"/>
                <TextEquiv>
                    <Unicode>esso, hanno</Unicode>
                </TextEquiv>
            </TextLine>
            <TextLine id="r1l37" custom="readingOrder {index:36;}">
                <Coords points="981,1819 1913,1808 1912,1757 980,1766"/>
                <Baseline points="989,1804 1034,1803 1080,1802 1126,1801 1171,1800 1217,1799 1263,1798 1308,1798 1354,1797 1400,1796 1446,1796 1491,1795 1537,1795 1583,1794 1628,1793 1674,1792 1720,1791 1765,1790 1811,1788 1857,1787 1903,1785"/>
                <TextEquiv>
                    <Unicode>stenza delle classi intelleituali europee e</Unicode>
                </TextEquiv>
            </TextLine>
            <TextLine id="r1l38" custom="readingOrder {index:37;}">
                <Coords points="216,1829 233,1823 254,1834 332,1815 371,1827 387,1815 434,1823 472,1810 504,1812 504,1787 483,1789 449,1770 436,1778 411,1770 394,1783 339,1768 317,1783 260,1770 216,1781"/>
                <Baseline points="226,1813 252,1813 279,1813 306,1812 333,1812 360,1811 386,1811 413,1811 440,1812 467,1813 494,1815"/>
                <TextEquiv>
                    <Unicode>patie. E dal¬</Unicode>
                </TextEquiv>
            </TextLine>
            <TextLine id="r1l39" custom="readingOrder {index:38;}">
                <Coords points="987,1879 1914,1838 1887,1800 986,1819"/>
                <Baseline points="996,1854 1041,1852 1086,1851 1132,1849 1177,1848 1223,1847 1268,1847 1314,1846 1359,1845 1405,1844 1450,1844 1495,1843 1541,1843 1586,1842 1632,1842 1677,1841 1723,1840 1768,1839 1814,1839 1859,1838 1905,1837"/>
                <TextEquiv>
                    <Unicode>prendervi parte affermando pensieri. ca¬</Unicode>
                </TextEquiv>
            </TextLine>
            <TextLine id="r1l40" custom="readingOrder {index:39;}">
                <Coords points="169,1875 262,1870 315,1881 386,1867 443,1882 485,1861 509,1864 509,1844 481,1846 452,1819 371,1828 280,1821 261,1838 233,1823 210,1840 169,1839"/>
                <Baseline points="178,1866 204,1865 231,1865 258,1865 285,1864 312,1864 339,1864 365,1863 392,1863 419,1863 446,1863 473,1863 500,1864"/>
                <TextEquiv>
                    <Unicode>a. malgrado Ia</Unicode>
                </TextEquiv>
            </TextLine>
            <TextLine id="r1l41" custom="readingOrder {index:40;}">
                <Coords points="978,1925 1882,1903 1914,1886 1913,1838 977,1874"/>
                <Baseline points="988,1902 1033,1900 1079,1898 1125,1897 1171,1897 1217,1896 1263,1895 1308,1895 1354,1894 1400,1894 1446,1894 1492,1893 1538,1893 1584,1893 1629,1892 1675,1891 1721,1890 1767,1888 1813,1887 1859,1884 1905,1881"/>
                <TextEquiv>
                    <Unicode>ratteri. tutlo insomma Talito dell’ intelli¬</Unicode>
                </TextEquiv>
            </TextLine>
            <TextLine id="r1l42" custom="readingOrder {index:41;}">
                <Coords points="224,1931 306,1918 319,1929 362,1933 393,1918 406,1926 506,1906 506,1879 474,1872 431,1883 412,1869 325,1878 225,1870"/>
                <Baseline points="234,1913 260,1914 286,1914 312,1914 338,1913 365,1913 391,1913 417,1914 443,1914 469,1915 496,1917"/>
                <TextEquiv>
                    <Unicode>modernità e</Unicode>
                </TextEquiv>
            </TextLine>
            <TextLine id="r1l43" custom="readingOrder {index:42;}">
                <Coords points="989,1967 1575,1943 1694,1965 1919,1929 1894,1893 988,1924"/>
                <Baseline points="998,1952 1043,1949 1089,1946 1134,1944 1180,1942 1226,1941 1271,1940 1317,1940 1362,1939 1408,1939 1454,1939 1499,1939 1545,1939 1590,1939 1636,1938 1682,1937 1727,1936 1773,1934 1818,1931 1864,1928 1910,1925"/>
                <TextEquiv>
                    <Unicode>genza coi tratli particolari allo spirito le¬</Unicode>
                </TextEquiv>
            </TextLine>
            <TextLine id="r1l44" custom="readingOrder {index:43;}">
                <Coords points="986,2010 1003,2004 1036,2023 1053,2006 1075,2000 1130,2003 1170,1984 1169,1959 1154,1961 1147,1954 1124,1971 1090,1966 1077,1956 1056,1970 1037,1957 1007,1976 986,1972"/>
                <Baseline points="996,1991 1023,1992 1050,1992 1078,1991 1105,1991 1132,1990 1160,1991"/>
                <TextEquiv>
                    <Unicode>de8c0.</Unicode>
                </TextEquiv>
            </TextLine>
            <TextLine id="r1l45" custom="readingOrder {index:44;}">
                <Coords points="178,2027 199,2032 219,2017 263,2017 289,2030 333,2013 344,2024 355,2015 403,2028 431,2013 475,2020 505,2010 505,1986 452,1967 425,1980 389,1964 327,1960 306,1971 278,1960 178,1968"/>
                <Baseline points="188,2008 213,2008 239,2008 265,2008 290,2008 316,2007 342,2007 367,2007 393,2007 419,2007 444,2007 470,2007 496,2008"/>
                <TextEquiv>
                    <Unicode>Ibrandt; nato</Unicode>
                </TextEquiv>
            </TextLine>
            <TextLine id="r1l46" custom="readingOrder {index:45;}">
                <Coords points="1084,2056 1748,2055 1916,2029 1916,2002 1753,1985 1698,2010 1528,1982 1503,2003 1084,2001"/>
                <Baseline points="1093,2043 1133,2042 1174,2041 1215,2041 1255,2040 1296,2040 1337,2039 1377,2039 1418,2039 1459,2038 1500,2038 1540,2038 1581,2038 1622,2037 1662,2037 1703,2036 1744,2036 1784,2035 1825,2034 1866,2034 1907,2033"/>
                <TextEquiv>
                    <Unicode>Quest'anno la fa ricordare un suo libro</Unicode>
                </TextEquiv>
            </TextLine>
            <TextLine id="r1l47" custom="readingOrder {index:46;}">
                <Coords points="219,2074 237,2078 279,2064 323,2073 339,2062 411,2076 432,2065 506,2064 505,2013 466,2026 424,2014 400,2029 356,2014 345,2024 333,2013 292,2030 265,2017 218,2020"/>
                <Baseline points="227,2057 254,2057 281,2057 308,2057 335,2056 362,2056 389,2055 416,2055 443,2055 470,2055 497,2055"/>
                <TextEquiv>
                    <Unicode>attosi presto</Unicode>
                </TextEquiv>
            </TextLine>
            <TextLine id="r1l48" custom="readingOrder {index:47;}">
                <Coords points="978,2086 1041,2114 1693,2091 1746,2118 1908,2089 1908,2055 1114,2065 1070,2041 977,2067"/>
                <Baseline points="987,2097 1032,2095 1078,2094 1123,2092 1169,2091 1215,2090 1260,2089 1306,2088 1351,2087 1397,2087 1443,2086 1488,2085 1534,2085 1579,2085 1625,2084 1671,2084 1716,2083 1762,2083 1807,2082 1853,2082 1899,2081"/>
                <TextEquiv>
                    <Unicode>edito dai Paetel: Dai giorni Fantunno</Unicode>
                </TextEquiv>
            </TextLine>
            <TextLine id="r1l49" custom="readingOrder {index:48;}">
                <Coords points="261,2121 295,2108 320,2123 337,2113 362,2113 390,2124 413,2113 422,2119 454,2109 471,2113 490,2101 507,2109 507,2078 496,2079 477,2062 452,2073 435,2064 420,2077 344,2064 309,2077 261,2068"/>
                <Baseline points="270,2103 295,2105 320,2106 345,2106 370,2106 396,2104 421,2104 446,2104 471,2104 497,2106"/>
                <TextEquiv>
                    <Unicode>ovelle che</Unicode>
                </TextEquiv>
            </TextLine>
            <TextLine id="r1l50" custom="readingOrder {index:49;}">
                <Coords points="993,2151 1084,2161 1104,2146 1148,2164 1174,2152 1197,2163 1227,2151 1292,2152 1291,2116 1245,2096 1204,2114 1185,2106 1177,2114 1153,2098 1130,2107 1088,2099 1068,2110 1015,2104 992,2112"/>
                <Baseline points="1002,2140 1027,2140 1052,2139 1078,2139 1103,2138 1129,2137 1154,2136 1180,2136 1205,2135 1231,2136 1256,2136 1282,2138"/>
                <TextEquiv>
                    <Unicode>inoltrato (1).</Unicode>
                </TextEquiv>
            </TextLine>
            <TextLine id="r1l51" custom="readingOrder {index:50;}">
                <Coords points="209,2168 238,2162 308,2173 321,2164 338,2171 349,2160 361,2169 504,2155 504,2127 463,2121 451,2110 425,2120 413,2112 394,2125 379,2112 311,2124 294,2111 268,2124 209,2126"/>
                <Baseline points="218,2158 243,2157 268,2156 293,2156 318,2156 343,2155 369,2155 394,2155 419,2155 444,2156 469,2156 495,2155"/>
                <TextEquiv>
                    <Unicode>o favorevole</Unicode>
                </TextEquiv>
            </TextLine>
            <TextLine id="r1l52" custom="readingOrder {index:51;}">
                <Coords points="1084,2199 1914,2190 1913,2145 1836,2133 1617,2156 1569,2134 1444,2147 1399,2119 1276,2157 1083,2146"/>
                <Baseline points="1094,2190 1134,2190 1175,2189 1215,2188 1256,2187 1296,2187 1337,2186 1377,2185 1418,2185 1458,2184 1499,2183 1539,2183 1580,2182 1620,2182 1661,2181 1701,2181 1742,2181 1782,2181 1823,2181 1863,2180 1904,2181"/>
                <TextEquiv>
                    <Unicode>Lenarrazioni della baronessa von Ebner</Unicode>
                </TextEquiv>
            </TextLine>
            <TextLine id="r1l53" custom="readingOrder {index:52;}">
                <Coords points="228,2218 311,2209 327,2216 378,2209 398,2218 434,2207 446,2215 482,2206 491,2213 504,2209 505,2172 486,2166 467,2173 433,2160 346,2175 331,2165 308,2173 228,2165"/>
                <Baseline points="237,2203 262,2203 288,2204 314,2204 340,2204 366,2205 391,2205 417,2205 443,2205 469,2204 495,2203"/>
                <TextEquiv>
                    <Unicode>teratura te¬</Unicode>
                </TextEquiv>
            </TextLine>
            <TextLine id="r1l54" custom="readingOrder {index:53;}">
                <Coords points="990,2245 1915,2242 1914,2198 1857,2186 989,2205"/>
                <Baseline points="999,2240 1044,2239 1089,2239 1134,2238 1180,2237 1225,2236 1270,2235 1316,2235 1361,2234 1406,2233 1452,2232 1497,2232 1542,2231 1587,2230 1633,2230 1678,2229 1723,2228 1769,2228 1814,2227 1859,2227 1905,2227"/>
                <TextEquiv>
                    <Unicode>Eschenbach non sono troppo lunzhe: la</Unicode>
                </TextEquiv>
            </TextLine>
            <TextLine id="r1l55" custom="readingOrder {index:54;}">
                <Coords points="265,2267 449,2254 473,2272 513,2282 514,2216 484,2206 401,2219 361,2208 319,2219 266,2212"/>
                <Baseline points="276,2249 301,2249 326,2250 352,2250 377,2250 402,2251 428,2252 453,2253 478,2253 504,2254"/>
                <TextEquiv>
                    <Unicode>Vorelle del</Unicode>
                </TextEquiv>
            </TextLine>
            <TextLine id="r1l56" custom="readingOrder {index:55;}">
                <Coords points="991,2297 1929,2278 1928,2232 990,2246"/>
                <Baseline points="1001,2291 1046,2290 1092,2288 1138,2287 1184,2286 1230,2285 1276,2285 1322,2284 1368,2283 1414,2283 1460,2282 1505,2282 1551,2281 1597,2280 1643,2280 1689,2279 1735,2278 1781,2277 1827,2276 1873,2275 1919,2273"/>
                <TextEquiv>
                    <Unicode>brevità loro e pero compensata da certa</Unicode>
                </TextEquiv>
            </TextLine>
            <TextLine id="r1l57" custom="readingOrder {index:56;}">
                <Coords points="256,2308 389,2307 417,2319 436,2308 457,2316 508,2305 508,2279 474,2273 450,2255 427,2268 393,2256 335,2268 314,2258 299,2269 257,2269"/>
                <Baseline points="266,2299 291,2300 317,2300 343,2301 369,2301 395,2301 421,2302 447,2302 473,2303 499,2304"/>
                <TextEquiv>
                    <Unicode>enialità, la</Unicode>
                </TextEquiv>
            </TextLine>
            <TextLine id="r1l58" custom="readingOrder {index:57;}">
                <Coords points="989,2348 1919,2341 1918,2297 1875,2281 988,2303"/>
                <Baseline points="998,2340 1043,2339 1089,2338 1134,2337 1180,2336 1225,2335 1271,2334 1316,2333 1362,2332 1407,2331 1453,2331 1499,2330 1544,2329 1590,2328 1635,2327 1681,2326 1726,2326 1772,2325 1817,2325 1863,2324 1909,2324"/>
                <TextEquiv>
                    <Unicode>forza nervosa ehe posseggono le figure:</Unicode>
                </TextEquiv>
            </TextLine>
            <TextLine id="r1l59" custom="readingOrder {index:58;}">
                <Coords points="247,2366 345,2356 409,2369 430,2356 457,2367 513,2350 513,2303 426,2324 387,2307 247,2309"/>
                <Baseline points="257,2347 284,2348 311,2349 339,2349 366,2349 394,2349 421,2348 449,2348 476,2348 504,2348"/>
                <TextEquiv>
                    <Unicode>brandt pos¬</Unicode>
                </TextEquiv>
            </TextLine>
            <TextLine id="r1l60" custom="readingOrder {index:59;}">
                <Coords points="978,2396 2332,2400 2485,2392 2485,2343 978,2353"/>
                <Baseline points="987,2392 1061,2388 1135,2384 1210,2382 1284,2380 1359,2379 1433,2378 1507,2377 1582,2377 1656,2378 1731,2378 1805,2379 1879,2379 1954,2380 2028,2381 2103,2382 2177,2383 2251,2384 2326,2384 2400,2384 2475,2384"/>
                <TextEquiv>
                    <Unicode>Specialmente quelle femminili tratte dalla Marin von Ebner-Eschenbach</Unicode>
                </TextEquiv>
            </TextLine>
            <TextLine id="r1l61" custom="readingOrder {index:60;}">
                <Coords points="264,2397 285,2409 316,2407 348,2420 389,2399 423,2417 440,2407 505,2405 505,2362 484,2356 461,2373 452,2364 372,2371 355,2358 265,2355"/>
                <Baseline points="274,2399 301,2400 329,2400 357,2400 385,2400 412,2400 440,2400 468,2400 496,2401"/>
                <TextEquiv>
                    <Unicode>libro una</Unicode>
                </TextEquiv>
            </TextLine>
            <TextLine id="r1l62" custom="readingOrder {index:61;}">
                <Coords points="990,2451 1506,2422 1603,2451 1699,2424 1886,2443 1946,2414 1945,2382 1794,2377 989,2413"/>
                <Baseline points="998,2440 1047,2438 1096,2436 1146,2435 1195,2433 1245,2432 1294,2431 1343,2431 1393,2430 1442,2429 1492,2429 1541,2428 1591,2427 1640,2426 1689,2425 1739,2424 1788,2423 1838,2422 1887,2420 1937,2418"/>
                <TextEquiv>
                    <Unicode>vita di eroico e spesso ignorato sacrilicio</Unicode>
                </TextEquiv>
            </TextLine>
            <TextLine id="r1l63" custom="readingOrder {index:62;}">
                <Coords points="247,2457 283,2457 298,2470 349,2452 399,2461 459,2457 501,2444 500,2419 482,2421 464,2406 398,2420 379,2407 357,2418 304,2405 247,2411"/>
                <Baseline points="257,2449 283,2448 309,2448 335,2448 361,2447 387,2447 413,2447 439,2447 465,2447 491,2447"/>
                <TextEquiv>
                    <Unicode>ell’acclama¬</Unicode>
                </TextEquiv>
            </TextLine>
            <TextLine id="r1l64" custom="readingOrder {index:63;}">
                <Coords points="996,2502 2513,2463 2387,2416 996,2460"/>
                <Baseline points="1005,2486 1079,2484 1154,2483 1229,2481 1304,2480 1379,2479 1454,2477 1529,2476 1604,2475 1679,2474 1754,2473 1828,2472 1903,2471 1978,2470 2053,2469 2128,2468 2203,2467 2278,2465 2353,2464 2428,2462 2503,2460"/>
                <TextEquiv>
                    <Unicode>che le donne conducono. La madre dolorosa di quel giovinetlo vitlima</Unicode>
                </TextEquiv>
            </TextLine>
            <TextLine id="r1l65" custom="readingOrder {index:64;}">
                <Coords points="303,2508 345,2504 369,2513 403,2504 434,2511 456,2502 513,2499 513,2460 467,2452 446,2464 439,2456 395,2462 384,2455 361,2468 303,2466"/>
                <Baseline points="313,2500 340,2499 367,2498 394,2498 421,2497 448,2497 475,2498 503,2500"/>
                <TextEquiv>
                    <Unicode>von Pal¬</Unicode>
                </TextEquiv>
            </TextLine>
            <TextLine id="r1l66" custom="readingOrder {index:65;}">
                <Coords points="993,2536 2364,2533 2513,2516 2513,2465 992,2498"/>
                <Baseline points="1003,2536 1078,2534 1153,2533 1228,2531 1303,2530 1378,2529 1453,2527 1528,2527 1603,2526 1678,2525 1753,2524 1828,2523 1903,2522 1978,2521 2053,2520 2128,2519 2203,2518 2278,2517 2353,2516 2428,2514 2503,2512"/>
                <TextEquiv>
                    <Unicode>del swenenage imposto dal padre, la moglie frascinata dal marilo.</Unicode>
                </TextEquiv>
            </TextLine>
            <TextLine id="r1l67" custom="readingOrder {index:66;}">
                <Coords points="251,2553 285,2553 298,2563 327,2546 374,2565 389,2554 419,2554 440,2565 449,2556 485,2556 508,2535 521,2535 521,2501 495,2497 432,2512 423,2504 372,2512 353,2501 327,2510 294,2501 251,2504"/>
                <Baseline points="260,2545 285,2546 310,2546 335,2546 360,2546 386,2545 411,2545 436,2545 461,2546 486,2546 512,2547"/>
                <TextEquiv>
                    <Unicode>ena italiana</Unicode>
                </TextEquiv>
            </TextLine>
            <TextLine id="r1l68" custom="readingOrder {index:67;}">
                <Coords points="998,2590 2518,2563 2517,2518 997,2537"/>
                <Baseline points="1007,2586 1082,2583 1157,2581 1232,2579 1307,2577 1382,2575 1457,2574 1532,2573 1607,2571 1682,2571 1758,2570 1833,2569 1908,2568 1983,2567 2058,2567 2133,2566 2208,2565 2283,2564 2358,2563 2433,2561 2509,2559"/>
                <TextEquiv>
                    <Unicode>impenitente damerino, ecostretta ad abbandonare la casa coningale e</Unicode>
                </TextEquiv>
            </TextLine>
            <TextLine id="r1l69" custom="readingOrder {index:68;}">
                <Coords points="270,2601 291,2601 306,2612 365,2608 372,2600 399,2604 408,2596 431,2604 487,2598 521,2605 521,2577 487,2573 464,2554 429,2562 391,2553 359,2563 330,2549 270,2569"/>
                <Baseline points="280,2596 305,2595 331,2595 357,2595 383,2594 408,2594 434,2593 460,2594 486,2594 512,2596"/>
                <TextEquiv>
                    <Unicode>0 Zacconi.</Unicode>
                </TextEquiv>
            </TextLine>
            <TextLine id="r1l70" custom="readingOrder {index:69;}">
                <Coords points="988,2644 2497,2622 2470,2569 987,2587"/>
                <Baseline points="997,2633 1071,2632 1146,2630 1220,2629 1295,2628 1369,2627 1444,2626 1518,2625 1593,2624 1667,2623 1742,2622 1816,2621 1891,2620 1965,2619 2040,2618 2114,2616 2189,2615 2263,2613 2338,2611 2412,2609 2487,2607"/>
                <TextEquiv>
                    <Unicode>a tornarvi solo dopo la morte dello sciagurato, ecco quali ritratti ven¬</Unicode>
                </TextEquiv>
            </TextLine>
            <TextLine id="r1l71" custom="readingOrder {index:70;}">
                <Coords points="279,2653 319,2661 330,2653 389,2650 424,2665 441,2654 468,2658 479,2652 496,2664 508,2662 508,2618 491,2616 472,2601 417,2603 408,2597 387,2612 370,2603 362,2610 355,2602 306,2612 279,2608"/>
                <Baseline points="289,2646 315,2644 341,2643 367,2643 394,2642 420,2642 446,2643 472,2645 499,2648"/>
                <TextEquiv>
                    <Unicode>costrutti.</Unicode>
                </TextEquiv>
            </TextLine>
            <TextLine id="r1l72" custom="readingOrder {index:71;}">
                <Coords points="994,2691 2456,2683 2515,2678 2514,2623 993,2644"/>
                <Baseline points="1003,2686 1078,2683 1153,2681 1228,2679 1303,2678 1378,2676 1453,2675 1528,2674 1603,2673 1678,2672 1754,2671 1829,2670 1904,2669 1979,2668 2054,2667 2129,2666 2204,2665 2279,2663 2354,2662 2429,2660 2505,2658"/>
                <TextEquiv>
                    <Unicode>gono insieme con altri ad aggiungersi alla ricca galleria della vene¬</Unicode>
                </TextEquiv>
            </TextLine>
            <TextLine id="r1l73" custom="readingOrder {index:72;}">
                <Coords points="330,2696 351,2698 373,2712 396,2708 413,2693 447,2713 464,2706 512,2705 512,2663 497,2665 488,2655 463,2658 452,2652 410,2667 388,2649 380,2655 373,2649 367,2655 331,2652"/>
                <Baseline points="339,2694 366,2693 393,2693 421,2694 448,2695 475,2695 503,2696"/>
                <TextEquiv>
                    <Unicode>elli del</Unicode>
                </TextEquiv>
            </TextLine>
            <TextLine id="r1l74" custom="readingOrder {index:73;}">
                <Coords points="998,2750 1026,2751 1047,2735 1081,2756 1119,2734 1162,2731 1193,2750 1219,2734 1321,2736 1349,2728 1349,2688 1316,2679 1243,2698 1192,2683 1050,2703 997,2693"/>
                <Baseline points="1007,2729 1032,2727 1058,2727 1083,2726 1109,2724 1134,2724 1160,2723 1185,2723 1211,2723 1236,2722 1262,2722 1287,2722 1313,2722 1339,2722"/>
                <TextEquiv>
                    <Unicode>randa signora.</Unicode>
                </TextEquiv>
            </TextLine>
            <TextLine id="r1l75" custom="readingOrder {index:74;}">
                <Coords points="315,2755 357,2757 372,2746 406,2757 466,2744 485,2757 502,2742 521,2738 521,2704 440,2712 413,2693 385,2712 362,2712 340,2697 315,2706"/>
                <Baseline points="325,2744 351,2743 378,2742 405,2742 431,2741 458,2741 485,2743 512,2745"/>
                <TextEquiv>
                    <Unicode>ofonde e</Unicode>
                </TextEquiv>
            </TextLine>
            <TextLine id="r1l76" custom="readingOrder {index:75;}">
                <Coords points="1088,2790 2514,2754 2394,2692 2241,2731 1088,2749"/>
                <Baseline points="1097,2777 1167,2777 1237,2776 1308,2775 1378,2775 1449,2774 1519,2773 1589,2773 1660,2772 1730,2771 1801,2770 1871,2769 1941,2768 2012,2767 2082,2765 2153,2763 2223,2761 2293,2759 2364,2756 2434,2754 2505,2750"/>
                <TextEquiv>
                    <Unicode>Con Guglielmo Jensen deve terminar la rassegna dei vecchi maestri.</Unicode>
                </TextEquiv>
            </TextLine>
            <TextLine id="r1l77" custom="readingOrder {index:76;}">
                <Coords points="323,2799 365,2797 380,2810 403,2795 452,2806 477,2796 484,2804 496,2798 518,2804 520,2745 490,2755 448,2745 439,2755 416,2759 387,2755 372,2761 363,2751 323,2757"/>
                <Baseline points="332,2789 357,2790 382,2789 408,2788 433,2788 459,2787 484,2788 510,2791"/>
                <TextEquiv>
                    <Unicode>queste</Unicode>
                </TextEquiv>
            </TextLine>
            <TextLine id="r1l78" custom="readingOrder {index:77;}">
                <Coords points="999,2829 2506,2806 2449,2760 998,2768"/>
                <Baseline points="1008,2831 1082,2827 1156,2823 1231,2821 1305,2819 1380,2816 1454,2815 1529,2813 1603,2812 1678,2811 1752,2811 1826,2810 1901,2809 1975,2809 2050,2808 2124,2807 2199,2806 2273,2805 2348,2804 2422,2803 2497,2800"/>
                <TextEquiv>
                    <Unicode>Anche lo Jensen ha circa T'età del Wilbrandt: la sua evolnzione, pin</Unicode>
                </TextEquiv>
            </TextLine>
            <TextLine id="r1l79" custom="readingOrder {index:78;}">
                <Coords points="369,2850 378,2851 390,2843 405,2857 464,2850 469,2845 492,2857 522,2853 523,2818 498,2819 472,2809 465,2801 453,2807 438,2797 408,2813 393,2807 370,2811"/>
                <Baseline points="378,2839 405,2840 432,2839 459,2839 486,2840 513,2844"/>
                <TextEquiv>
                    <Unicode>0 XIX.</Unicode>
                </TextEquiv>
            </TextLine>
            <TextLine id="r1l80" custom="readingOrder {index:79;}">
                <Coords points="990,2885 2420,2868 2519,2821 989,2853"/>
                <Baseline points="999,2878 1074,2875 1150,2874 1225,2871 1301,2870 1377,2868 1452,2867 1528,2866 1603,2866 1679,2865 1755,2864 1830,2864 1906,2863 1981,2862 2057,2861 2133,2860 2208,2859 2284,2857 2359,2855 2435,2853 2511,2849"/>
                <TextEquiv>
                    <Unicode>lenta, pid nguale, non ha momenti che raggiungano la sommita toccala</Unicode>
                </TextEquiv>
            </TextLine>
            <TextLine id="r1l81" custom="readingOrder {index:80;}">
                <Coords points="412,2903 442,2906 446,2902 450,2906 459,2896 472,2904 482,2900 487,2905 497,2896 508,2903 521,2889 534,2889 533,2846 524,2846 517,2854 502,2858 483,2854 471,2845 464,2851 452,2845 411,2858"/>
                <Baseline points="420,2888 446,2887 472,2887 498,2886 524,2886"/>
                <TextEquiv>
                    <Unicode>go</Unicode>
                </TextEquiv>
            </TextLine>
            <TextLine id="r1l82" custom="readingOrder {index:81;}">
                <Coords points="992,2933 2520,2911 2519,2872 2364,2857 991,2887"/>
                <Baseline points="1001,2927 1076,2925 1152,2922 1227,2920 1303,2918 1378,2917 1454,2916 1529,2915 1605,2914 1680,2913 1756,2912 1831,2911 1907,2910 1982,2909 2058,2908 2133,2907 2209,2906 2284,2904 2360,2902 2435,2900 2511,2897"/>
                <TextEquiv>
                    <Unicode>dall’autore dei Rothenburger. Ma ci0 che manca allo Jensen in sieurezza</Unicode>
                </TextEquiv>
            </TextLine>
            <TextLine id="r1l83" custom="readingOrder {index:82;}">
                <Coords points="375,2950 386,2950 395,2942 403,2946 411,2938 426,2951 447,2942 473,2941 505,2954 522,2947 522,2903 511,2901 503,2909 488,2903 477,2909 469,2902 458,2902 444,2908 431,2904 425,2910 407,2910 388,2895 374,2895"/>
                <Baseline points="385,2936 410,2936 436,2936 461,2935 487,2935 513,2936"/>
                <TextEquiv>
                    <Unicode>i und</Unicode>
                </TextEquiv>
            </TextLine>
            <TextLine id="r1l84" custom="readingOrder {index:83;}">
                <Coords points="1003,2987 2428,2964 2513,2915 1002,2945"/>
                <Baseline points="1011,2974 1085,2972 1160,2971 1234,2969 1309,2967 1384,2966 1458,2965 1533,2964 1607,2963 1682,2962 1757,2962 1831,2961 1906,2960 1980,2958 2055,2957 2130,2956 2204,2954 2279,2952 2353,2949 2428,2947 2503,2944"/>
                <TextEquiv>
                    <Unicode>nel tracciare i contorni delle figure, e, una volta tracciati dar loro saldo</Unicode>
                </TextEquiv>
            </TextLine>
            <TextLine id="r1l85" custom="readingOrder {index:84;}">
                <Coords points="386,2999 409,2998 422,3005 441,2999 447,3003 458,3001 473,2993 481,3000 503,2983 520,2982 519,2952 504,2954 487,2943 472,2942 463,2950 455,2944 415,2953 410,2949 385,2953"/>
                <Baseline points="395,2985 424,2986 453,2985 482,2984 511,2983"/>
                <TextEquiv>
                    <Unicode>Cogli</Unicode>
                </TextEquiv>
            </TextLine>
            <TextLine id="r1l86" custom="readingOrder {index:85;}">
                <Coords points="1004,3036 2481,3014 2528,2968 1003,2987"/>
                <Baseline points="1013,3024 1088,3021 1163,3020 1238,3018 1314,3016 1389,3015 1464,3014 1540,3013 1615,3011 1690,3010 1766,3009 1841,3008 1916,3007 1991,3006 2067,3005 2142,3003 2217,3001 2293,2999 2368,2997 2443,2994 2519,2991"/>
                <TextEquiv>
                    <Unicode>colorilo ed anima, e forse compensato dalla Stimmung, dal sentimento</Unicode>
                </TextEquiv>
            </TextLine>
            <TextLine id="r1l87" custom="readingOrder {index:86;}">
                <Coords points="429,3041 454,3042 465,3050 477,3044 490,3055 507,3037 520,3035 519,2989 505,2990 502,2994 492,2992 481,3000 471,2993 464,2999 449,3003 443,2999 428,3002"/>
                <Baseline points="439,3033 475,3031 511,3031"/>
                <TextEquiv>
                    <Unicode>e8-</Unicode>
                </TextEquiv>
            </TextLine>
            <TextLine id="r1l88" custom="readingOrder {index:87;}">
                <Coords points="1000,3092 2507,3058 2506,3007 2404,3002 999,3039"/>
                <Baseline points="1010,3073 1084,3070 1158,3068 1233,3067 1307,3065 1382,3063 1456,3062 1530,3061 1605,3060 1679,3059 1754,3057 1828,3056 1902,3055 1977,3054 2051,3053 2126,3052 2200,3050 2274,3049 2349,3046 2423,3044 2498,3042"/>
                <TextEquiv>
                    <Unicode>del paesaggio. Lo Jensen deserive infatti il paese come un pittore feli¬</Unicode>
                </TextEquiv>
            </TextLine>
            <TextLine id="r1l89" custom="readingOrder {index:88;}">
                <Coords points="424,3092 464,3091 475,3094 490,3082 509,3083 508,3053 489,3054 480,3047 466,3049 459,3041 444,3042 438,3048 423,3050"/>
                <Baseline points="434,3084 467,3082 500,3082"/>
                <TextEquiv>
                    <Unicode>Gla¬</Unicode>
                </TextEquiv>
            </TextLine>
            <TextLine id="r1l90" custom="readingOrder {index:89;}">
                <Coords points="994,3138 2522,3089 2504,3053 2171,3053 993,3094"/>
                <Baseline points="1003,3122 1078,3119 1153,3117 1229,3115 1304,3113 1380,3112 1455,3111 1531,3110 1606,3109 1682,3108 1757,3107 1832,3107 1908,3106 1983,3105 2059,3103 2134,3102 2210,3100 2285,3098 2361,3095 2436,3093 2512,3090"/>
                <TextEquiv>
                    <Unicode>cemente dotato lo ritrarrebbe: di pin egli si muove nel tempo e nello</Unicode>
                </TextEquiv>
            </TextLine>
            <TextLine id="r1l91" custom="readingOrder {index:90;}">
                <Coords points="459,3141 472,3142 480,3149 495,3148 491,3095 482,3096 473,3104 456,3104"/>
                <Baseline points="466,3126 484,3125"/>
                <TextEquiv>
                    <Unicode>1°</Unicode>
                </TextEquiv>
            </TextLine>
            <TextLine id="r1l92" custom="readingOrder {index:91;}">
                <Coords points="993,3169 2266,3166 2495,3149 2515,3100 993,3137"/>
                <Baseline points="1003,3170 1078,3168 1153,3165 1228,3163 1303,3161 1378,3159 1453,3158 1528,3157 1603,3156 1678,3155 1754,3154 1829,3154 1904,3153 1979,3152 2054,3151 2129,3150 2204,3148 2279,3147 2354,3144 2429,3142 2505,3139"/>
                <TextEquiv>
                    <Unicode>Spazio senlza limitarsi all’epoca moderna. II vero protagonista del</Unicode>
                </TextEquiv>
            </TextLine>
            <TextLine id="r1l93" custom="readingOrder {index:92;}">
                <Coords points="456,3191 467,3191 475,3185 482,3189 496,3183 501,3177 505,3181 518,3181 518,3143 501,3141 490,3149 480,3149 469,3141 465,3145 456,3145"/>
                <Baseline points="465,3177 509,3177"/>
                <TextEquiv>
                    <Unicode>10</Unicode>
                </TextEquiv>
            </TextLine>
            <TextLine id="r1l94" custom="readingOrder {index:93;}">
                <Coords points="998,3220 2405,3211 2520,3158 998,3186"/>
                <Baseline points="1007,3216 1082,3213 1157,3211 1232,3209 1307,3208 1383,3207 1458,3205 1533,3204 1608,3204 1683,3203 1759,3202 1834,3202 1909,3201 1984,3200 2059,3199 2135,3198 2210,3197 2285,3195 2360,3193 2435,3191 2511,3189"/>
                <TextEquiv>
                    <Unicode>romanzo Eine Schuld (2) e Manhart Osterling, uno strano tipo di sogna¬</Unicode>
                </TextEquiv>
            </TextLine>
            <TextLine id="r1l95" custom="readingOrder {index:94;}">
                <Coords points="1005,3273 2516,3238 2466,3197 1004,3215"/>
                <Baseline points="1015,3262 1089,3261 1164,3261 1238,3260 1313,3259 1388,3258 1462,3257 1537,3256 1611,3255 1686,3254 1761,3253 1835,3252 1910,3250 1984,3249 2059,3248 2134,3246 2208,3245 2283,3243 2357,3242 2432,3240 2507,3238"/>
                <TextEquiv>
                    <Unicode>tore edi poeta: ela sua figura potrebbe anche interessare se ne appa¬</Unicode>
                </TextEquiv>
            </TextLine>
            <TextLine id="r1l96" custom="readingOrder {index:95;}">
                <Coords points="1006,3326 2513,3322 2455,3245 1005,3273"/>
                <Baseline points="1014,3312 1088,3310 1162,3309 1237,3308 1311,3306 1386,3305 1460,3304 1535,3303 1609,3303 1684,3302 1758,3301 1832,3300 1907,3299 1981,3298 2056,3297 2130,3296 2205,3295 2279,3293 2354,3292 2428,3290 2503,3289"/>
                <TextEquiv>
                    <Unicode>rissero piü chiari i moventi psicologiei. La trama della narrazione.</Unicode>
                </TextEquiv>
            </TextLine>
            <TextLine id="r1l97" custom="readingOrder {index:96;}">
                <Coords points="1108,3426 2511,3396 2510,3351 2218,3331 2013,3373 1107,3379"/>
                <Baseline points="1117,3413 1186,3413 1255,3412 1324,3412 1393,3411 1463,3410 1532,3410 1601,3409 1670,3408 1739,3407 1809,3406 1878,3405 1947,3403 2016,3401 2085,3400 2155,3398 2224,3396 2293,3394 2362,3392 2431,3389 2501,3386"/>
                <TextEquiv>
                    <Unicode>(1) Aus Späthherbstlagen. Manin vox EnxEn Eschessach. Paetel, Berlin, 1901.</Unicode>
                </TextEquiv>
            </TextLine>
            <TextLine id="r1l98" custom="readingOrder {index:97;}">
                <Coords points="1097,3470 2436,3456 2435,3405 2370,3397 1096,3419"/>
                <Baseline points="1105,3459 1171,3457 1237,3455 1303,3453 1369,3452 1435,3451 1501,3450 1567,3448 1633,3447 1699,3446 1765,3445 1831,3444 1897,3443 1963,3442 2029,3441 2095,3440 2161,3439 2227,3437 2293,3436 2359,3435 2425,3433"/>
                <TextEquiv>
                    <Unicode>(2 Zine Schuld. Roman von W. JExszs. Phil. Reclam, Leipzig. 1901.</Unicode>
                </TextEquiv>
            </TextLine>
            <TextEquiv>
                <Unicode>box 36//1
Panphlets, Offprints
REGENTI ROMANZI TEDESCHI
Superiore di molto alla media umana. L’osservazione e di una ach¬
alla petulante
tezza psicologica che non ogni giorno s’incontra, e il Wilbrandi per
nunziate dalla
documentarla crea figure come egli sa immaginare, circondate da un
medesimazione
leggiadrissimo velo di poetica malinconia. E qui forna anche un
quando, come
pensiero pin volte carezzato dal Wilbrandt, che l’amore si nobilita e
tra chi serive
si puritica con la morte. Colui che sopravvive alla persona amata
tti profondi di
trova conforto nel continuare P’opera intrapresa dall’altro assente
risponde quella
nell’eternita.
ni si svolgono
Di fronie a cosi degne e nobili opere che aspettano gli edilori e 1
a persona del
traduttori nostri? Ma no: &amp; molto piü facile e profittevole buttar gin
eatura umana.
le versioni delle appendiei francesi in ghiotti volumi da und lira.
ssa farsi, ma
Maria von Ebner-Eschenbach. nata contessa Dubosky in un castello
della Moravia il 1830, &amp; una delle piü belle figure femminili della
uesta menda
letteratura tedesca. Tutta la vita sua rappresenta uno storzo continno
eboren, in cul
per liberarsi dai pregiudizii e dall’atmo¬
poi, questa
sfera speciale alla nobiltà austriaca per
ree di cono¬
giungere a intendere la larga, libera esi¬
esso, hanno
stenza delle classi intelleituali europee e
patie. E dal¬
prendervi parte affermando pensieri. ca¬
a. malgrado Ia
ratteri. tutlo insomma Talito dell’ intelli¬
modernità e
genza coi tratli particolari allo spirito le¬
de8c0.
Ibrandt; nato
Quest'anno la fa ricordare un suo libro
attosi presto
edito dai Paetel: Dai giorni Fantunno
ovelle che
inoltrato (1).
o favorevole
Lenarrazioni della baronessa von Ebner
teratura te¬
Eschenbach non sono troppo lunzhe: la
Vorelle del
brevità loro e pero compensata da certa
enialità, la
forza nervosa ehe posseggono le figure:
brandt pos¬
Specialmente quelle femminili tratte dalla Marin von Ebner-Eschenbach
libro una
vita di eroico e spesso ignorato sacrilicio
ell’acclama¬
che le donne conducono. La madre dolorosa di quel giovinetlo vitlima
von Pal¬
del swenenage imposto dal padre, la moglie frascinata dal marilo.
ena italiana
impenitente damerino, ecostretta ad abbandonare la casa coningale e
0 Zacconi.
a tornarvi solo dopo la morte dello sciagurato, ecco quali ritratti ven¬
costrutti.
gono insieme con altri ad aggiungersi alla ricca galleria della vene¬
elli del
randa signora.
ofonde e
Con Guglielmo Jensen deve terminar la rassegna dei vecchi maestri.
queste
Anche lo Jensen ha circa T'età del Wilbrandt: la sua evolnzione, pin
0 XIX.
lenta, pid nguale, non ha momenti che raggiungano la sommita toccala
go
dall’autore dei Rothenburger. Ma ci0 che manca allo Jensen in sieurezza
i und
nel tracciare i contorni delle figure, e, una volta tracciati dar loro saldo
Cogli
colorilo ed anima, e forse compensato dalla Stimmung, dal sentimento
e8-
del paesaggio. Lo Jensen deserive infatti il paese come un pittore feli¬
Gla¬
cemente dotato lo ritrarrebbe: di pin egli si muove nel tempo e nello
1°
Spazio senlza limitarsi all’epoca moderna. II vero protagonista del
10
romanzo Eine Schuld (2) e Manhart Osterling, uno strano tipo di sogna¬
tore edi poeta: ela sua figura potrebbe anche interessare se ne appa¬
rissero piü chiari i moventi psicologiei. La trama della narrazione.
(1) Aus Späthherbstlagen. Manin vox EnxEn Eschessach. Paetel, Berlin, 1901.
(2 Zine Schuld. Roman von W. JExszs. Phil. Reclam, Leipzig. 1901.</Unicode>
            </TextEquiv>
        </TextRegion>
    </Page>
</PcGts>
