3344 4320
124 245 171 317 1
1901 164 2301 238 ——
1460 225 1922 329 box 36/1
187 237 1321 342 Panphlets offprints
1141 893 1735 979 REGENTI RCMANZI TEDESCHI
678 966 2201 1022 inoltre, &troppo intricata; azioni secondarie s’intrecciano alla principale
672 1019 2195 1064 togliendole agilità e chiarezza; talvolta sfuggono all’autore modi ed
680 1079 2200 1132 espressioni che sanno d’arcaico. Migliore mi sembra invece T'altro
683 1117 2189 1180 romanzo dello Jensen: Patria (1). II protagonista neé Maurizio de Pru¬
683 1166 2195 1216 nelles, nato da emigrati francesi, e vissuto a Gelnhausen, cittä ove
676 1217 2198 1271 sembra aleggiare ancora la tradizione feudale tedesca. II libro vuole
683 1268 2200 1321 svolgere il concetto che la patria non é dovuta alla razza ed agli ante¬
681 1327 2199 1380 nati, ma piuttosto agli affetti e alle passioni svoltisi e radicatisi nel
686 1368 2198 1423 Iuogo dove é trascorsa F’infanzia, dove si C amato e sofferto. Appunto
680 1414 2205 1465 le pagine in eui l’autore descrivei pas¬ Pempi infantili, e il lento for¬
677 1464 2202 1523 marsi dell’anima del suo eroe, brillans per pregi maggiori di sempli¬
682 1507 2197 1578 citäe di vivacità; mentre la parte, piu mossa e contrastata, in cui
683 1562 2196 1621 rende conto della lotta psicologica per la quale Maurizio oscilla fra
674 1611 2198 1662 Tentusiasmo per Napoleone, in cui vede impersonata la patria dei suoi
684 1664 2202 1721 padri, e la disperazione per le tristi condizioni della patria adottiva,
686 1710 2196 1762 la Germania, dove vive l’amor suo, ha qualche tocco troppo manie¬
675 1764 1348 1826 rato e pecca di esagerazione.
776 1793 2206 1865 Tale si presenta, sommariamente esaminata, la produzione de'vecchi
775 1896 2191 1971 Ma prima di passare a’ piü giovani. Richard Voss ha il diritto di
682 1956 2198 1998 esser menzionato in questo sguardo alla novella tedesca dell’anno
683 2006 2195 2054 scorso per due brevi lavori (2). Allo scrittore geniale, al soldato va¬
674 2048 2197 2103 loroso, che ama il nostro paese e lo studia e lo ritrae da innamorato
669 2095 2215 2173 con facile ed elegante efficacia, la Nuord Antologia ha già portato il
675 2151 1753 2232 saluto che la singolarissima attività sun merita.
1392 2346 1494 2438 III.
767 2500 2206 2592 Per poche novelle campagnuole (3) é fatto posto in questa rapida
686 2578 2203 2639 rassegna al nome di Wilhelm von Polenz. Ma la simpatica e leale figura
678 2627 2195 2677 di scrittore che trae dalla nobiltà dell’origine e dalla vita di campagna
688 2682 2196 2736 belle e sane qualità d’artista meriterà una volta piü che un fügace
686 2729 2203 2784 accenno. Guglielmo di Polenz ha già al suo attivo varli romanzi, tra
678 2776 2192 2823 cui primeggiano Büttnerbauer, Der Grabenhäger, Tekla Lüdekind, per
677 2823 2194 2881 tralasciare drammi e novelle. II primo dei libri ricordati attesta real¬
681 2875 2202 2934 mente una tempra di romanziere energica, che non deve a nessunole
684 2924 2188 2983 proprie doti, ma attinge dall’osservazione della vita, e da una innata sem¬
686 2974 2191 3036 plicità di espressione, quell’ intima fusione tra il contenutoe la forma
687 3022 2200 3073 che, lontana da qualunque artificio, ottiene il bel risultato di colorito
689 3068 2203 3116 vivace, di rilievo scultorio. Se Büttnerbauerricorda qualcheduno, bisogna
682 3129 2213 3178 che sia il Maupassant delle novelle campagnuole; di quei racconti
681 3160 2197 3237 rapidi e stringenti, le cui pagine vibrano, come palpita nei campi il
688 3219 2200 3280 grano biondo, al soffio del vento. E passano nei libri del Polenz figure
765 3308 1903 3392 (1) Zeimat. Roman von W. JENsEN. Steinitz, Berlin, 1901.
779 3386 1804 3434 (2) Amata, von R. Voss. Bong & C., Stuttgart, 1901.
790 3419 2208 3475 (3) Zuyinsland. Dorfgeschichten von WiuhnEN voN PoLENz. W. Fontane,
674 3460 970 3533 Berlin, 1901.
3149 895 3294 971 RECENI
2665 966 3290 1029 di nobili di campagna, di pi
2669 1020 2916 1085 cui miseria
3088 1022 3305 1093 nte s’aceh
2674 1073 2829 1134 divenil
3234 1117 3278 1180 ia
3114 1113 3158 1173 20
3080 1229 3127 1276 Pre
3211 1222 3293 1277 ide
3208 1273 3294 1330 att
3253 1401 3307 1467 4
3212 1457 3296 1520 a 1
3195 1514 3277 1569 mio
3174 1557 3309 1618 za pei
3138 1612 3292 1669 mania
3142 1658 3292 1721 rghi,
3162 1708 3307 1771 agita
3154 1753 3290 1816 iarie,
3132 1808 3308 1874 un aspe
3087 1851 3308 1912 tioni e lo
3117 1897 3300 1958 liaia e
3121 1947 3301 2012 plici di
3063 1997 3304 2060 avvinte al
3047 2044 3307 2107 tal rimunera
3053 2094 3307 2159 eappunto i
3047 2146 3307 2209 ma questo
2975 2194 3305 2263 ogresso nella ev
2958 2240 3316 2306 e- forse ancora
2905 2289 3310 2356 entre aggiunge de
2685 2296 2768 2411 Nin
2860 2333 3302 2401 vida e profonda dei
2769 2388 3298 2450 Piü vecchio del Polenz,
2696 2438 3304 2503 e Ludovico Ganghofer, che fü
2671 2494 3310 2551 econsacró poil'attività sua all
2668 2530 3308 2598 delle altezze alpine ci parla l'u
2677 2583 3301 2650 ealla poesia del paesaggio si
2675 2631 3305 2697 mento. In fondo, le sue narr
2671 2674 3303 2744 gentili, si somigliano un po'
3037 2722 3312 2793 uovo raccon
2687 2733 3008 2800 perché in ogni
3118 2779 3307 2851 tore che
2888 2831 2987 2888 alche
3134 2828 3305 2895 rimprov
2694 2832 2785 2892 vent
3144 2878 3311 2937 ino ser
2684 2877 2864 2938 mentalis
3156 2916 3315 2993 compie
2688 2925 2978 2991 buono della v
3175 2974 3304 3035 mali
2674 2976 2770 3036 lav
2684 3031 2787 3086 amo
2888 3024 2948 3077 bor
3164 3021 3307 3084 sarà il
2936 3071 3075 3134 olo del
3079 3071 3302 3130 villaggio
2689 3118 3315 3182 Nell idillio il Ganghofer é mag
2669 3166 3316 3233 letta di natale: Das Kusermas
2671 3217 3305 3282 trarre una commedia lirica.
2675 3265 3305 3328 mente uno sfondo poetico e pi
2686 3314 3308 3391 elimprovviso destarsi della
2765 3402 3308 3479 (1) Der Dorjupostel. Ein Hoch
2672 3462 3173 3536 und Co., Stuttgart, 1901.
2771 3791 2824 3870 2
2875 4024 3001 4098 W.
2799 4102 3011 4170 A
