3344 4320
194 3610 344 3663 deputati
1482 296 1950 392 box 36/1
177 302 1336 404 . Panphlets, Offprints
1000 1634 2417 1720 Una rassegna che debba tentar di raccogliere a dati intervalli i tratti
907 1728 2417 1794 generali della produzione letteraria, non é compito facile, II restrin¬
909 1767 2417 1837 gere eil costringere un fenomeno vario, mutevole e continuo, com'é
909 1819 2428 1874 quello della eveluzione del pensiero, in un periodo di tempo ristretto
902 1872 2419 1926 e determinato dal volger di un annata, pud anche sembrar cosa er¬
900 1915 2423 1971 rata ed artificiosa, perché i lineamenti caratteristici di una parte della
910 1958 2429 2019 attività umana si rivelano solo dopo Tattenta osservazione di periodi
911 2009 2424 2071 di tempo piu vasli. Ma quando una letteratura, come quella che debbo
908 2061 2423 2119 oggi prendere in esame, traversa una fase, già ben contrassegnata
913 2099 2430 2168 negli anni precedenti. puo tornare utile il considerare come le opere
912 2160 2432 2229 piü recenti si contengano riguardo alla fase stessa: pertanto esami¬
909 2197 2434 2259 nero sommariamente la letteratura de’ romanzie delle novelle tedesche
916 2245 2435 2306 nel 1901, in rapporto alla lisonomia che la letteratura stessa ha gia
918 2304 1514 2387 assunto da qualche anno.
1002 2521 2423 2574 Tracciando qui, nella Nuord Antologia, il profilo di Ermanno
920 2562 2428 2639 Sudermann (1), esaminando l'ultimo dramma di Gherardo Haupt¬
920 2607 2439 2668 mann (2), e piü specialmente additando al pubblico nostro Arlecchino
913 2659 2431 2731 Re, il singolare lavoro di Rodolfo Lothar (3), ho cercato di accennare
923 2707 2446 2780 alle condizioni in cui si trova la modernissima letteratura novellistica
1012 2792 2440 2870 Stimo superfluo ricordare come ancora gli scrittori di lingua
920 2855 2429 2922 tedesca - salvo qualche indipendente, e il Lothar é tra questi - pos¬
931 2916 1797 2978 sano distinguersi in tre grandi gruppi.
1015 2948 2448 3024 Ecco, primi, gli scrittori della & giovanissima Germania); ad essi
915 3033 2447 3065 il Litzmann rimprovero di trarre il fondo della inspirazione loro dal
914 3048 2435 3115 nervosismo, dall’isterismo: dai quali poi, secondo il temperamento indi¬
933 3114 2440 3176 viduale, si staccano varii tipi letterarii, il cui contenuto e di volta in
929 3162 2442 3213 volta o mistico, o spiritista, o raffinatamente ed egoisticamente ari¬
933 3202 2155 3272 stocratico, o, all’opposto, democratico sino all’anarchia.
1010 3239 2440 3304 Puo dirsi che la &giovanissima Germania abbia inventato tutte
931 3294 2450 3367 queste belle cose? Puo paragonarsi al celebre periodo storico, dello
929 3338 2442 3408 Sturm und Drang? No, quei giovani non hanno scoperto nulla: perché
921 3395 2453 3461 la vita si svolge indipendentemente dalle formule letterarie. Essi hanno
1014 3494 1977 3580 (1) G. MENasei, Nnora Aufoloyia, 16 giugno 1898.
1014 3559 1593 3617 (2) In., Jd., 10 febbraio 1901.
1010 3598 1576 3673 (3) In., Id., 1° agosto 1900.
2752 4147 2994 4226 M
