3344 4320
1498 309 1949 399 box 36/1
155 313 1326 410 1. Panphlets, Offprints
1122 1111 1723 1196 RECENTI ROMANZI TEDESCHI
661 1187 2186 1259 soltanto imposto una forma propria a questo materiale; e alcuni di
657 1241 2193 1290 loro, privilegiati per ingegnoe cultura, dal minerale grezzo han tratto
669 1294 1937 1349 fuori la medaglia d’oro su cui é impressa la loro effigie.
758 1349 2187 1406 Edirei che il moto, che l’insorger di queste forze giovanili, somirilia
670 1396 2186 1453 a quello del secolo xvinl soltanto per questo riguardo, per c la diffe¬
664 1430 2186 1501 renza d’idee che separa di solito i vecchi dai giovani, la generazione
1246 1486 2183 1545 dei padri da quella dei figli, gli uomini
1257 1539 2190 1598 che ricordano da quelli che sentono * (1).
1298 1584 2183 1634 Gli Stürmer und Dränger del secolo XIX
1249 1632 2186 1697 sono nati quasi tutti circa il 1860; la loro
1256 1681 2192 1746 attività artistica comincia a svolgersi dopo
1248 1734 2193 1778 1°85; non insisterö, quindi, su la spiega¬
1260 1792 2187 1848 zione dei caratteri della produzione loro
1260 1842 2181 1895 segnati tanto rigidamente dal Litzmann (2),
1255 1878 2199 1944 essendo cosi recenti le date da chiarire fa¬
1250 1927 2136 1990 cilmente contenuto, formula, indirizzo.
1292 1972 2187 2043 All’ incirca coetanei de’ primi son gli
1263 2032 2194 2088 scrittori del secondo manipolo: se quelli
1250 2078 2186 2139 fan capo a Detlev von Lilienkron e si glo¬
1252 2123 2189 2194 rian de’ nomi del Conrad, del Bleibtreu,
1247 2175 2183 2227 del Conradi, di Arno Holz, e via dicendo,
1245 2224 2185 2291 questi ultimi riconoscono per capi (o almeno
1249 2275 2193 2323 la critica é concorde nel ritenere che la vit¬
1255 2328 2193 2383 toria si affermasse su i loro nomi) Ermanno
755 2342 1161 2413 Gherardo Hauptmann.
1243 2372 2182 2430 Sudermann e il Gherardo Hauptmann della
676 2426 2188 2491 prima maniera. Come anche in Germania si giungesse alla fase natu¬
661 2469 2188 2527 ralista ho accennato nello studio sul Sudermann, ricordato in principio.
676 2521 2187 2582 Qui, il moto doveva aver luogo piu tardi. H romanticismo tedesco, che
660 2586 2202 2610 trae le sue origini da' principii di Schelling e di Fichte, aveva radici
672 2619 1472 2692 troppo estese per essere facilmente
672 2681 1473 2739 smosse da quella filosofia del se¬
676 2715 1466 2778 colo xIx che produsse T’estetica rea¬
670 2769 1471 2829 lista. La reazione fu peró grave ed
669 2819 1465 2879 il naturalismo svolse compiuta la
681 2869 1456 2931 sua formula con rigore di logica:
679 2913 1461 2974 der consequente Naturalismus. Al
675 2954 1466 3026 moto esteso parteciparono forze an¬
672 3018 1453 3079 che piü giovanili: Halbe, Schnitzler,
685 3063 948 3131 Hirschfeld.
766 3100 1476 3180 Ed ecco gli scrittori della terza
669 3168 1468 3219 scuola; dai nati verso il 1860 si
679 3219 1467 3265 giunge a quelli che nacquero dopo
676 3256 1474 3326 che l'’unità della grande patria tede¬
674 3305 1480 3362 sca era un fatto compiuto material¬
675 3340 1487 3417 mente, ed hanno visto entro l’unità
1617 3357 1994 3430 Otto Erich Hartleben.
672 3404 1484 3465 materiale svolgersi, farsi intima e
673 3436 2194 3502 salda J’unità intellettuale. Questi scrittori, e i piü maturiei pin gio¬
685 3514 2189 3565 vani, hanno pin volentieri atteggiato il loro pensiero secondo che sug¬
680 3541 2193 3613 gerivan modernissime correnti artistiche nate oltre i confini della patria;
775 3638 1897 3709 (1) G. MENAsei, Gocthe. Collez. Panth., Barbèra, 1899, p. 40.
771 3692 2195 3762 (2) B. LrrzMANN, Das deutsche Drama in den litterar. Beiregungen d. Gegenwart.
1671 4022 1854 4127 S
3124 1144 3332 1227 RECENTI
2669 1220 3344 1284 esi seno schierati tra i decad
2675 1269 3351 1335 quelle formule avevan compit
2671 1320 3335 1385 Hartleben e Ompteda, Bierbau
2677 1374 3351 1438 si sia interessato a questa tei
2765 1415 3352 1473 Oltre queste categorie, no
2677 1474 3351 1520 e quasi concorde la critica let
2664 1526 3329 1572 numero di scrittori valenti, i
2669 1562 3324 1625 osservazione dell’angolo di tel
2678 1611 3352 1671 condano fin dall’infanzia, il i
2672 1659 3352 1730 quella letteratura paesana, che
2690 1706 3351 1776 del resto, porta nelle sue pagin
2700 1759 2773 1811 n
3072 1756 3352 1822 esso la schi
3211 1808 3351 1869 fermiag
3194 1856 3340 1931 radizi
3175 1930 3350 2014 io della
3205 2003 3352 2064 oni 0
3211 2050 3350 2107 nto d
3207 2091 3351 2162 bell
3244 2139 3352 2219 se ra
3273 2243 3317 2317 el
2672 3124 2777 3183 tual
3184 3176 3352 3244 irruenze
2666 3175 2901 3236 di chi leg
2673 3224 3330 3287 che in Germania si affannano
2675 3269 3344 3343 e impetuoso scuote e fa trema
2765 3322 3351 3386 Troppo rispetto e troppa
2673 3371 3340 3432 perché la critica non gli usi i
2682 3418 3335 3480 Pure bisogna constatare che
2672 3462 3352 3529 volezza generale si avverte legg
2669 3507 3341 3565 L’autore ha voluto imporre a
2676 3561 3339 3634 chi narra é una donna; accad
2761 3649 3351 3740 (1) Frei Geboren. Roman von
2678 3708 2873 3777 zig, 1901.
2911 4168 3275 4250 We
