3392 4384
1471 201 2330 287 —.———
1279 282 1718 377 box 40//1
266 281 1131 395 Bauernfeld-Preis
2450 1264 2577 1330 S
2163 1316 2609 1400 Telephon 12801.
642 1376 1094 1464 Telephon 12801.
1775 1413 2980 1495 Alex. Weigl’'s Unternehmen für Zeifungs-Ausschnitte
262 1471 1465 1541 Alex. Welgl’'s Unternehmen für Zeitungs-Ausschnitte
2682 1469 2946 1556 Ausschnitt
1128 1524 1411 1616 dee Ausschnitt
2035 1486 2700 1628 „OBSERVER“
2770 1524 3052 1623 Nr. 53
509 1566 1183 1686 „OBSLHVEN
1266 1581 1549 1679 Nr. 72
1663 1586 3113 1668 I. österr. behördl. oonc. Bureau für Zeitungsberichte u. Personalnachrichten
187 1676 1578 1738 österr. behördl. conc. Bureau für Zeitungsberichte u. Personalnachrichten
1947 1671 2857 1757 Wien, I., Concondiaplatz 4.
1679 1724 3113 1792 Vertretungen in Berlin, Budapest, Chicago, Genf, London, Nowyork, Paris, Rom.
411 1730 1332 1815 Wien, I., Concondiaplarz 4.
2037 1793 2746 1842 Stockholm, Kristiania, St. Petersburg.
187 1797 1587 1882 Vertretüngen in Berlin, Budapest, Chicago, Genf, London, Newyork, Puris, Rom,
516 1853 1221 1919 Stockholm, Kristiania, St. Petersburg.
1666 1918 2321 2006 Ausschnitt aus:
2317 1914 3033 2051 Figaro, Wien
180 1883 1369 2066 usschnt aus: Mann Nececn
2027 2029 2370 2152 11 4 %
1679 2042 2027 2138 vom: 70
763 2066 1243 2190 Nen ##g
184 2120 395 2217 vom:
455 2189 827 2308 [K 14%
2073 2341 2700 2429 Bözwillige Behauptung.
1864 2395 3025 2466 Die Behauptung, daß sich unsere großen, vaterländischen
1740 2458 3031 2528 Dichter Grillparzer, Raimund und Bauernfeld bei den
1749 2511 3027 2575 heutigen, modernen Schriftstellern nicht der gebührenden
1743 2560 3020 2638 Wertschätzung erfreuen, muß als böswillige Ausstreuung ent¬
1755 2616 2375 2682 schieden zurückgewiesen werden.
1872 2644 3024 2720 Im Gegenteil, gerade jetzt, wo die mit den glorreichen
423 2674 1186 2754 The Christian Socialists of Vienna are!
1741 2703 3024 2771 Namen verbundenen, netten Stiftungen und Preise stets
390 2734 1181 2803 quite beside themselves because thef
1742 2770 3028 2817 nur an die — Würdigsten verliehen werden, sind die alten
384 2764 1181 2844 Bauernfeld prize for dramatists has been
1754 2796 3020 2870 Meister von moderner Seite geradezu Gegenstand be¬
391 2820 1160 2879 given to the Jew, Arthur Schnitzler.
401 2868 1167 2924 Their leader, Pattal, has interpellated
1764 2864 2495 2936 geisterter Verehrung geworden.
387 2886 1228 2991 hche Minister of Publie Education about r.
2908 2900 3048 2968 Porto.
1239 2919 1278 2967 1
2737 2902 2851 2995 50.—
291 2921 1169 3020 50 T this fact, which is the fifth prize grant¬
1246 2931 1577 3026 28.— Ineisstve
1784 2916 1885 3000 200
2722 2957 3062 3030 110.— Zahlber
1388 2983 1551 3027 Porto.
276 2985 1168 3043 100 Led by the Bauernfeld foundation to the
1780 2994 1891 3037 500
2531 2992 2582 3050 „
1245 3004 1342 3053 50.—
2724 2992 3106 3077 200.— im Vornus.
1379 3011 1569 3068 Zahlbar
266 3021 378 3063 200
378 3033 1154 3085 Jew. Pattai calls it an oppression of all
1758 3025 1885 3084 1000
1170 3037 1362 3097 „ 110.—
269 3058 375 3102 500
386 3019 1605 3138 non-Jewish autbors. The Minister did „ 200.—) im Voraus.
1805 3055 3105 3130 Im Gegensatze zu anderen Bureanx für Zeitungsausschnitte ist das
250 3095 372 3148 1000
2713 3099 3109 3162 — auch steht es den
1689 3109 2717 3179 Abonnement durch keine bestimmte Zeitdauer begrenzt;
384 3105 1604 3172 not reply, although he might have said ingsausschnitte ist das
1699 3141 2989 3224 cnnenten frei die aufgegebenen Themen zu ergänzen oder zu ändern.
392 3150 1155 3221 that the Bauernfeld prize is a private
1233 3155 1609 3225 auch stcht es den
189 3181 1484 3276 Abennemer affair, which dees not concern the statej1 oder zu ändern.
193 3219 533 3301 Abonnente # all.
1808 3209 3110 3290 Der „OBSERVER“ veranstaltet täglich einen Auszug enthaltend die
1686 3267 3097 3337 Inhaltsangabe aller wichtigen Mittheilungen der Wiener Morgen¬
287 3273 1598 3348 Der „OBSERVER“ veranstulter lagnen Enen Auszug enthaltend die
1692 3300 3108 3370 blätter (Tagesjonrnale ausser „Neue Freie Presse“ und Wiener Zeitung“)
184 3328 1596 3395 Inhaltsangabe aller wichtigen Mittheilungen der Wiener Morgen¬
1700 3350 3107 3405 wodurch eine Uebersicht über das gesammte politische und wirthschaftliche
192 3365 1607 3439 blätter (Tagesjournale ausser „Neue Freie Presse“ und „Wiener Zeitung")
1705 3384 3113 3447 Leben des In- und Auslandes in drastischer Kürze geboten wird. Diese Mit¬
204 3414 1615 3475 wodurch eine Uebersicht über das gesammte politische und wirthschaftliche
1712 3429 2706 3498 theilungen werden in Wien um 9 Uhr Früh verschickt.
185 3464 1614 3511 Leben des In- und Auslandes in drastischer Kürze geboten wird. Diese Mit¬
205 3489 1208 3557 theilungen werden in Wien um 9 Uhr Früh verschickt.
2015 3507 2780 3593 Pnospecte gratis und fnanco.
510 3575 1287 3658 Prospecte gratis und fnanco.
