3344 4384
1953 116 2301 205 ——
1216 226 1666 324 box 40//1
202 230 376 300 Bau
306 237 1064 345 Wdernfeld-Preis
1604 495 2834 604 Abstammung“ verletzen würde. Man weiß, was das zu be¬
372 541 1603 632 bemerkt die „Bohemia“: „Da die czechischen Mitglieder
1609 560 2829 645 denten hat. Es ist eine Umschreibung des brutalen Grund¬
371 605 1608 674 des Landesausschusses durch leere Redensarten und ver¬
1609 596 2844 701 satzes: „Jnden sind ausgeschlossen.“ Da wird
375 649 1619 728 logene Einwendungen die Vollgiltigkeit der für den deutschen
1613 657 2848 738 dem Jnden das Recht, sich zur deutschen Nationalität zu
378 686 1613 767 Bewerber sprechenden Gründe nicht zu entkräften vermochten,
1622 708 2836 792 bekennen, ohneweiters abgesprochen; da heißt es: „Ind
377 747 1607 831 suchten sie schließlich ihre unüberwindliche Abneigung gegen
1620 738 2844 846 bleibt Ind.“ Nur den Czechen gegenüber rechnet man auch
381 789 1610 889 den Deutschen hinter der gegen den Inden zu verbergen:
1621 793 2842 886 weiterhin auf die Bundesgenossenschaft der Jnden, nament¬
378 854 1619 938 der deutsche Bewerber ist nämlich zufällig jüdischer Con¬
1624 864 2847 937 lich bei den Wahlen. Da sind sogar die Herren Pergelt.
390 889 1613 967 fession. Nun, an der Ehrlichkeit auch dieser Abneigung
1625 896 2848 991 Funke und Götz im Stande, an ihre „deutschen Mit¬
389 960 1615 1035 ist ja bei den fiudalen Herren nicht zu zweifeln; vielleicht
1614 952 2846 1043 bürger jüdischer Confession“ ehrliche deutsche Händedrück¬
385 987 1620 1066 auch nicht bei den jungczechischen Landesausschußbeisitzern tretz¬
1633 999 2856 1086 auszutheilen. Um in Dobrzan den Ring der czechischen Aerzte
386 1035 1632 1119 dem diese eine sogenannte liberale Partei vertreten Aber
1630 1047 2850 1137 zu durchbrechen, um Nikolsburg, Leipnik und Weißkirchen zu
394 1081 1630 1166 in dem vorliegenden Falle ist der Antisemitismus doch wohl
1632 1097 2848 1187 halten, dazu braucht man die Inden. Aber wo man sie nicht
402 1151 1118 1241 nur ein willkommener Vorwand“.
1622 1133 2858 1226 braucht, dort scheut sich auch die Deutsche Fortschrittspartei
1626 1208 2867 1277 nicht mehr, sie die „Inferiorität ihrer Race“ politisch und
511 1174 1626 1276 Wir wollen mit dem Organ des Prager deutschen
405 1253 1619 1338 Casinos nicht darüber disputiren, wie weit der „Zufall“
1628 1263 2292 1356 gesellschaftlich fühlen zu lassen.
1753 1261 2865 1387 Wann werden endlich unsere Glaubensgenossen aus
409 1292 1632 1389 bei dem jüdischen Glaubensbekenntniß des abgewiesenen
1639 1332 2869 1439 diesen demüthigenden Zuständen die einzig richtige Con¬
403 1350 1623 1437 Arztes mitspielt Aber es ergötzt uns baß, mit welcher Ent¬
409 1400 1632 1501 schiedenheit plötzlich das Casinoblatt gegen den Antisemitis¬
1645 1416 1997 1501 sequenz ziehen?
410 1453 1648 1529 mus zu eifern beginnt und daß es ohne Scheu vor den
401 1511 1651 1580 Volklichen und Völkischen die deutsche Nationalität eines
1725 1458 2773 1643 Obit Jahrmarkt des Lebens.
413 1542 1648 1632 Juden mit besonderem Nachdruck betont. So war es nicht
416 1595 1648 1681 immer, ja es ereignet sich heute noch vielfach, daß die
1938 1611 2611 1696 Glossen zur Tagesgeschichte.
417 1641 1652 1726 wackeren Deutschfortschrittlichen uns Jnden unter den
1654 1649 2884 1762 (Die protegirten Inden. — Reiseromane. — Die
420 1685 1656 1773 Linden nicht grüßen wollen. Man erinnere sich doch nur,
1895 1725 2650 1815 Interpellation Dr. Pattai's.)
421 1737 1652 1825 daß die Deutsche Fortschrittspartei im Abgeordnetenhause
1762 1758 2876 1858 Dem armen „Deutschen Volksblatt“ wird es ganz „gelb¬
424 1789 1653 1873 eine förmliche Krise durchmachen mußte, als es sich um die
1646 1824 2884 1918 vor den Augen, wenn es mit ansehen muß, wie alle Welt aus
425 1843 1647 1940 Aufnahme des jüdischen Abgeordneten Rosenzweig handelte,
1652 1863 2883 1948 Toleranz gegen das Judenthum geknechtet und unterdrückt wird.
419 1887 1658 1971 und daß der Abgeordnete Dr. Pergelt, einer der Führer
1663 1907 2883 1988 Schon wieder hat dieses Blatt, das sich aufopfert zur Befreiung
430 1946 1653 2028 der Partei, nur mit Mühe bestimmt werden konnte, zusammen
1662 1923 2890 2039 der Menschheit von den Juden, Gelegenheit, einen „crassen“!
425 1985 1657 2066 mit einem Juden im Club zu verbleiben. Man erinnere sich
1665 2011 2890 2082 Fall zu constatiren, in dem natürlich die Juden es wieder sind,
425 2036 1661 2141 ferner an die Thatsache, daß unter den Auspicien eines
1660 2041 2894 2120 die gegenüber den Nichtjuden protegirt und bevorzugt werden.!
1665 2087 2890 2153 In einem Leitartikel, betitelt „Juden und Deutsche“, citirt das
427 2081 1662 2179 zweiten Führers, des Abgeordneten Dr. Funke, der zu¬
1669 2116 2905 2207 Antisemitenblatt einen Bericht der „Bohemia“ in welchem es##
429 2121 1658 2228 gleich Bürgermeister der „allezeit fortschrittlichen“ Stadt
1672 2178 2891 2256 heißt: Bei Besetzung einer Secundararztstelle in einer böhmischen!
429 2183 1658 2268 Leitmeritz ist, die jüdischen Mitglieder aus der dortigen
1666 2196 2905 2293 —Landesirrenanstatt, die fast nur deutsche Patienten hätte und
438 2222 1667 2316 Frauen=Ortsgruppe des Deutschen Schulvereines hinausge¬#
1677 2245 2899 2348 dabei lauter czechische Aerzte, sei einem deutschen Bewerber ein
438 2276 1665 2363 drängt wurden und daß an den communalen Lehranstalten
1667 2282 2907 2382 czechischer, aber ungünstiger qualificirter vorgezogen worden.
437 2346 1663 2412 der Schulstadt Leitmeritz der Antisemitismus üppig gedeiht.
1667 2350 2904 2416 Vergebens hätten sich dagegen zwei deutsche Londesausschuße
429 2364 1671 2455 Auch daß ein Wanderlehrer des Deutschen Schulvereines
1677 2381 2900 2475 beisitzer gewehrt. Die Bohemia“ kritisirt nun das Vorgehen de¬
444 2420 1674 2509 die Gründung judenreiner Ortsgruppen mit besonderer
1678 2428 2899 2522 czechischen Landesausschußbeisitzers, der dies verfügte, dahin, daß
444 2465 1667 2549 Genugthnung hervorhob, konnte nicht bestritten werden, ob¬
1674 2476 2900 2566 er seine Abneigung gegen den Deutschen hinter der gegen din
1679 2518 2906 2606 Juden, denn ein solcher ist der deutsche Bewerber, zu verbergen
444 2520 1663 2610 wohl an der Spitze dieses auf jüdische Beiträge stark ange¬
1679 2568 2910 2648 gesucht habe. Das „Deutsche Volksblatt“ meint nun, die beiden
450 2553 1679 2665 wiesenen Vereines der „deutschfortschrittliche“ Dr. Weitlof
1674 2612 2900 2690 Beisitzer, die gegen den czechischen Bewerber waren, hätten gleic¬
451 2619 1682 2715 steht. Ein anderer deutschfortschrittlicher Abgeordneter, Doctor
1681 2654 2901 2733 von vorneherein einen deutschen Bewerber aufstellen sollen, dami
453 2673 1669 2748 Götz, läßt es als Bürgermeister von Nikolsburg ruhig ge¬
1688 2693 2901 2781 eine Abweisung aus nationalen Gründen ausgeschlossen sei. Sie
445 2714 1672 2806 schehen, daß die Krankencasse der dortigen Turnerfeuerwehr
1682 2743 2902 2827 hätten es aber nicht gethan, weil er eben ein Jude ist, und
460 2769 1680 2849 die jüdischen Aerzte förmlich boycottirt, obwohl sie unter
1684 2779 2907 2882 einen Juden müsse man protegiren. Es ist wirklich lächerlich
457 2821 1686 2901 der Controle des Stadtrathes steht und von der Gemeinde
1689 2829 2910 2914 anmaßend, wenn ein Organ einer Partei, zu deren stärksten
455 2866 1685 2968 subventionirt wird. So weit man Umschau hält. zeigt sich
1700 2871 2920 2961 Kampfesmittel es gehört, alle politischen Gegner mit roher Rück¬
449 2911 1692 3006 seit Jahrenin-d###tichfortscheittlichen Partei eine duck¬
1686 2915 2924 3006 sichtslosigkeit auf wirthschaftlichem Gebiete zu ruiniren und nur
464 2962 1683 3029 mäuserische Connivenz gegen den Antisemitismus und eine
1691 2959 2911 3050 feilen Anhängern öffentliche Aemter zuzuschanzen, sich erfrecht,
467 3009 1690 3092 feige Verleugnung des Grundsatzes der Gleichberechtigung
1693 3005 2917 3102 eine Behörde der Ungerechtigkeit aus rein confessionellen Gründen
1689 3050 2920 3150 zu zeihen. Kaum ist es kurze Zeit her, seitdem wir die Protec¬
461 3054 1686 3142 gegenüber den Inden im praktischen Leben. Gesell¬
1685 3089 2917 3187 tionswirthschaft der Christlich=Socialen bei der Besetzung von
468 3104 1688 3184 schaftlich haben die Herren sich schon längst die Grund¬
1689 3135 2921 3222 Lehrerstellen an der Hand klar zutageliegender Fälle ins rechte
467 3170 1689 3237 sätze der Herren Schönerer und Wolf angeeignet, aber viel¬
1694 3177 2920 3263 Licht rückten, und nun meint die antisemitische Preßmente den
467 3218 1011 3302 fach auch schon politisch.
1701 3223 2933 3326 erbärmlichen Eindruck, den diese Vorfälle auf alle gebildeten und
585 3255 1689 3343 Es berührt deshalb einigermaßen komisch, wenn das
1702 3266 2928 3355 rechtschaffenen Leute machten, einfach hinwegzutilgen, indem sie.
1696 3314 2926 3396 in jesuitisch entstellter Weise ihren gleichwerthigen Lesern Lügen¬
464 3323 1696 3400 Prager Casinoblatt die Feudalen und Jungczechen aus An¬
459 3369 1688 3438 laß des eingangs geschilderten concreten Falles der Ver¬
1696 3384 2059 3469 berichte auftischt.
459 3419 1694 3498 letzung des Principes der Gleichberechtigung anklagt und
1814 3436 2927 3541 Da erschien jüngst ein Feuilleton in dem edlen Preßorgan,
470 3467 1696 3540 ihnen den Text liest, weil sie den Antisemitismus als Vor¬
1708 3506 2934 3591 das begann: „Es ist wirklich eine Kunst, Reiseromane zu
474 3523 1694 3592 wand gebrauchten. Plötzlich ist in den Augen der Deutsch¬
1704 3546 2927 3637 schreiben.“ Wirklich, welch schöne Wahrheit! Aber, o Welter¬
475 3568 1703 3644 fortschrittler der Jude wieder zum Deutschen avancirt!
1716 3606 2927 3682 fahrer Verggui, worin besteht die Kunst, Reiseromaue abzu
464 3622 1709 3708 Allerdings nur bei einer Gelegenheit, wo es sich
1708 3671 1977 3756 schreiben2.
467 3670 1710 3749 um eine Anstellung durch die Czechen handelt. Bei
466 3712 1711 3777 Anstellungen, welche von Deutschen zu vergeben sind,
1824 3724 2953 3819 Die Christlich=Socialen möchten jetzt den Antisemitismus gern
478 3766 1715 3837 sinkt die Schwärmerei der Herren für die Gleichberechtigung
478 3785 2952 3878 auf den Nullpunkt. Es gibt keine deutsche Gemeinde in auch auf rein literarisches Gebiet verpflanzen. Es mag ihnen vielleicht
1707 3853 2951 3916 unangenehm sein, daß die Juden nicht nur in den übrigen Cultur¬
479 3855 1708 3937 Böhmen, welche bei Concursausschreibungen für Gemeinde
1710 3880 2955 3956 bestrebungen der Neuzeit, sondern auch in der modernen Literatur
479 3892 1710 3995 stellen die staatsgrundgesetzlich gewährleistete Gleichberechti¬
1706 3919 2954 4013 hervorragende Leistungen aufzuweisen haben. Thatsache ist, daß
486 3940 1721 4055 gung nicht durch die Forderung des Nachweises der „deutschen
