3436 4384
1249 352 1699 444 box 40//1
353 370 435 427 I1
241 362 1130 459 Ba rnfeld-Preis
2091 554 2567 639 Telephon 12801.
1723 649 2941 733 Alex. Weigl’s Unterneamen für Zeitungs-Ausschnitte
1970 711 2875 848 „OBSERYER“
2703 740 3003 864 Nr. 89
1599 841 3055 905 I. österr. behördl conc. Bureau für Zeitungsberichte u. Personalnachrichten
1894 904 2806 986 Wien, I., Concondiaplatz 4.
1620 972 3044 1048 Vertretungen in Berlin, Budapest. Chicago, Genf, London, Newyork, P’aris, Rom,
1989 1031 2702 1088 Stockholm, Kristiania, St. Petersburg.
1620 1095 2860 1228 Ausschnitt aus: Destiches Vellablatt, Wien
640 1225 1084 1309 relephon 12801.
1888 1257 2015 1350 #7
1616 1297 1838 1372 vom:
240 1310 1487 1402 Alex. Weigl’s Unternehmen für Zeitungs-Ausschnitte
1159 1365 1422 1461 e Ausschuitt
1692 1372 2799 1501 Theater, Kunst und Literatur.
1258 1418 1543 1521 Nr. 81
511 1425 1187 1533 „OBSEN VER
1696 1488 2831 1584 Die Verleihung des Banernfeld-Preises an Artur
152 1509 1586 1575 L. österr. behördl. oono. Bureau für Zeitungsberichte u. Personalnachrichten
2135 1563 2381 1637 Schnitzler.
411 1577 1332 1650 Wien, I., Concondiaplatz 4.
1714 1594 2840 1699 (Eine Anfrage der Abgeordneten Dr. Pattai
145 1637 1585 1736 Vertretungen in Berlin, Budapest, Chicago, Genf, London, Newyork, Paris, Rom
1716 1653 2832 1745 und Genossen an den Unterrichtsminister.)
511 1694 1236 1757 Stockholm, Kristiania, St. Petersburg.
1784 1705 2823 1789 In der gestrigen Sitzung des Abgeordnetenhauses stellten
1709 1751 2825 1824 die Abgeordneten Dr. Pattai und Genossen folgende An¬
1708 1797 2827 1890 frage an den Minister für Kultus und Unterricht Ritter
151 1828 659 1908 Ausschnitt aus:
1706 1828 2830 1904 v. Hartel betreffend die Zuweisung eines Preises von
705 1799 1433 1950 Haestrirtes Wiener Eatrwagl
1703 1871 2834 1974 2000 K. aus der Bauernfeld=Stiftung an den jüdischen Lite¬
1710 1921 2829 2025 raten Dr. Artur Schnitzler durch das Kuratorium der
1717 1967 2842 2043 Stiftung: Das Kuratorium der Bauernfeld=Stiftung hat
180 1964 631 2059 vom:
1723 2012 2836 2091 in seiner Sitzung vom 16. März 1903, welcher die Mit¬
1729 2051 2824 2154 glieder Minister für Kultus und Unterricht Dr. v. Hartel,
1618 2103 1725 2166 Für
1727 2099 3044 2193 Dr. Alfred Freiherr v. Berger, Professor der deutschen (inelusive
2841 2154 2989 2201 Porto.
1727 2140 2840 2216 Literaturgeschichte an der Wiener Universität Dr. Jakob
1726 2207 3009 2279 Minor und Dr. Edmund Weißl beiwohnten, einstimmig Zahlbar
364 2221 1235 2295 * Der Abg. Dr. Pattai, der auch Hof= und
1646 2222 3051 2335 . 1 beschlossen, aus den Erträgnissen der Bauernfeld=Stiftung im Voraus.
230 2260 1240 2338 Gerichtsadvocat ist und als solcher den gebildeten
1724 2273 3057 2341 einen Preis von 2000 K. dem Literaten Artur Schnitzlere jst das
225 2300 1241 2376 Kreisen angehört, hat mit einigen anderen christlich¬
1617 2318 3062 2397 Abon für seinen Einakterzyklus „Lebendige Stunden“ zu verleihen. scht es den
239 2336 1242 2411 socialen Parteigenossen im Abgeordnetenhause eine
1604 2360 2933 2438 Abon! In dieser Verleihung erblicken die unterzeichneten Abgeord= arn.
229 2382 1238 2458 IInterpellation wegen der Verleihung des
1727 2402 2840 2490 neten eine Verletzung der Rechte der nichtjüdischen Schrift¬
236 2419 1248 2496 Bauernfeld =Preises an den dramatischen
1733 2426 3050 2536 „stellerwelt unsrer Heimat und einen Verstoß gegen den sltend de
237 2454 1247 2529 Schriftsteller Arthur Schnitzler eingebracht. Die
235 2490 1257 2573 Interpellanten erblicken in dieser Verleihung eine
1614 2501 1758 2561 Inhall
1625 2488 3050 2591 dist Sinn und Zweck der Stiftung und die unbegründete Aus-[orgen¬
233 2526 1250 2602 Verletzung der Rechte der „nichtjüdischen Schrift¬
1628 2528 3050 2632 wodur zeichnung eines nicht preiswürdigen Werks, und zwar aus Zeitung")
248 2580 1252 2652 stellerwelt“ und sie fragen den Unterrichtsminister
1615 2578 3058 2681 Leben folgenden Gründen: Das preisgekrönte Werk, die vier Ein= ichaftliche
241 2603 1257 2683 Dr. v. Hartel, wie er als Mitglied des Cura¬
1616 2616 3045 2716 theilmr akter „Lebendige Stunden“, hat weder bei seiner Aufführung [Diese Mit¬
239 2642 1265 2712 toriums der Bauernfeld=Stiftung die abermalige
251 2687 1249 2760 Bevorzugung eines jüdischen Literaten zu recht¬
1747 2697 2883 2772 in Berlin noch bei der durch das Ensemble des Berliner
257 2722 1269 2799 fertigen vermöge. Jede Bemerkung zu dieser Inter¬
1749 2752 2893 2818 Deutschen Theaters im Wiener Carl=Theater noch auch
1378 2766 1580 2824 inclusive
259 2752 1361 2853 pellation ist überflüssig, sie spricht gegen sich selbst.. 15.—
184 2781 252 2858 Fu
1240 2785 1381 2856 28.—
1747 2800 2875 2859 bei der kürzlich im Wiener Deutschen Volkstheater erfolgten,
1401 2817 1554 2859 Porto.
261 2829 420 2872 —4.
1232 2838 1349 2881 50.—
1742 2854 2868 2896 Aufführung eine tiefere Wirkung geübt oder auch nur ober¬
1382 2842 1559 2900 Zahlbar
270 2867 387 2913 200
1221 2875 1367 2920 110.—
1753 2893 2860 2944 flächlich den Eindruck eines Dichterwerks gemacht. Die aus¬
267 2905 382 2949 500
1224 2884 1605 2978 200.—) im Voraus.
912 2899 952 2985 7
1756 2923 2860 2977 drückliche Rangerhöhung desselben durch eine Prämiierung
216 2934 394 3016 " 1000
295 2954 1608 3028 Im Gegensatze zu anderen Bureaux für Zeitungsausschnitte ist das
1751 2968 2859 3038 in Wien muß daher im Ausland die falsche Vorstellung
189 3007 1620 3075 Abonnement durch keine bestimmte Zeitdauer begrenzt; — auch stcht es den
1759 3021 2864 3074 erwecken, als hätte das österreichische Schrifttum tatsächlich
179 3041 1497 3124 Abonnenten frei die aufgegebenen Themen zu ergänzen oder zu ändern.
1756 3054 2859 3122 keine besseren Produkte aufzuweisen als derlei Minder¬
1751 3105 2013 3178 meeligkeiten.
305 3107 1623 3201 Der „OBSERVER“ veranstaltet täglich einen Auszug enthaltend die
1844 3134 2862 3198 Die Meinung des Auslands über die heimische Literatur
177 3188 1606 3239 Inhaltsangabe aller wichtigen Mittheilungen der Wiener Morgen¬
1750 3192 2869 3248 wurde aber durch das Vorgehen des Bauernfeld=Kuratoriums
193 3187 1601 3286 blätter Tagesjournale ausser „Neue Freie l’resse“ und „Wiener Zeitung“)
1749 3218 2866 3285 auch noch in weiterer Hinsicht konsequent irregeführt, da
196 3237 1614 3319 wodurch eine Uebersicht über das gesammte politische und wirthschaftliche
1744 3261 2860 3338 die Preise der Stiftung innerhalb ganz kurzer Zeit einer
199 3283 1622 3357 Leben des In- und Auslandes in drastischer Kürze geboten wird. Diese Mit¬
1751 3318 2859 3374 unverhältnismäßig großen Zahl von jüdischen Literaten
197 3324 1225 3420 theilungen werden in Wien um 9 Uhr Früh verschickt.
1746 3365 2861 3414 zugewiesen wurden, und zwar solchen von untergeordneter
1748 3404 2859 3462 Bedeutung. Es sind dies: Dr. Leo Hirschfeld, (prämiiert
514 3397 1288 3485 Prospecte gratis und fnanco.
1746 3447 2865 3512 für die Komödie „Die Lumpen“, der Erotiker Felix Dör¬
1748 3493 2874 3543 mann (richtig Biedermann) für ein gänzlich verschollenes
1748 3529 2883 3601 Drama „Der Herr von Abadessa“, der Literarhistoriker
1756 3585 2874 3636 Dr. Emil Horner für eine Bauernfeld=Biographie, der
1764 3609 2874 3672 Librettist von Operettentexten Viktor Leon (richtig Hirsch¬
1762 3650 2870 3707 feld) für ein vor langer Zeit gegebenes Stück „Gebildete
1754 3693 2862 3740 Menschen“ und schließlich Artur Schnitzler für die „Leben¬
1750 3736 2864 3787 digen Stunden“ Unter diesen Umständen muß im Ausland
1751 3771 2856 3838 die irrige Anschauung entstehen, daß einerseits die deutsche
1755 3816 2856 3875 Literatur in Oesterreich fast nur von Juden geschrieben
1746 3864 2852 3915 wird, andrerseits ihre Qualität eine äußerst niedrige ist.
1757 3901 2851 3964 Diese unleugbare Bevorzugung jüdischer Literaten durch
1744 3937 2854 3994 das Kuratorium der Bauernfeld=Stiftung bedeutet aber auch
1752 3991 2866 4043 eine Zurücksetzung und die Mitarbeit an der Unterdrückung
1753 4037 2861 4084 der nichtjüdischen Schriftsteller Oesterreichs, die, durch den
1755 4075 2869 4124 Boykott der einflußreichen jüdischen Presse und die Kartelle
1740 4119 2868 4187 der jüdischen Gewerbsliteraten schon an sich in bedrängter,
1750 4163 2857 4222 mitunter trotz ihrer Begabung fast aussichtsloser Lage, ge¬
1744 4196 2861 4245 rade auf die ethische und materielle Förderung durch ähn¬
