<?xml version="1.0" encoding="UTF-8" standalone="yes"?>
<PcGts xmlns="http://schema.primaresearch.org/PAGE/gts/pagecontent/2013-07-15" xmlns:xsi="http://www.w3.org/2001/XMLSchema-instance" xsi:schemaLocation="http://schema.primaresearch.org/PAGE/gts/pagecontent/2013-07-15 http://schema.primaresearch.org/PAGE/gts/pagecontent/2013-07-15/pagecontent.xsd">
    <Metadata>
        <Creator>prov=University of Rostock/Institute of Mathematics/CITlab/Gundram Leifert/gundram.leifert@uni-rostock.de:name=ONB_Newseye_GT_M1+(htr_id=10810)::::v=2.4.2
prov=University of Rostock/Institute of Mathematics/CITlab/Tobias Gruening/tobias.gruening@uni-rostock.de:name=de.uros.citlab.module.baseline2polygon.B2PSeamMultiOriented:v=2.4.2
prov=University of Rostock/Institute of Mathematics/CITlab/Tobias Gruening/tobias.gruening@uni-rostock.de:name=/mnt/transkribus/LA/DEA/URO/LA_news_onb_att.pb:de.uros.citlab.segmentation.CITlab_LA_ML:v=2.4.2
Transkribus</Creator>
        <Created>2019-10-07T20:31:54.486+02:00</Created>
        <LastChange>2019-10-09T06:57:22.291+02:00</LastChange>
        <TranskribusMetadata docId="224440" pageId="9575102" pageNr="80" tsid="16624684" status="IN_PROGRESS" userId="40391" imgUrl="https://files.transkribus.eu/Get?id=QPLWCGHEPNXDAFZWTMTFXUTB&amp;fileType=view" xmlUrl="https://files.transkribus.eu/Get?id=TSEDPSAVFFZJSKXSQAPEBSPE" imageId="6206923"/>
    </Metadata>
    <Page imageFilename="224440_0080.jpeg" imageWidth="3344" imageHeight="4384">
        <ReadingOrder>
            <OrderedGroup id="ro_1711442578522" caption="Regions reading order">
                <RegionRefIndexed index="0" regionRef="r1"/>
            </OrderedGroup>
        </ReadingOrder>
        <TextRegion orientation="0.0" id="r1" custom="readingOrder {index:0;}">
            <Coords points="153,203 153,3336 2992,3336 2992,203"/>
            <TextLine id="r1l1" custom="readingOrder {index:0;}">
                <Coords points="1984,243 2012,251 2046,246 2065,254 2188,245 2188,181 2160,176 2141,195 2124,192 2113,201 2090,198 2054,207 2037,195 1984,207"/>
                <Baseline points="1997,223 2022,224 2047,225 2073,225 2098,224 2124,224 2149,224 2175,223"/>
                <TextEquiv>
                    <Unicode>—</Unicode>
                </TextEquiv>
            </TextLine>
            <TextLine id="r1l2" custom="readingOrder {index:1;}">
                <Coords points="1249,353 1288,367 1333,350 1395,362 1448,336 1501,356 1584,350 1624,364 1707,344 1707,280 1679,291 1663,275 1612,275 1584,294 1562,277 1531,289 1503,275 1456,303 1420,286 1319,292 1249,275"/>
                <Baseline points="1264,339 1289,337 1314,337 1339,336 1365,336 1390,336 1415,336 1441,337 1466,337 1491,338 1516,338 1542,339 1567,339 1592,339 1618,337 1643,336 1668,335 1694,332"/>
                <TextEquiv>
                    <Unicode>box 40/1</Unicode>
                </TextEquiv>
            </TextLine>
            <TextLine id="r1l3" custom="readingOrder {index:2;}">
                <Coords points="244,391 1096,371 1094,306 1010,269 960,304 862,278 776,300 736,273 558,308 242,293"/>
                <Baseline points="258,374 299,374 340,373 381,372 422,372 464,371 505,370 546,369 587,368 628,367 670,365 711,364 752,363 793,362 834,361 876,360 917,359 958,358 999,358 1040,357 1082,357"/>
                <TextEquiv>
                    <Unicode>Bauernfeld-Preis</Unicode>
                </TextEquiv>
            </TextLine>
            <TextLine id="r1l4" custom="readingOrder {index:3;}">
                <Coords points="286,2035 2549,2053 2251,1958 287,1945"/>
                <Baseline points="301,2029 412,2031 524,2033 636,2034 747,2035 859,2036 971,2036 1082,2037 1194,2038 1306,2038 1418,2039 1529,2040 1641,2041 1753,2042 1864,2044 1976,2046 2088,2048 2199,2051 2311,2055 2423,2059 2535,2063"/>
                <TextEquiv>
                    <Unicode>Eine Sitzung des Theater-Censur-Beirathes.</Unicode>
                </TextEquiv>
            </TextLine>
            <TextLine id="r1l5" custom="readingOrder {index:4;}">
                <Coords points="650,2102 2099,2144 2159,2058 650,2071"/>
                <Baseline points="664,2099 738,2099 812,2100 886,2101 960,2101 1034,2102 1108,2103 1182,2104 1256,2105 1330,2106 1404,2107 1478,2108 1552,2109 1626,2110 1700,2110 1774,2111 1848,2111 1922,2111 1996,2111 2070,2111 2144,2111"/>
                <TextEquiv>
                    <Unicode>(Stenographische Aufnahme vom Original-Propheten des Kikeriki.)</Unicode>
                </TextEquiv>
            </TextLine>
            <TextLine id="r1l6" custom="readingOrder {index:5;}">
                <Coords points="219,2162 342,2166 379,2156 387,2165 468,2159 529,2170 531,2117 514,2119 495,2099 487,2107 454,2097 369,2111 345,2094 280,2111 221,2104"/>
                <Baseline points="234,2150 259,2151 285,2151 310,2152 336,2153 362,2154 387,2155 413,2156 439,2157 464,2157 490,2158 516,2159"/>
                <TextEquiv>
                    <Unicode>Personen:</Unicode>
                </TextEquiv>
            </TextLine>
            <TextLine id="r1l7" custom="readingOrder {index:6;}">
                <Coords points="896,2169 1941,2183 1908,2115 896,2130"/>
                <Baseline points="910,2158 960,2158 1011,2159 1062,2160 1113,2161 1164,2162 1215,2163 1266,2164 1317,2165 1368,2165 1419,2166 1469,2167 1520,2168 1571,2168 1622,2169 1673,2169 1724,2170 1775,2170 1826,2170 1877,2170 1928,2169"/>
                <TextEquiv>
                    <Unicode>Hervorbringungen dieser beiden Zierden der deutschen</Unicode>
                </TextEquiv>
            </TextLine>
            <TextLine id="r1l8" custom="readingOrder {index:7;}">
                <Coords points="2016,2159 2057,2188 3005,2193 2975,2126 2885,2150 2746,2122 2016,2134"/>
                <Baseline points="2031,2174 2079,2175 2127,2175 2175,2176 2223,2177 2271,2177 2319,2178 2367,2180 2415,2181 2463,2182 2511,2183 2559,2184 2607,2185 2655,2186 2703,2187 2751,2187 2799,2187 2847,2187 2895,2186 2943,2185 2992,2184"/>
                <TextEquiv>
                    <Unicode>Zopf: Es scheint allerdings so zu sein! Ich habe</Unicode>
                </TextEquiv>
            </TextLine>
            <TextLine id="r1l9" custom="readingOrder {index:8;}">
                <Coords points="138,2207 460,2198 597,2204 644,2230 734,2206 828,2227 829,2152 248,2164 140,2134"/>
                <Baseline points="153,2190 186,2191 219,2192 252,2193 285,2194 318,2194 351,2196 385,2196 418,2197 451,2197 484,2198 517,2199 550,2199 583,2200 617,2200 650,2200 683,2201 716,2201 749,2201 782,2201 816,2201"/>
                <TextEquiv>
                    <Unicode>Verwaltungsbeamter, zugleich Prolog.</Unicode>
                </TextEquiv>
            </TextLine>
            <TextLine id="r1l10" custom="readingOrder {index:9;}">
                <Coords points="904,2208 1734,2240 1918,2232 1950,2174 905,2166"/>
                <Baseline points="918,2198 968,2199 1019,2200 1070,2201 1121,2202 1172,2203 1223,2205 1274,2206 1325,2207 1376,2208 1427,2209 1477,2210 1528,2211 1579,2212 1630,2212 1681,2213 1732,2213 1783,2213 1834,2212 1885,2212 1936,2211"/>
                <TextEquiv>
                    <Unicode>Literatur werden doch über höhere Weisung ohne Censur</Unicode>
                </TextEquiv>
            </TextLine>
            <TextLine id="r1l11" custom="readingOrder {index:10;}">
                <Coords points="1965,2217 2992,2238 2993,2182 1965,2166"/>
                <Baseline points="1978,2210 2028,2211 2078,2213 2128,2214 2178,2215 2228,2216 2278,2218 2328,2219 2378,2220 2428,2222 2479,2223 2529,2224 2579,2225 2629,2225 2679,2226 2729,2226 2779,2227 2829,2227 2879,2226 2929,2226 2980,2225"/>
                <TextEquiv>
                    <Unicode>selbst zufällig Kenntnis von dem Inhäft genommen und</Unicode>
                </TextEquiv>
            </TextLine>
            <TextLine id="r1l12" custom="readingOrder {index:11;}">
                <Coords points="145,2237 176,2254 210,2235 291,2250 330,2236 595,2242 620,2239 621,2203 146,2198"/>
                <Baseline points="160,2231 186,2232 212,2232 238,2233 265,2233 291,2234 317,2234 344,2235 370,2235 396,2236 422,2236 449,2236 475,2236 501,2236 528,2236 554,2236 580,2236 607,2236"/>
                <TextEquiv>
                    <Unicode>her richterlicher Beamter.</Unicode>
                </TextEquiv>
            </TextLine>
            <TextLine id="r1l13" custom="readingOrder {index:12;}">
                <Coords points="903,2255 948,2258 973,2239 990,2254 1389,2255 1423,2245 1424,2209 904,2210"/>
                <Baseline points="918,2238 943,2238 969,2238 995,2238 1021,2238 1046,2238 1072,2239 1098,2240 1124,2240 1150,2241 1175,2242 1201,2243 1227,2243 1253,2244 1279,2245 1304,2245 1330,2245 1356,2245 1382,2244 1408,2243"/>
                <TextEquiv>
                    <Unicode>zur Aufführung zugelassen!</Unicode>
                </TextEquiv>
            </TextLine>
            <TextLine id="r1l14" custom="readingOrder {index:13;}">
                <Coords points="1957,2260 2974,2282 3006,2230 1958,2215"/>
                <Baseline points="1972,2248 2022,2250 2073,2252 2124,2253 2175,2255 2226,2256 2277,2257 2328,2258 2379,2259 2430,2260 2481,2262 2531,2262 2582,2263 2633,2264 2684,2264 2735,2265 2786,2265 2837,2265 2888,2265 2939,2265 2990,2265"/>
                <TextEquiv>
                    <Unicode>kann den Herrn Collegen versichern, daß in diesem Stücke,</Unicode>
                </TextEquiv>
            </TextLine>
            <TextLine id="r1l15" custom="readingOrder {index:14;}">
                <Coords points="171,2292 588,2303 621,2283 719,2303 887,2282 887,2237 755,2245 719,2222 172,2244"/>
                <Baseline points="184,2273 218,2274 253,2275 287,2276 322,2277 356,2277 391,2277 425,2277 460,2277 494,2277 529,2277 563,2277 598,2277 632,2277 667,2277 701,2277 736,2277 770,2278 805,2278 839,2280 874,2281"/>
                <TextEquiv>
                    <Unicode>Jude, Kritiker und literarischer Sach¬</Unicode>
                </TextEquiv>
            </TextLine>
            <TextLine id="r1l16" custom="readingOrder {index:15;}">
                <Coords points="976,2286 1946,2301 1946,2240 1882,2256 1840,2222 1714,2255 1673,2227 977,2256"/>
                <Baseline points="990,2275 1037,2278 1084,2279 1131,2281 1178,2282 1225,2283 1272,2283 1320,2284 1367,2284 1414,2284 1461,2284 1508,2283 1555,2283 1602,2283 1650,2283 1697,2283 1744,2284 1791,2284 1838,2285 1885,2286 1933,2288"/>
                <TextEquiv>
                    <Unicode>Schimmel: Ganz richtig! Laut Geheimerlaß der hohen</Unicode>
                </TextEquiv>
            </TextLine>
            <TextLine id="r1l17" custom="readingOrder {index:16;}">
                <Coords points="1959,2297 3001,2311 2982,2260 1959,2255"/>
                <Baseline points="1974,2288 2024,2289 2075,2291 2125,2293 2176,2294 2227,2296 2277,2297 2328,2298 2378,2299 2429,2300 2480,2301 2530,2302 2581,2303 2631,2303 2682,2304 2733,2304 2783,2304 2834,2304 2884,2304 2935,2303 2986,2303"/>
                <TextEquiv>
                    <Unicode>mit Ausnahme der Lebensmittelverfälschung, so ziemlich</Unicode>
                </TextEquiv>
            </TextLine>
            <TextLine id="r1l18" custom="readingOrder {index:17;}">
                <Coords points="893,2321 1854,2351 1935,2341 1936,2301 894,2273"/>
                <Baseline points="907,2314 957,2316 1008,2318 1059,2319 1109,2321 1160,2322 1211,2323 1261,2324 1312,2324 1363,2325 1414,2325 1464,2326 1515,2326 1566,2326 1616,2326 1667,2326 1718,2326 1768,2327 1819,2327 1870,2328 1921,2328"/>
                <TextEquiv>
                    <Unicode>Statthalterei vom 10. April 1904, Zahl 27843, § 67,</Unicode>
                </TextEquiv>
            </TextLine>
            <TextLine id="r1l19" custom="readingOrder {index:18;}">
                <Coords points="1947,2340 2972,2358 2995,2311 1947,2306"/>
                <Baseline points="1960,2328 2011,2330 2062,2331 2113,2332 2164,2334 2215,2335 2266,2336 2317,2337 2368,2338 2419,2339 2470,2339 2521,2340 2572,2340 2623,2341 2674,2341 2725,2341 2776,2341 2827,2341 2878,2341 2929,2341 2980,2341"/>
                <TextEquiv>
                    <Unicode>alle im Strafgesetz verpönten Handlungen begangen werden.</Unicode>
                </TextEquiv>
            </TextLine>
            <TextLine id="r1l20" custom="readingOrder {index:19;}">
                <Coords points="156,2356 569,2364 594,2384 787,2373 788,2301 688,2296 615,2323 504,2293 428,2319 324,2320 249,2288 157,2297"/>
                <Baseline points="170,2347 200,2348 230,2349 260,2350 290,2351 320,2351 350,2352 381,2353 411,2353 441,2354 471,2354 501,2355 531,2355 561,2356 592,2356 622,2357 652,2357 682,2358 712,2358 742,2359 773,2360"/>
                <TextEquiv>
                    <Unicode>Prophet, Stenograph und Evilog.</Unicode>
                </TextEquiv>
            </TextLine>
            <TextLine id="r1l21" custom="readingOrder {index:20;}">
                <Coords points="903,2368 931,2363 944,2371 953,2363 986,2367 992,2361 1045,2362 1053,2371 1118,2367 1118,2339 1102,2339 1082,2327 1077,2332 1043,2323 1023,2337 1004,2325 993,2331 973,2324 968,2330 957,2321 903,2329"/>
                <Baseline points="918,2353 944,2353 971,2353 997,2354 1024,2354 1050,2355 1077,2356 1104,2357"/>
                <TextEquiv>
                    <Unicode>alinea 3a.</Unicode>
                </TextEquiv>
            </TextLine>
            <TextLine id="r1l22" custom="readingOrder {index:21;}">
                <Coords points="2030,2381 2989,2387 2961,2348 2771,2337 2031,2336"/>
                <Baseline points="2044,2369 2090,2370 2137,2371 2183,2373 2230,2374 2276,2375 2323,2375 2369,2376 2416,2376 2462,2377 2509,2377 2555,2377 2602,2378 2648,2378 2695,2378 2741,2378 2788,2378 2834,2379 2881,2379 2927,2379 2974,2380"/>
                <TextEquiv>
                    <Unicode>Schimmel: Entsetzlich! Ablehnen! Unbedingt ablehnen!</Unicode>
                </TextEquiv>
            </TextLine>
            <TextLine id="r1l23" custom="readingOrder {index:22;}">
                <Coords points="157,2394 275,2405 328,2394 392,2409 409,2393 442,2393 443,2363 406,2368 365,2356 317,2369 292,2357 203,2353 186,2367 175,2355 158,2355"/>
                <Baseline points="172,2391 197,2390 223,2390 248,2391 274,2391 300,2393 325,2393 351,2394 376,2394 402,2393 428,2392"/>
                <TextEquiv>
                    <Unicode>8 Prolog auf):</Unicode>
                </TextEquiv>
            </TextLine>
            <TextLine id="r1l24" custom="readingOrder {index:23;}">
                <Coords points="971,2400 1845,2430 1937,2420 1938,2367 1843,2380 1790,2349 1672,2376 1457,2340 1376,2373 1139,2337 1083,2373 971,2367"/>
                <Baseline points="984,2396 1031,2397 1078,2398 1125,2399 1172,2400 1219,2401 1266,2401 1313,2402 1360,2402 1407,2402 1454,2403 1501,2403 1548,2404 1595,2404 1642,2404 1689,2404 1736,2404 1783,2405 1830,2405 1877,2405 1924,2405"/>
                <TextEquiv>
                    <Unicode>Schmock: Nü, is mer auch recht! Alstern, woderüm</Unicode>
                </TextEquiv>
            </TextLine>
            <TextLine id="r1l25" custom="readingOrder {index:24;}">
                <Coords points="2033,2421 2550,2414 2678,2439 2837,2424 2838,2385 2033,2382"/>
                <Baseline points="2046,2411 2084,2411 2123,2411 2162,2411 2201,2411 2240,2412 2279,2412 2318,2413 2357,2414 2396,2415 2435,2416 2473,2417 2512,2418 2551,2419 2590,2420 2629,2420 2668,2420 2707,2420 2746,2419 2785,2418 2824,2417"/>
                <TextEquiv>
                    <Unicode>Zopf: Was sagen Sie dazu, Herr Schmock?</Unicode>
                </TextEquiv>
            </TextLine>
            <TextLine id="r1l26" custom="readingOrder {index:25;}">
                <Coords points="155,2439 286,2427 348,2444 711,2446 711,2404 669,2410 540,2368 501,2393 384,2405 155,2397"/>
                <Baseline points="170,2429 196,2430 222,2431 249,2431 275,2431 302,2432 328,2432 354,2432 381,2432 407,2431 434,2431 460,2431 486,2431 513,2430 539,2430 566,2430 592,2430 618,2430 645,2430 671,2431 698,2431"/>
                <TextEquiv>
                    <Unicode>zu den vielen Amtsgeschäften,</Unicode>
                </TextEquiv>
            </TextLine>
            <TextLine id="r1l27" custom="readingOrder {index:26;}">
                <Coords points="906,2449 953,2455 992,2439 1099,2443 1107,2452 1138,2443 1152,2452 1191,2436 1213,2439 1214,2405 1130,2399 1046,2412 1035,2400 976,2389 959,2397 907,2377"/>
                <Baseline points="919,2435 944,2434 969,2433 995,2433 1020,2434 1045,2434 1071,2435 1096,2435 1121,2436 1147,2436 1172,2436 1198,2436"/>
                <TextEquiv>
                    <Unicode>handelt es sich?</Unicode>
                </TextEquiv>
            </TextLine>
            <TextLine id="r1l28" custom="readingOrder {index:27;}">
                <Coords points="2028,2448 2994,2478 2995,2414 2028,2412"/>
                <Baseline points="2042,2445 2088,2447 2135,2449 2182,2450 2229,2451 2276,2453 2323,2454 2369,2454 2416,2455 2463,2456 2510,2457 2557,2457 2604,2457 2651,2458 2697,2458 2744,2458 2791,2459 2838,2459 2885,2459 2932,2460 2979,2460"/>
                <TextEquiv>
                    <Unicode>Schmock: Nu, was soll jach sagen? Es hat à Zeit</Unicode>
                </TextEquiv>
            </TextLine>
            <TextLine id="r1l29" custom="readingOrder {index:28;}">
                <Coords points="156,2478 393,2482 407,2468 603,2480 627,2505 712,2481 712,2440 693,2434 659,2447 156,2433"/>
                <Baseline points="169,2468 195,2468 221,2469 248,2469 274,2470 301,2471 327,2471 354,2472 380,2473 407,2473 433,2474 459,2475 486,2475 512,2475 539,2476 565,2476 592,2476 618,2476 645,2475 671,2475 698,2474"/>
                <TextEquiv>
                    <Unicode>beschlafe nach besten Kräßen,</Unicode>
                </TextEquiv>
            </TextLine>
            <TextLine id="r1l30" custom="readingOrder {index:29;}">
                <Coords points="964,2489 1861,2500 1936,2492 1937,2447 1646,2423 1445,2447 1375,2421 964,2447"/>
                <Baseline points="979,2478 1026,2478 1073,2478 1120,2478 1167,2478 1214,2479 1261,2480 1308,2480 1355,2481 1402,2482 1450,2483 1497,2483 1544,2484 1591,2484 1638,2484 1685,2484 1732,2483 1779,2483 1826,2482 1873,2480 1921,2478"/>
                <TextEquiv>
                    <Unicode>Zopf: Zunächst um Schnitzler's „Lebende Stunden“.</Unicode>
                </TextEquiv>
            </TextLine>
            <TextLine id="r1l31" custom="readingOrder {index:30;}">
                <Coords points="1953,2496 2987,2499 2987,2457 2895,2447 1954,2449"/>
                <Baseline points="1966,2489 2016,2489 2066,2489 2117,2490 2167,2490 2218,2491 2268,2492 2318,2493 2369,2494 2419,2495 2470,2496 2520,2496 2570,2498 2621,2498 2671,2499 2722,2500 2772,2500 2822,2500 2873,2500 2923,2499 2974,2499"/>
                <TextEquiv>
                    <Unicode>gegeben, wo mer gehalten hat den Schiller for ä groißen</Unicode>
                </TextEquiv>
            </TextLine>
            <TextLine id="r1l32" custom="readingOrder {index:31;}">
                <Coords points="150,2516 209,2528 226,2511 307,2520 340,2507 617,2521 617,2479 151,2471"/>
                <Baseline points="164,2509 189,2509 215,2509 241,2509 267,2509 292,2509 318,2510 344,2510 370,2511 395,2511 421,2512 447,2512 473,2512 498,2513 524,2513 550,2512 576,2512 602,2511"/>
                <TextEquiv>
                    <Unicode>jetzo noch die Literatur,</Unicode>
                </TextEquiv>
            </TextLine>
            <TextLine id="r1l33" custom="readingOrder {index:32;}">
                <Coords points="976,2525 1484,2551 1940,2529 1915,2487 1728,2478 976,2488"/>
                <Baseline points="989,2510 1035,2512 1082,2515 1129,2516 1176,2518 1223,2520 1269,2521 1316,2522 1363,2523 1410,2523 1457,2523 1503,2524 1550,2524 1597,2524 1644,2524 1691,2524 1737,2524 1784,2524 1831,2525 1878,2525 1925,2526"/>
                <TextEquiv>
                    <Unicode>Schmock: Ae Meisterwerk! Haben S' de Herren ge¬</Unicode>
                </TextEquiv>
            </TextLine>
            <TextLine id="r1l34" custom="readingOrder {index:33;}">
                <Coords points="1954,2534 2982,2556 2974,2502 1955,2492"/>
                <Baseline points="1969,2528 2019,2527 2069,2527 2119,2527 2169,2528 2219,2528 2269,2529 2319,2530 2369,2532 2419,2533 2469,2534 2519,2536 2569,2537 2619,2538 2669,2539 2719,2540 2769,2541 2819,2541 2869,2541 2919,2541 2969,2541"/>
                <TextEquiv>
                    <Unicode>Dichter. Dadrüber sennen wir aber schon lang hinaus,</Unicode>
                </TextEquiv>
            </TextLine>
            <TextLine id="r1l35" custom="readingOrder {index:34;}">
                <Coords points="157,2553 405,2562 459,2548 531,2566 554,2552 598,2573 638,2551 638,2526 585,2511 551,2522 336,2508 303,2521 158,2497"/>
                <Baseline points="172,2545 197,2546 222,2547 247,2548 272,2549 297,2549 322,2549 347,2550 372,2550 398,2550 423,2550 448,2550 473,2550 498,2550 523,2551 548,2551 573,2552 598,2552 624,2554"/>
                <TextEquiv>
                    <Unicode>der Herr Minister will es,</Unicode>
                </TextEquiv>
            </TextLine>
            <TextLine id="r1l36" custom="readingOrder {index:35;}">
                <Coords points="902,2573 929,2576 941,2565 966,2568 977,2563 983,2569 994,2558 1014,2561 1022,2555 1036,2556 1037,2519 1011,2519 994,2530 970,2510 942,2509 930,2515 917,2500 903,2500"/>
                <Baseline points="916,2551 942,2550 969,2550 996,2550 1023,2554"/>
                <TextEquiv>
                    <Unicode>lesen?</Unicode>
                </TextEquiv>
            </TextLine>
            <TextLine id="r1l37" custom="readingOrder {index:36;}">
                <Coords points="1955,2570 2986,2578 2986,2539 1956,2531"/>
                <Baseline points="1970,2565 2020,2565 2070,2565 2120,2565 2170,2566 2220,2567 2270,2568 2320,2569 2370,2571 2420,2573 2471,2574 2521,2576 2571,2577 2621,2578 2671,2578 2721,2579 2771,2579 2821,2578 2871,2577 2921,2574 2972,2572"/>
                <TextEquiv>
                    <Unicode>seitdem die Jüden machen alleinig die National=Literatür</Unicode>
                </TextEquiv>
            </TextLine>
            <TextLine id="r1l38" custom="readingOrder {index:37;}">
                <Coords points="156,2589 279,2604 338,2588 464,2603 615,2591 615,2563 554,2551 531,2562 461,2547 288,2560 157,2550"/>
                <Baseline points="170,2581 195,2584 220,2585 245,2586 271,2587 296,2587 321,2588 347,2588 372,2588 397,2587 422,2587 448,2587 473,2587 498,2587 524,2588 549,2589 574,2589 600,2591"/>
                <TextEquiv>
                    <Unicode>r Beamte, der erfüll' es,</Unicode>
                </TextEquiv>
            </TextLine>
            <TextLine id="r1l39" custom="readingOrder {index:38;}">
                <Coords points="963,2597 1357,2600 1393,2617 1527,2595 1527,2550 1368,2561 1332,2547 1295,2567 1164,2538 1114,2561 1077,2541 1038,2566 963,2563"/>
                <Baseline points="977,2594 1003,2595 1030,2596 1057,2597 1084,2598 1110,2598 1137,2599 1164,2599 1191,2599 1217,2599 1244,2599 1271,2599 1298,2599 1324,2599 1351,2599 1378,2598 1405,2598 1431,2597 1458,2597 1485,2596 1512,2596"/>
                <TextEquiv>
                    <Unicode>Zopf und Schimmel: Nein!</Unicode>
                </TextEquiv>
            </TextLine>
            <TextLine id="r1l40" custom="readingOrder {index:39;}">
                <Coords points="1958,2613 2997,2629 2981,2573 1959,2568"/>
                <Baseline points="1972,2602 2022,2602 2073,2603 2123,2604 2174,2605 2224,2607 2275,2608 2325,2609 2376,2611 2426,2612 2477,2614 2527,2615 2578,2616 2628,2617 2679,2618 2729,2618 2780,2618 2830,2618 2881,2618 2931,2617 2982,2615"/>
                <TextEquiv>
                    <Unicode>für die Daitschen. Und drüm sag jach mit gutem kritischen</Unicode>
                </TextEquiv>
            </TextLine>
            <TextLine id="r1l41" custom="readingOrder {index:40;}">
                <Coords points="151,2636 363,2629 413,2649 444,2630 623,2634 623,2590 486,2591 469,2605 419,2591 338,2587 279,2603 151,2586"/>
                <Baseline points="164,2620 190,2623 216,2624 242,2626 268,2626 294,2627 321,2627 347,2627 373,2627 399,2627 425,2627 451,2627 478,2627 504,2627 530,2627 556,2627 582,2627 609,2628"/>
                <TextEquiv>
                    <Unicode>davon auch keine Spur!</Unicode>
                </TextEquiv>
            </TextLine>
            <TextLine id="r1l42" custom="readingOrder {index:41;}">
                <Coords points="972,2635 1930,2653 1930,2605 1799,2587 972,2605"/>
                <Baseline points="985,2632 1031,2633 1078,2635 1124,2636 1171,2638 1217,2638 1264,2639 1310,2639 1357,2639 1403,2639 1450,2639 1496,2639 1543,2639 1589,2639 1636,2639 1682,2639 1729,2639 1775,2640 1822,2640 1868,2641 1915,2642"/>
                <TextEquiv>
                    <Unicode>Schimmel: Aber wenn es der Herr Schmock sagt, der</Unicode>
                </TextEquiv>
            </TextLine>
            <TextLine id="r1l43" custom="readingOrder {index:42;}">
                <Coords points="1953,2648 2986,2675 2987,2616 1954,2609"/>
                <Baseline points="1966,2643 2016,2643 2066,2643 2117,2643 2167,2644 2217,2645 2268,2646 2318,2647 2368,2648 2419,2650 2469,2651 2519,2652 2570,2653 2620,2654 2670,2655 2721,2656 2771,2657 2821,2657 2872,2657 2922,2657 2973,2657"/>
                <TextEquiv>
                    <Unicode>Gewissen: Lehnen mer's ab! Mer hoben genug bessere</Unicode>
                </TextEquiv>
            </TextLine>
            <TextLine id="r1l44" custom="readingOrder {index:43;}">
                <Coords points="155,2675 692,2669 692,2627 656,2618 605,2637 156,2628"/>
                <Baseline points="168,2663 193,2663 218,2664 244,2664 269,2665 295,2665 320,2665 346,2665 371,2666 397,2666 422,2666 447,2666 473,2666 498,2667 524,2667 549,2667 575,2667 600,2667 626,2667 651,2668 677,2668"/>
                <TextEquiv>
                    <Unicode>orch! Ich höre ein Gebimmel,</Unicode>
                </TextEquiv>
            </TextLine>
            <TextLine id="r1l45" custom="readingOrder {index:44;}">
                <Coords points="900,2685 1800,2696 1903,2691 1943,2644 901,2629"/>
                <Baseline points="914,2672 964,2673 1015,2674 1066,2674 1116,2675 1167,2676 1218,2676 1268,2677 1319,2678 1370,2678 1421,2679 1471,2679 1522,2680 1573,2680 1623,2680 1674,2681 1725,2681 1775,2681 1826,2681 1877,2681 1928,2681"/>
                <TextEquiv>
                    <Unicode>juristisch genommen als Sichverständiger im Sinne der</Unicode>
                </TextEquiv>
            </TextLine>
            <TextLine id="r1l46" custom="readingOrder {index:45;}">
                <Coords points="1957,2709 2010,2709 2060,2688 2429,2689 2429,2653 2404,2650 1957,2650"/>
                <Baseline points="1972,2680 1998,2681 2024,2682 2050,2683 2076,2683 2102,2683 2128,2684 2154,2684 2180,2684 2207,2685 2233,2685 2259,2685 2285,2685 2311,2686 2337,2686 2363,2686 2389,2686 2416,2686"/>
                <TextEquiv>
                    <Unicode>Stück' vün ünsere Leut'!</Unicode>
                </TextEquiv>
            </TextLine>
            <TextLine id="r1l47" custom="readingOrder {index:46;}">
                <Coords points="150,2709 639,2713 712,2737 854,2722 855,2660 559,2681 299,2678 257,2652 151,2668"/>
                <Baseline points="164,2700 197,2701 231,2702 265,2704 299,2705 333,2706 366,2707 400,2707 434,2708 468,2708 502,2709 535,2709 569,2709 603,2709 637,2710 670,2710 704,2710 738,2710 772,2710 806,2710 840,2710"/>
                <TextEquiv>
                    <Unicode>hrahen sich der Schmock, der Schimmel,</Unicode>
                </TextEquiv>
            </TextLine>
            <TextLine id="r1l48" custom="readingOrder {index:47;}">
                <Coords points="891,2720 1942,2732 1942,2701 1850,2681 892,2684"/>
                <Baseline points="906,2709 957,2710 1008,2712 1059,2713 1110,2714 1161,2715 1212,2716 1263,2716 1314,2717 1365,2717 1416,2718 1467,2718 1518,2718 1569,2719 1620,2719 1671,2719 1722,2720 1773,2721 1824,2721 1875,2722 1927,2723"/>
                <TextEquiv>
                    <Unicode>analogen Bestimmung der Strafproceß=Ordnung maß¬</Unicode>
                </TextEquiv>
            </TextLine>
            <TextLine id="r1l49" custom="readingOrder {index:48;}">
                <Coords points="2015,2729 2937,2746 2983,2694 2555,2668 2513,2698 2016,2701"/>
                <Baseline points="2030,2725 2079,2724 2128,2725 2178,2725 2227,2726 2277,2727 2326,2728 2375,2730 2425,2731 2474,2733 2524,2734 2573,2735 2623,2736 2672,2737 2721,2737 2771,2737 2820,2737 2870,2737 2919,2735 2969,2733"/>
                <TextEquiv>
                    <Unicode>Zopf: Also einstimmig abgelehnt! Ich beglückwünsche</Unicode>
                </TextEquiv>
            </TextLine>
            <TextLine id="r1l50" custom="readingOrder {index:49;}">
                <Coords points="163,2754 252,2746 311,2761 400,2745 467,2757 498,2743 554,2761 635,2745 635,2720 596,2714 163,2712"/>
                <Baseline points="177,2746 203,2745 229,2743 255,2743 281,2742 307,2742 333,2743 359,2743 385,2744 412,2744 438,2745 464,2746 490,2747 516,2747 542,2747 568,2747 594,2747 621,2747"/>
                <TextEquiv>
                    <Unicode>g braucht es nicht voran.</Unicode>
                </TextEquiv>
            </TextLine>
            <TextLine id="r1l51" custom="readingOrder {index:50;}">
                <Coords points="901,2770 990,2755 1269,2767 1314,2751 1390,2755 1390,2724 1320,2717 901,2717"/>
                <Baseline points="916,2749 941,2748 967,2747 992,2747 1018,2747 1043,2747 1069,2748 1094,2749 1120,2750 1146,2750 1171,2751 1197,2752 1222,2752 1248,2753 1273,2753 1299,2753 1324,2752 1350,2751 1376,2750"/>
                <TextEquiv>
                    <Unicode>gebendes Urtheil besitzt —</Unicode>
                </TextEquiv>
            </TextLine>
            <TextLine id="r1l52" custom="readingOrder {index:51;}">
                <Coords points="1944,2769 2983,2797 2981,2729 1945,2719"/>
                <Baseline points="1959,2760 2009,2760 2060,2761 2110,2762 2161,2763 2211,2764 2262,2766 2312,2767 2363,2769 2413,2770 2464,2771 2514,2772 2565,2774 2615,2775 2666,2775 2716,2776 2767,2776 2817,2776 2868,2776 2918,2775 2969,2773"/>
                <TextEquiv>
                    <Unicode>die Herren zu dem schönen und für die Erhaltung des</Unicode>
                </TextEquiv>
            </TextLine>
            <TextLine id="r1l53" custom="readingOrder {index:52;}">
                <Coords points="151,2792 229,2779 243,2793 402,2786 433,2803 503,2787 614,2797 654,2780 654,2752 618,2746 151,2748"/>
                <Baseline points="166,2781 192,2781 218,2782 245,2782 271,2782 297,2783 324,2783 350,2783 376,2784 403,2784 429,2784 455,2784 482,2784 508,2784 534,2785 561,2785 587,2785 613,2785 640,2786"/>
                <TextEquiv>
                    <Unicode>nen sind wir! Fanget an!</Unicode>
                </TextEquiv>
            </TextLine>
            <TextLine id="r1l54" custom="readingOrder {index:53;}">
                <Coords points="965,2792 1398,2818 1468,2791 1926,2801 1926,2745 1772,2736 1661,2764 1585,2738 965,2753"/>
                <Baseline points="978,2789 1024,2791 1071,2792 1118,2792 1164,2793 1211,2794 1258,2794 1304,2794 1351,2794 1398,2794 1445,2794 1491,2794 1538,2793 1585,2793 1631,2793 1678,2793 1725,2794 1771,2794 1818,2795 1865,2796 1912,2797"/>
                <TextEquiv>
                    <Unicode>Schmack: Hot der Schnitzler doch dafor bekümmen den</Unicode>
                </TextEquiv>
            </TextLine>
            <TextLine id="r1l55" custom="readingOrder {index:54;}">
                <Coords points="1951,2804 2979,2836 2980,2772 1952,2767"/>
                <Baseline points="1966,2797 2016,2798 2066,2799 2116,2800 2166,2801 2216,2802 2266,2803 2316,2805 2366,2806 2416,2807 2466,2809 2516,2810 2566,2811 2616,2812 2666,2813 2716,2814 2766,2815 2816,2815 2866,2815 2916,2815 2966,2814"/>
                <TextEquiv>
                    <Unicode>Staates Oesterreich so fruchtbaren Verlauf der heutigen</Unicode>
                </TextEquiv>
            </TextLine>
            <TextLine id="r1l56" custom="readingOrder {index:55;}">
                <Coords points="156,2829 821,2840 885,2832 886,2787 156,2784"/>
                <Baseline points="169,2820 204,2821 239,2821 274,2822 309,2823 344,2823 379,2824 415,2824 450,2824 485,2824 520,2824 555,2825 590,2825 625,2825 661,2825 696,2825 731,2825 766,2826 801,2826 836,2827 872,2827"/>
                <TextEquiv>
                    <Unicode>! Nachdem ich im Drange der Geschäfte</Unicode>
                </TextEquiv>
            </TextLine>
            <TextLine id="r1l57" custom="readingOrder {index:56;}">
                <Coords points="892,2840 1839,2855 1925,2842 1926,2801 892,2784"/>
                <Baseline points="906,2822 956,2825 1006,2827 1056,2829 1107,2831 1157,2832 1207,2833 1258,2834 1308,2835 1358,2835 1409,2836 1459,2836 1509,2836 1559,2836 1610,2836 1660,2836 1710,2836 1761,2836 1811,2836 1861,2836 1912,2836"/>
                <TextEquiv>
                    <Unicode>Bauernfeld=Preis von der groißen Commission, in der</Unicode>
                </TextEquiv>
            </TextLine>
            <TextLine id="r1l58" custom="readingOrder {index:57;}">
                <Coords points="1945,2861 1979,2870 2029,2848 2113,2843 2236,2859 2270,2845 2440,2850 2440,2816 2354,2804 1946,2813"/>
                <Baseline points="1960,2839 1985,2839 2011,2839 2037,2839 2063,2839 2089,2840 2115,2840 2141,2840 2167,2841 2193,2841 2218,2842 2244,2842 2270,2842 2296,2843 2322,2843 2348,2843 2374,2843 2400,2843 2426,2843"/>
                <TextEquiv>
                    <Unicode>Sitzung. Meine Herren —</Unicode>
                </TextEquiv>
            </TextLine>
            <TextLine id="r1l59" custom="readingOrder {index:58;}">
                <Coords points="151,2861 857,2879 878,2835 151,2827"/>
                <Baseline points="166,2860 200,2861 235,2861 270,2862 305,2862 340,2863 375,2863 410,2864 445,2864 480,2865 515,2865 549,2865 584,2866 619,2866 654,2867 689,2868 724,2868 759,2869 794,2870 829,2870 864,2871"/>
                <TextEquiv>
                    <Unicode>neun Monaten, drei Tagen keine Sitzung</Unicode>
                </TextEquiv>
            </TextLine>
            <TextLine id="r1l60" custom="readingOrder {index:59;}">
                <Coords points="890,2877 1722,2886 1781,2870 1782,2822 890,2835"/>
                <Baseline points="904,2864 947,2866 990,2868 1033,2870 1076,2871 1119,2872 1162,2873 1206,2874 1249,2875 1292,2875 1335,2876 1378,2876 1421,2876 1464,2877 1508,2877 1551,2877 1594,2876 1637,2876 1680,2876 1723,2875 1767,2875"/>
                <TextEquiv>
                    <Unicode>auch gesessen ist der Herr Minister Hartelleben!</Unicode>
                </TextEquiv>
            </TextLine>
            <TextLine id="r1l61" custom="readingOrder {index:60;}">
                <Coords points="2015,2885 2962,2901 2983,2831 2016,2846"/>
                <Baseline points="2030,2879 2079,2879 2128,2880 2178,2881 2227,2882 2277,2883 2326,2885 2375,2886 2425,2887 2474,2888 2524,2889 2573,2890 2623,2891 2672,2891 2721,2891 2771,2891 2820,2891 2870,2890 2919,2888 2969,2887"/>
                <TextEquiv>
                    <Unicode>Schimmel: Bitte, wir haben die Hauptsache ver¬</Unicode>
                </TextEquiv>
            </TextLine>
            <TextLine id="r1l62" custom="readingOrder {index:61;}">
                <Coords points="156,2910 885,2910 885,2871 156,2862"/>
                <Baseline points="170,2897 205,2898 240,2899 275,2900 310,2901 345,2901 380,2902 415,2902 450,2903 485,2903 521,2903 556,2903 591,2903 626,2903 661,2903 696,2903 731,2903 766,2904 801,2904 836,2904 872,2904"/>
                <TextEquiv>
                    <Unicode>sind wir endlich heute in der Lage, wieder</Unicode>
                </TextEquiv>
            </TextLine>
            <TextLine id="r1l63" custom="readingOrder {index:62;}">
                <Coords points="959,2914 1867,2932 1926,2915 1926,2870 1853,2856 1792,2895 1761,2870 959,2881"/>
                <Baseline points="972,2906 1019,2908 1066,2910 1113,2911 1160,2912 1207,2913 1254,2914 1301,2915 1348,2915 1395,2915 1442,2915 1489,2915 1536,2915 1583,2914 1630,2914 1677,2914 1724,2913 1771,2913 1818,2913 1865,2912 1913,2912"/>
                <TextEquiv>
                    <Unicode>Zopf und Schimmel: Der Herr Minister! Da müßte</Unicode>
                </TextEquiv>
            </TextLine>
            <TextLine id="r1l64" custom="readingOrder {index:63;}">
                <Coords points="1951,2937 2962,2945 2983,2875 2695,2904 1952,2881"/>
                <Baseline points="1966,2921 2016,2920 2066,2920 2116,2920 2166,2920 2216,2920 2266,2921 2316,2922 2366,2924 2416,2925 2467,2926 2517,2928 2567,2929 2617,2930 2667,2931 2717,2932 2767,2932 2817,2932 2867,2932 2917,2931 2968,2930"/>
                <TextEquiv>
                    <Unicode>gessen, nämlich das heutige Protokoll zu unterschreibent</Unicode>
                </TextEquiv>
            </TextLine>
            <TextLine id="r1l65" custom="readingOrder {index:64;}">
                <Coords points="143,2945 716,2940 872,2961 873,2910 144,2904"/>
                <Baseline points="156,2938 191,2939 226,2939 261,2940 296,2940 331,2941 366,2941 401,2942 436,2942 471,2943 507,2943 542,2943 577,2944 612,2944 647,2944 682,2944 717,2943 752,2943 787,2942 822,2941 858,2940"/>
                <TextEquiv>
                    <Unicode>nsten Pflicht Genüge leisten zu können.</Unicode>
                </TextEquiv>
            </TextLine>
            <TextLine id="r1l66" custom="readingOrder {index:65;}">
                <Coords points="891,2946 1357,2972 1939,2946 1919,2918 891,2901"/>
                <Baseline points="906,2942 959,2944 1013,2946 1066,2947 1120,2949 1174,2950 1227,2951 1281,2951 1335,2951 1388,2951 1442,2952 1495,2952 1549,2951 1603,2951 1656,2952 1710,2952 1764,2952 1817,2952 1871,2953 1925,2954"/>
                <TextEquiv>
                    <Unicode>man ja der reinste Anarchist — die Herren verzeihen das</Unicode>
                </TextEquiv>
            </TextLine>
            <TextLine id="r1l67" custom="readingOrder {index:66;}">
                <Coords points="2026,2975 2802,3000 2892,2974 2987,3001 2969,2928 2027,2925"/>
                <Baseline points="2040,2957 2086,2957 2133,2958 2180,2959 2226,2960 2273,2961 2320,2962 2366,2963 2413,2964 2460,2965 2507,2966 2553,2967 2600,2968 2647,2969 2693,2970 2740,2970 2787,2971 2833,2971 2880,2971 2927,2971 2974,2971"/>
                <TextEquiv>
                    <Unicode>Zopf: Sehr richtig! (Unterschreibt gleich den Uebrigen</Unicode>
                </TextEquiv>
            </TextLine>
            <TextLine id="r1l68" custom="readingOrder {index:67;}">
                <Coords points="155,2992 820,2996 870,2982 870,2943 155,2948"/>
                <Baseline points="169,2979 203,2979 237,2980 272,2980 306,2980 341,2981 375,2981 409,2982 444,2982 478,2982 513,2983 547,2983 581,2983 616,2983 650,2983 685,2983 719,2982 753,2981 788,2980 822,2979 857,2977"/>
                <TextEquiv>
                    <Unicode>ung blieben 843 eingereichte Stücke vor¬</Unicode>
                </TextEquiv>
            </TextLine>
            <TextLine id="r1l69" custom="readingOrder {index:68;}">
                <Coords points="895,2988 1683,2988 1878,3019 1928,3011 1929,2952 895,2949"/>
                <Baseline points="910,2980 960,2982 1010,2984 1060,2986 1110,2987 1161,2988 1211,2989 1261,2990 1311,2990 1361,2991 1412,2991 1462,2991 1512,2991 1562,2991 1612,2992 1663,2992 1713,2992 1763,2993 1813,2993 1863,2994 1914,2995"/>
                <TextEquiv>
                    <Unicode>schreckliche Wort! — sein, eine gegentheilige Meinung zu</Unicode>
                </TextEquiv>
            </TextLine>
            <TextLine id="r1l70" custom="readingOrder {index:69;}">
                <Coords points="1939,3005 2003,3017 2034,2994 2126,3015 2201,3001 2277,3016 2291,3002 2310,3005 2310,2977 2277,2965 2263,2974 2246,2962 2065,2964 2028,2944 1989,2966 1939,2969"/>
                <Baseline points="1952,2998 1978,2998 2004,2998 2031,2998 2057,2998 2084,2998 2110,2998 2137,2998 2163,2998 2190,2998 2216,2999 2243,2999 2269,3000 2296,3002"/>
                <TextEquiv>
                    <Unicode>und empfiehlt sich.)</Unicode>
                </TextEquiv>
            </TextLine>
            <TextLine id="r1l71" custom="readingOrder {index:70;}">
                <Coords points="163,3027 816,3036 869,3028 870,2986 163,2985"/>
                <Baseline points="176,3017 210,3018 244,3019 278,3020 312,3020 346,3021 380,3021 414,3021 448,3022 482,3022 516,3022 550,3022 584,3022 618,3022 652,3022 686,3022 720,3022 754,3022 788,3022 822,3022 856,3022"/>
                <TextEquiv>
                    <Unicode>inzwischen sind noch 697 Stücke einge¬</Unicode>
                </TextEquiv>
            </TextLine>
            <TextLine id="r1l72" custom="readingOrder {index:71;}">
                <Coords points="898,3045 1345,3030 1812,3061 1871,3033 1871,2997 899,2989"/>
                <Baseline points="912,3020 959,3023 1006,3024 1053,3025 1100,3026 1148,3027 1195,3028 1242,3029 1289,3029 1336,3029 1384,3030 1431,3030 1478,3030 1525,3030 1572,3031 1620,3031 1667,3031 1714,3032 1761,3033 1808,3034 1856,3035"/>
                <TextEquiv>
                    <Unicode>haben. Ich beantrage die Zulassung zur Aufführung!</Unicode>
                </TextEquiv>
            </TextLine>
            <TextLine id="r1l73" custom="readingOrder {index:72;}">
                <Coords points="2014,3046 2975,3059 2976,2998 2014,2999"/>
                <Baseline points="2028,3036 2074,3037 2121,3038 2168,3039 2214,3040 2261,3041 2308,3042 2354,3043 2401,3043 2448,3044 2495,3044 2541,3045 2588,3045 2635,3046 2681,3046 2728,3046 2775,3046 2821,3046 2868,3046 2915,3045 2962,3045"/>
                <TextEquiv>
                    <Unicode>Schmock (ruft ihnen nach): Maseltoff, meine Herren</Unicode>
                </TextEquiv>
            </TextLine>
            <TextLine id="r1l74" custom="readingOrder {index:73;}">
                <Coords points="151,3065 886,3081 886,3017 151,3023"/>
                <Baseline points="166,3054 201,3056 236,3058 271,3060 307,3061 342,3062 377,3062 413,3063 448,3063 483,3063 519,3062 554,3062 589,3062 624,3061 660,3061 695,3061 730,3060 766,3060 801,3060 836,3060 872,3061"/>
                <TextEquiv>
                    <Unicode>hnien 1540. Ich glaube im Einverständnis</Unicode>
                </TextEquiv>
            </TextLine>
            <TextLine id="r1l75" custom="readingOrder {index:74;}">
                <Coords points="962,3068 1126,3078 1177,3062 1213,3079 1439,3073 1467,3088 1468,3035 1378,3036 1359,3017 1336,3036 962,3031"/>
                <Baseline points="976,3064 1001,3065 1026,3065 1051,3066 1076,3066 1101,3067 1126,3067 1151,3068 1176,3068 1201,3068 1226,3069 1251,3069 1276,3069 1301,3069 1326,3070 1351,3070 1376,3070 1401,3070 1426,3069 1452,3069"/>
                <TextEquiv>
                    <Unicode>Schimmel: Angenommen!</Unicode>
                </TextEquiv>
            </TextLine>
            <TextLine id="r1l76" custom="readingOrder {index:75;}">
                <Coords points="1946,3081 2828,3116 2987,3102 2988,3043 1946,3041"/>
                <Baseline points="1959,3074 2009,3074 2060,3075 2111,3076 2162,3077 2213,3078 2263,3079 2314,3080 2365,3081 2416,3082 2467,3084 2517,3084 2568,3085 2619,3086 2670,3087 2721,3087 2771,3087 2822,3087 2873,3087 2924,3087 2975,3086"/>
                <TextEquiv>
                    <Unicode>(Vergnügt:) Jach hab's doch immer gesagt, der Erlaß vümi</Unicode>
                </TextEquiv>
            </TextLine>
            <TextLine id="r1l77" custom="readingOrder {index:76;}">
                <Coords points="167,3097 829,3115 890,3105 891,3057 723,3078 167,3067"/>
                <Baseline points="180,3093 214,3094 249,3095 284,3096 319,3097 354,3098 388,3099 423,3100 458,3100 493,3101 528,3102 562,3102 597,3102 632,3102 667,3102 702,3102 736,3102 771,3101 806,3101 841,3100 876,3099"/>
                <TextEquiv>
                    <Unicode>handeln, wenn ich für heute zwei ältere</Unicode>
                </TextEquiv>
            </TextLine>
            <TextLine id="r1l78" custom="readingOrder {index:77;}">
                <Coords points="961,3111 1704,3118 1749,3107 1749,3046 1609,3048 1564,3073 1520,3045 1455,3076 961,3069"/>
                <Baseline points="975,3105 1013,3105 1051,3105 1089,3106 1127,3106 1165,3107 1203,3108 1241,3108 1279,3109 1317,3109 1355,3110 1393,3110 1431,3110 1469,3110 1507,3110 1545,3110 1583,3109 1621,3108 1659,3106 1697,3104 1735,3102"/>
                <TextEquiv>
                    <Unicode>Schmock: Werd einstimmig angenümmen!</Unicode>
                </TextEquiv>
            </TextLine>
            <TextLine id="r1l79" custom="readingOrder {index:78;}">
                <Coords points="1943,3136 2144,3146 2276,3118 2720,3136 2721,3089 1944,3077"/>
                <Baseline points="1958,3112 1995,3112 2032,3112 2070,3112 2107,3113 2145,3114 2182,3115 2219,3116 2257,3117 2294,3119 2332,3121 2369,3122 2406,3123 2444,3124 2481,3125 2519,3125 2556,3125 2593,3125 2631,3125 2668,3123 2706,3122"/>
                <TextEquiv>
                    <Unicode>Koerberleben is ä wohrer Segen for üns!</Unicode>
                </TextEquiv>
            </TextLine>
            <TextLine id="r1l80" custom="readingOrder {index:79;}">
                <Coords points="159,3147 877,3160 877,3115 843,3109 159,3099"/>
                <Baseline points="172,3134 206,3135 241,3136 275,3137 310,3137 345,3138 379,3138 414,3139 448,3139 483,3139 518,3140 552,3140 587,3140 621,3140 656,3140 691,3140 725,3140 760,3140 794,3139 829,3139 864,3139"/>
                <TextEquiv>
                    <Unicode>hug vorschlage und die verbleibenden</Unicode>
                </TextEquiv>
            </TextLine>
            <TextLine id="r1l81" custom="readingOrder {index:80;}">
                <Coords points="973,3147 1937,3164 1937,3117 1806,3099 973,3113"/>
                <Baseline points="986,3140 1032,3142 1079,3144 1126,3145 1173,3146 1220,3147 1266,3148 1313,3149 1360,3149 1407,3149 1454,3150 1500,3150 1547,3150 1594,3150 1641,3150 1688,3150 1734,3150 1781,3151 1828,3151 1875,3152 1922,3152"/>
                <TextEquiv>
                    <Unicode>Zopf: Dann liegt noch ein Trauerspiel eines gewissen</Unicode>
                </TextEquiv>
            </TextLine>
            <TextLine id="r1l82" custom="readingOrder {index:81;}">
                <Coords points="2229,3161 2628,3174 2684,3158 2685,3135 2545,3131 2531,3117 2475,3136 2464,3124 2422,3135 2408,3121 2355,3132 2277,3119 2229,3136"/>
                <Baseline points="2243,3156 2268,3157 2293,3158 2318,3160 2343,3161 2368,3162 2393,3163 2418,3163 2443,3164 2469,3164 2494,3164 2519,3164 2544,3164 2569,3163 2594,3163 2619,3162 2644,3162 2670,3161"/>
                <TextEquiv>
                    <Unicode>Kisleriai (als Epilog).</Unicode>
                </TextEquiv>
            </TextLine>
            <TextLine id="r1l83" custom="readingOrder {index:82;}">
                <Coords points="156,3179 732,3184 732,3159 612,3138 157,3148"/>
                <Baseline points="170,3173 197,3173 224,3174 252,3175 279,3175 307,3176 334,3176 361,3177 389,3178 416,3178 444,3179 471,3179 498,3179 526,3180 553,3180 581,3180 608,3180 635,3180 663,3180 690,3180 718,3180"/>
                <TextEquiv>
                    <Unicode>hie nächste Gelegenheit reservire.</Unicode>
                </TextEquiv>
            </TextLine>
            <TextLine id="r1l84" custom="readingOrder {index:83;}">
                <Coords points="895,3203 1035,3183 1731,3199 1732,3152 1044,3158 897,3119"/>
                <Baseline points="909,3180 949,3179 989,3179 1030,3179 1070,3180 1110,3181 1151,3181 1191,3182 1231,3183 1272,3185 1312,3186 1352,3187 1393,3188 1433,3189 1473,3189 1514,3190 1554,3190 1594,3190 1635,3189 1675,3188 1716,3186"/>
                <TextEquiv>
                    <Unicode>Schiller unter dem Titel: „Die Räuber“ vor.</Unicode>
                </TextEquiv>
            </TextLine>
            <TextLine id="r1l85" custom="readingOrder {index:84;}">
                <Coords points="2018,3198 2691,3215 2753,3196 2754,3160 2388,3171 2193,3139 2019,3145"/>
                <Baseline points="2033,3192 2068,3192 2103,3193 2138,3194 2174,3194 2209,3195 2244,3197 2279,3197 2315,3198 2350,3199 2385,3200 2420,3201 2456,3201 2491,3202 2526,3203 2561,3203 2597,3203 2632,3203 2667,3202 2702,3202 2738,3200"/>
                <TextEquiv>
                    <Unicode>Solch ein Erlaß, der weniges verspricht,</Unicode>
                </TextEquiv>
            </TextLine>
            <TextLine id="r1l86" custom="readingOrder {index:85;}">
                <Coords points="154,3222 313,3246 486,3222 584,3242 682,3220 727,3251 763,3226 883,3238 883,3188 856,3180 154,3178"/>
                <Baseline points="168,3212 203,3214 238,3216 273,3217 308,3218 343,3219 378,3219 413,3220 448,3220 483,3220 519,3220 554,3220 589,3219 624,3219 659,3219 694,3219 729,3219 764,3219 799,3220 834,3221 870,3222"/>
                <TextEquiv>
                    <Unicode>nen de ßwei Stück vüm Leon oder vüm</Unicode>
                </TextEquiv>
            </TextLine>
            <TextLine id="r1l87" custom="readingOrder {index:86;}">
                <Coords points="970,3230 1624,3246 1725,3220 1937,3250 1937,3186 1857,3168 1482,3203 971,3185"/>
                <Baseline points="984,3217 1031,3219 1078,3220 1125,3222 1172,3223 1219,3224 1266,3225 1313,3226 1360,3227 1407,3228 1454,3229 1501,3229 1548,3229 1595,3230 1642,3230 1689,3230 1736,3230 1783,3229 1830,3229 1877,3229 1924,3228"/>
                <TextEquiv>
                    <Unicode>Schimmel (sehr mißtrauisch): Darin wird doch nicht</Unicode>
                </TextEquiv>
            </TextLine>
            <TextLine id="r1l88" custom="readingOrder {index:87;}">
                <Coords points="2024,3238 2867,3266 2868,3196 2840,3193 2025,3196"/>
                <Baseline points="2038,3233 2078,3233 2119,3234 2160,3235 2201,3236 2242,3237 2283,3238 2323,3238 2364,3239 2405,3240 2446,3240 2487,3241 2528,3241 2569,3242 2609,3242 2650,3243 2691,3243 2732,3243 2773,3243 2814,3243 2855,3242"/>
                <TextEquiv>
                    <Unicode>Der hält, man sieht's, das Wenige auch nicht!</Unicode>
                </TextEquiv>
            </TextLine>
            <TextLine id="r1l89" custom="readingOrder {index:88;}">
                <Coords points="890,3261 1932,3299 1913,3229 890,3219"/>
                <Baseline points="905,3258 955,3260 1006,3261 1057,3262 1107,3264 1158,3264 1209,3265 1259,3266 1310,3266 1361,3267 1412,3267 1462,3267 1513,3268 1564,3268 1614,3268 1665,3268 1716,3269 1766,3269 1817,3269 1868,3270 1919,3270"/>
                <TextEquiv>
                    <Unicode>einer zum Verbrechen des Raubes nach §§ 190 bis 195</Unicode>
                </TextEquiv>
            </TextLine>
            <TextLine id="r1l90" custom="readingOrder {index:89;}">
                <Coords points="2020,3277 2825,3284 2825,3251 2733,3241 2021,3238"/>
                <Baseline points="2034,3274 2072,3275 2111,3276 2150,3276 2189,3277 2228,3277 2267,3278 2306,3278 2345,3278 2384,3278 2423,3278 2461,3279 2500,3279 2539,3279 2578,3279 2617,3280 2656,3280 2695,3280 2734,3281 2773,3282 2812,3283"/>
                <TextEquiv>
                    <Unicode>Das Bess're kommt auf Schlimmes nimmer,</Unicode>
                </TextEquiv>
            </TextLine>
            <TextLine id="r1l91" custom="readingOrder {index:90;}">
                <Coords points="157,3323 423,3295 875,3313 876,3257 767,3239 674,3264 524,3243 395,3261 362,3236 158,3248"/>
                <Baseline points="170,3294 204,3295 239,3296 273,3297 308,3297 342,3298 377,3298 411,3299 446,3299 480,3299 515,3300 550,3300 584,3300 619,3300 653,3300 688,3300 722,3301 757,3301 791,3301 826,3301 861,3302"/>
                <TextEquiv>
                    <Unicode>können Sie so fragen? Die herrlichen</Unicode>
                </TextEquiv>
            </TextLine>
            <TextLine id="r1l92" custom="readingOrder {index:91;}">
                <Coords points="885,3306 1477,3304 1477,3270 885,3261"/>
                <Baseline points="898,3299 926,3300 954,3301 982,3301 1011,3302 1039,3303 1067,3303 1096,3304 1124,3304 1152,3304 1181,3305 1209,3305 1237,3305 1265,3305 1294,3305 1322,3305 1350,3305 1379,3305 1407,3306 1435,3306 1464,3306"/>
                <TextEquiv>
                    <Unicode>des Straf=Gesetzes angeeifert?</Unicode>
                </TextEquiv>
            </TextLine>
            <TextLine id="r1l93" custom="readingOrder {index:92;}">
                <Coords points="2023,3319 2908,3351 2909,3279 2023,3277"/>
                <Baseline points="2037,3318 2079,3317 2122,3316 2165,3315 2208,3314 2251,3313 2293,3313 2336,3313 2379,3313 2422,3314 2465,3314 2507,3315 2550,3316 2593,3316 2636,3317 2679,3319 2721,3320 2764,3322 2807,3323 2850,3325 2893,3326"/>
                <TextEquiv>
                    <Unicode>Im Gegentheil, es wird nur immer schlimmer!..</Unicode>
                </TextEquiv>
            </TextLine>
            <TextEquiv>
                <Unicode>—
box 40/1
Bauernfeld-Preis
Eine Sitzung des Theater-Censur-Beirathes.
(Stenographische Aufnahme vom Original-Propheten des Kikeriki.)
Personen:
Hervorbringungen dieser beiden Zierden der deutschen
Zopf: Es scheint allerdings so zu sein! Ich habe
Verwaltungsbeamter, zugleich Prolog.
Literatur werden doch über höhere Weisung ohne Censur
selbst zufällig Kenntnis von dem Inhäft genommen und
her richterlicher Beamter.
zur Aufführung zugelassen!
kann den Herrn Collegen versichern, daß in diesem Stücke,
Jude, Kritiker und literarischer Sach¬
Schimmel: Ganz richtig! Laut Geheimerlaß der hohen
mit Ausnahme der Lebensmittelverfälschung, so ziemlich
Statthalterei vom 10. April 1904, Zahl 27843, § 67,
alle im Strafgesetz verpönten Handlungen begangen werden.
Prophet, Stenograph und Evilog.
alinea 3a.
Schimmel: Entsetzlich! Ablehnen! Unbedingt ablehnen!
8 Prolog auf):
Schmock: Nü, is mer auch recht! Alstern, woderüm
Zopf: Was sagen Sie dazu, Herr Schmock?
zu den vielen Amtsgeschäften,
handelt es sich?
Schmock: Nu, was soll jach sagen? Es hat à Zeit
beschlafe nach besten Kräßen,
Zopf: Zunächst um Schnitzler's „Lebende Stunden“.
gegeben, wo mer gehalten hat den Schiller for ä groißen
jetzo noch die Literatur,
Schmock: Ae Meisterwerk! Haben S' de Herren ge¬
Dichter. Dadrüber sennen wir aber schon lang hinaus,
der Herr Minister will es,
lesen?
seitdem die Jüden machen alleinig die National=Literatür
r Beamte, der erfüll' es,
Zopf und Schimmel: Nein!
für die Daitschen. Und drüm sag jach mit gutem kritischen
davon auch keine Spur!
Schimmel: Aber wenn es der Herr Schmock sagt, der
Gewissen: Lehnen mer's ab! Mer hoben genug bessere
orch! Ich höre ein Gebimmel,
juristisch genommen als Sichverständiger im Sinne der
Stück' vün ünsere Leut'!
hrahen sich der Schmock, der Schimmel,
analogen Bestimmung der Strafproceß=Ordnung maß¬
Zopf: Also einstimmig abgelehnt! Ich beglückwünsche
g braucht es nicht voran.
gebendes Urtheil besitzt —
die Herren zu dem schönen und für die Erhaltung des
nen sind wir! Fanget an!
Schmack: Hot der Schnitzler doch dafor bekümmen den
Staates Oesterreich so fruchtbaren Verlauf der heutigen
! Nachdem ich im Drange der Geschäfte
Bauernfeld=Preis von der groißen Commission, in der
Sitzung. Meine Herren —
neun Monaten, drei Tagen keine Sitzung
auch gesessen ist der Herr Minister Hartelleben!
Schimmel: Bitte, wir haben die Hauptsache ver¬
sind wir endlich heute in der Lage, wieder
Zopf und Schimmel: Der Herr Minister! Da müßte
gessen, nämlich das heutige Protokoll zu unterschreibent
nsten Pflicht Genüge leisten zu können.
man ja der reinste Anarchist — die Herren verzeihen das
Zopf: Sehr richtig! (Unterschreibt gleich den Uebrigen
ung blieben 843 eingereichte Stücke vor¬
schreckliche Wort! — sein, eine gegentheilige Meinung zu
und empfiehlt sich.)
inzwischen sind noch 697 Stücke einge¬
haben. Ich beantrage die Zulassung zur Aufführung!
Schmock (ruft ihnen nach): Maseltoff, meine Herren
hnien 1540. Ich glaube im Einverständnis
Schimmel: Angenommen!
(Vergnügt:) Jach hab's doch immer gesagt, der Erlaß vümi
handeln, wenn ich für heute zwei ältere
Schmock: Werd einstimmig angenümmen!
Koerberleben is ä wohrer Segen for üns!
hug vorschlage und die verbleibenden
Zopf: Dann liegt noch ein Trauerspiel eines gewissen
Kisleriai (als Epilog).
hie nächste Gelegenheit reservire.
Schiller unter dem Titel: „Die Räuber“ vor.
Solch ein Erlaß, der weniges verspricht,
nen de ßwei Stück vüm Leon oder vüm
Schimmel (sehr mißtrauisch): Darin wird doch nicht
Der hält, man sieht's, das Wenige auch nicht!
einer zum Verbrechen des Raubes nach §§ 190 bis 195
Das Bess're kommt auf Schlimmes nimmer,
können Sie so fragen? Die herrlichen
des Straf=Gesetzes angeeifert?
Im Gegentheil, es wird nur immer schlimmer!..</Unicode>
            </TextEquiv>
        </TextRegion>
    </Page>
</PcGts>
