3392 4384
1901 209 2329 278 ——
1307 199 1730 291 —
1069 213 1171 283 —
1274 291 1710 378 box 40/1
263 309 1107 403 Bauernfeld-Br
439 579 1634 646 schimpft, literarisch hoch über Lessing, der sich mit seinem „Nathan
1651 611 2867 674 und Compagnie uns jene antisemitischen Dichter und Schrift¬
418 632 1630 700 der Weise“ für immer unmöglich gemacht hat. Anders stehl es
1646 654 2869 718 steller namhaft gemacht hätten, deren Producte die Bewunderung
420 687 1628 744 mit dem Dr. Pattai, dem es vermöge seiner akademischen Bil¬
1649 697 2869 758 der deutschen Culturwelt gefunden haben. Notorisch ist, daß auf
416 735 1626 793 dung vollständig klar ist, daß die Bedeutung und die Wirkung
1649 746 2867 802 dem Gebiete des antisemitischen Schriftthums die vollendetste
412 772 1632 828 eines Werkes nur nach dessen eigener Schönheit und eigenem
1648 787 2871 831 Talentlosigkeit sich breit macht, daß in der Anrisemitenpresse
417 818 1634 876 Gedankeninhalt bemessen werden kann. Der süße Wohllaut
1651 831 2876 894 ein Deutsch geschrieben wird, dessen sich jeder Obergymnasiast
415 865 1633 896 und die bezaubernde Schönheit Heine'scher Lieder haben
1649 875 2863 947 schämen würde, und daß dramatische Producte, die von
424 902 1626 964 das deutsche Volk begeistert und entzückt, obgleich der
1650 919 2854 970 einigen antisemitischen Seribenten zusammengekleistert wurden,
425 952 1630 1000 Dichter ein Jude war oder, wie unsere geschmackvollen Feinde
1648 964 2866 1014 als miserable Machwerke, den verdienten Durchfall
421 990 1624 1055 sich so schön ausdrücken, der „bärtigen Nation“ angehörte. Daß
1649 1010 2863 1053 erlitten haben. Der Grund der Unfähigkeit antisemi¬
420 1034 1629 1102 Mendelssohn ein buckliger Jnde war, hat es nicht verhindert,
1652 1045 2857 1107 tischen Literatenthums liegt klar auf der Hand. Auf den
420 1075 1626 1132 daß die vornehmsten Geister des deutschen Volkes ihn verehrten,
1652 1095 2872 1152 Höhen der Dichtkunst weht der reine Hauch menschlich = idealer
421 1127 1630 1182 und in der Geschichte der Philosophie strahlt der Name des
1651 1132 2866 1189 Denkungsart, der die Bacillen des Hasses tödtet. Der Anti¬
406 1179 1632 1227 Jnden Spinoza in unvergänglichem Ruhme. Im Reiche der
1647 1179 2864 1246 semitismus ist eine cultur= und bildungsfeindliche Erscheinung,
411 1214 1627 1272 Wissenschaft und der schönen Künste findet der Glaubenshaß und
1648 1229 2859 1288 und der Einschlag von Bestialität und Dummheit, der ihm
404 1260 1634 1305 der Racenhaß keinen Eingang, und wenn ein mit dem Doctor¬
1652 1261 2863 1338 innewohnt, ist unvereinbar mit dicht erischer Begeisterung und
413 1300 1631 1350 titel ausgestatteter Herr, wie Doctor Pattai, der schlaueste
1642 1306 2122 1374 künstlerischer Schönheit.
411 1356 1636 1403 und geriebenste Advocat von Wien, sich so anstellt, als wären
411 1387 1620 1448 ihm diese bei allen Gebildeten selbstverständlichen Dinge nicht
1764 1413 2859 1488 Der Jndenhaß reicht auch bei den Antisemitenführern nicht
412 1429 1618 1496 bekannt, so ist er genöthigt, Bornirtheit zu heucheln und sich auf
1646 1466 2856 1509 weiter als bis zur eigenen Tasche. Wenn es sich um ihr gutes
401 1484 1622 1539 das niedrige Niveau Derjenigen zu begeben, die in literari he
1641 1510 2863 1574 Geld handelt, schmelzen ihre Grundsätze dahin wie Märzenschnee
405 1527 1621 1571 oder künstlerische Dinge dreinzureden überhaupt nicht befugt
1649 1553 2855 1619 im Sonnenschein. Der fürstliche Führer der Wiener Antisemiten,
407 1573 1617 1617 sind. Die Interpellation war denn auch in einem Styl gehalten,
1650 1598 2858 1665 Prinz Alois Liechtenstein, hat in einer großen Rede, in der
408 1621 1633 1673 als würde es sich um den Krapfenkrieg zwischen Bäcker und
1645 1643 2856 1712 er zum wirthschaftlichen Boycott der Jnden auffordert, ein
407 1659 1632 1718 Conditor, oder um die Berechtigung des Krauteintretens zwischen
1640 1692 2860 1742 köstliches Geständniß abgelegt. Er könne keine Fuhr Holz,
405 1696 1628 1762 Sauerkräutlern und Greislern handeln. Die bodenständigen
1642 1722 2851 1793 kein Stück Vieh, keine Frucht einem Anderen verkaufen als
408 1739 1628 1804 Dichter gegen die sogenannten Fremdlinge in Schutz zu nehmen,
1648 1784 2854 1831 einem Juden, und sogar seine drei Gasthäuser die er auf
401 1790 1627 1836 stellte sich Herr Doctor Pattai an, und allgemeine Heiterkeit er¬
1639 1820 2850 1868 seinen Gütern besitzt, hat er den Juden verpachten müssen. Dieser
407 1832 1627 1876 weckte seine Schilderung der Lage, in der sich angeblich die
1641 1866 2862 1931 limitirte Antisemitismus des langen Alois ist eine überaus köstl'che
411 1872 1618 1940 verschiedenen Dichter befinden, deren Verhältnisse aussichtslose
1647 1909 2860 1971 Erscheinung. Er predigt die Ausschließung der Juden vom commer¬
407 1926 1615 1983 seien, wenn die ausgeschriebenen Preise an jüdische Dichter fallen.
1638 1948 2850 2016 ziellen Verkehr, aber nur den Anderen, er selbst handelt und
399 1979 1619 2024 Daß Herr Doctor Pattai im Rahmen einer Interpellation die
1641 2005 2862 2060 schachert mit ihnen, er vermiethet seine Häuser an Juden, er
408 2003 1618 2069 Leistungen der aus der Bauernfeld=Stiftung prämiirten Dichter
1642 2041 2853 2100 setzt jüdische Wirthe in seine Propinationen. Gar so schlechte Er¬
402 2059 1616 2118 jüdischer Confession als Minderwerthigkeiten hinstellte, das ist
1648 2085 2863 2133 fahrungen kann also Herr Alois mit den Judn denn doch nicht
397 2099 1618 2148 eine jener geschmacklosen Anmaßungen, von welchen das Auftreten
1647 2132 2858 2179 gemacht haben, weil er ja seit vielen Jahren mit ihnen schachert
399 2143 1575 2209 der antisemitischen Parteigrößen täglich neue Beispiele liefert.
1637 2179 2863 2224 und handelt, und es ist nach der Meinung, die er über Juden
527 2207 1619 2278 Was dabei herauskommen werde, das hätte eigentlich Doctor
1647 2215 2853 2281 sonst verbreitet, anzunehmen, daß er an geschäftlicher Gewandt¬
402 2256 1618 2323 Pattai selbst voraussehen und deshalb hätte er die böswillige
1644 2267 2853 2309 heit den jüdischen Roßtäuschern und Branntweinschänkern weit über¬
1638 2310 2854 2350 legen ist, weil er ungeachtet der ihnen von den Antisemiten zugeschrie¬
405 2302 1626 2349 und alberne Interpellation lieber unterlassen sollen. Es ereignete
404 2353 1624 2402 sich nämlich nichts anderes, als eine wohlverdiente Blamage des
1642 2359 2851 2411 beuen Fähigkeiten, alle Anderen zu betrügen, von ihnen nicht über¬
409 2398 1624 2452 Herrn Doctor Pattai. Zunächst hätte er ja wissen können und
1647 2401 2856 2457 vortheilt werden kann. Nun sollte man glauben, daß ein so reicher
411 2441 1625 2499 hat es zweifellos auch gewußt, daß Herr Dector von Hartel
1636 2442 2847 2501 Cavalier, wie der lange Alois, seinen Parteigenossen in der
403 2468 1614 2544 dem Curatorium der Bauernfeld=Stiftung nicht als Unterrichts¬
1646 2485 2848 2545 Selbstverleugnung und in der Hochhaltung ihrer Principien als
405 2523 1624 2582 minister, sondern als Privatmann angehörte. Was Herr Doctor
1638 2525 2856 2563 leuchtendes Beispiel vorangeht. So aber propagirt er nur den
1641 2573 2847 2637 Antisemitismus bei den Anderen. Was ihn selbst betrifft, so zieht
407 2572 1608 2631 v. Hartel thut, geht also den Dr. Pattai keinen Pfifferling an.
406 2616 1612 2665 Was die meritorische Antwort betrifft, so wär ja der Inhali
1632 2626 2843 2684 er es vor, an den Jnden sich zu bereichern, und so wird er sich
405 2661 1610 2720 derselben ebenfalls nicht schwer vorauszusehen. Bei der Aus¬
1636 2663 2851 2703 dann nicht wundern, wenn die Juden seinen langjährigen Ge¬
406 2706 1620 2752 zeichnung von Literaten durch Ehrengaben und Preise war eben
1649 2702 2849 2780 schäftsverkehr mit ihnen als ein glänzendes, wenn auch anti¬
398 2748 1615 2808 nicht der Taufschein, sondern die literarische Leistung maßgebend.
1647 2749 2800 2812 semitisches Zeugniß ihrer kaufmännischen Solidität verbuchen.
405 2794 1628 2831 Sehr richtig sagte der Unterrichtsminister, daß es viel bequemer
2544 2801 2808 2875 Isegrim.
403 2836 1622 2895 wäre, über solche Leistungen nach der Abstammung und nach der
405 2884 1621 2931 Confession der Preisbewerber zu entscheiden, und wenn Herr
404 2926 1626 2967 von Hartel weiter constatirte, daß den fünf in der Interpellation
397 2971 1618 3002 namhaft gemachten Dichtern neunzehn Dichter christlicher Con¬
393 3005 1624 3057 fession gegenübergestellt werden können, so finden wir durchaus
401 3068 1624 3119 nicht, daß der Unterrichtsminister mit dieser Constatirung sich
401 3115 1620 3161 auf das Niveau des Interpellanten gestellt habe. Er hat damit
398 3151 1623 3202 nur dargethan, daß im Hinblick auf die in der Interpellation
393 3194 1625 3230 hervorgekehrten Behauptungen auch jede thatsächliche Grundlage
395 3230 1624 3285 fehle, um sich über die Vertheilung des Bauernfeld=Preises
396 3282 1617 3333 irgendwie zu beklagen. Der Unterrichtsminister sprach von Lite¬
399 3324 1622 3371 raten „mißliebigen Ursprungs“ und da überrascht es uns sehr,
387 3363 1617 3424 wenn ihm auch aus der Wahl dieses Ausdruckes zugemuthet
394 3414 1614 3456 wird, als würde er den antisemitischen Standpunkt der Inter¬
393 3458 1625 3512 pellanten irgendwie berechtigt finden. Es geht aus der Antwort
401 3497 1620 3560 des Ministers klar hervor, daß er von Literaten mißliebigen
402 3545 1622 3608 Ursprungs nur im Sinne der Interpellanten sprach. Den Herrn
403 3589 1618 3628 Dr. Pattai und Genossen mag die jüdische Eigenschaft eines
394 3637 1624 3676 Literaten als mißliebiger Ursprung erscheinen, davon, daß auch
391 3680 1624 3727 der Unterrichtsminister diese Ansicht theilt, ist in seiner Ant¬
401 3724 1622 3777 wort nicht eine Spur zu finden. Herr Dr. v. Hartel erklärte
398 3772 1622 3823 auch, er werde sehr dankbar dafür sein, auf Künstler aufmerk¬
405 3806 1611 3854 sam gemacht zu werden, deren Werke einen unbestreitbaren Vor¬
403 3860 1612 3912 zug vor den anderen verdienen. Die feine Ironie, die in dieser
402 3899 1617 3956 Aufforderung liegt, ist denn doch zu unverkennhar, als daß man
400 3942 1612 3992 auch darin ein Herabsteigen auf das geistig und sittlich tiefe
404 3980 1616 4032 Niveau der Interpellanten erblicken könnte. Im Gegentheil, auch
401 4030 1628 4100 uns Juden hätte es lebhaft interessirt, wenn Herr Dr. Pattai
