3392 4352
405 178 844 241 Eine Interpellation.
189 206 1097 284 In der morgigen Sitzung des Abgeordneten¬
144 265 1098 330 hauses wird Abg. Dr. Pattai eine Inter¬
141 309 1104 364 pellation an den Unterrichtsminister einbringen,
150 354 1104 417 betreffend die Zuweisung eines Preises von K. 2000
145 405 1101 460 aus der Bauernfeld=Stiftung an den,
147 440 1093 512 wie es in der Anfrage heißt, „jüdischen Literaten“
143 491 714 551 Dr. Arthur Schnitzler.
201 514 1109 588 Herr Dr. Pattai verwaltet in der christlich.
158 572 1099 630 socialen Partei das Ressort der schönen Künste.
168 613 1110 673 Es ist nun eine der wichtigsten Functionen seines
157 656 1106 713 Amtes, aufzupassen, ob nicht um Gotteswillen
166 699 1108 761 irgendwo ein Jude Talent hat. Tritt dieser be¬
165 737 1116 803 dauerliche Fall, der sich ja leider nicht verhindern
154 784 1115 843 läßt, dennoch ein dann muß Herr Dr. Pattai
165 820 1121 898 gegen den sanftmütigen Dr. v. Hartel losgehen
158 872 1119 931 und ihm Vorwürfe machen. Sonst hört man aller¬
168 916 1119 976 dings nichts davon, daß Herr Dr. Pattai sich be¬
161 967 1117 1024 sonders viel mit Literatur, Kunst oder Wissen¬
169 993 1122 1062 schaft befasse. Es wird auch nicht von ihm ver¬
162 1041 1119 1113 langt. Seinen Parteigenossen genügt es, daß er
173 1094 1117 1154 mehr von diesen Dingen versteht als Strobach,
170 1129 1119 1197 Schneider oder Bielohlawek. Ob man aber des¬
164 1167 1125 1240 wegen gleich mit dem Unterrichtsminister grob
173 1223 828 1298 sein darf, ist eine andere Frage.
212 1248 1128 1312 Der gute Herr Minister für Cultus und Unter¬
168 1304 1124 1360 richt ist, nebenbei gesagt, an dem Bauernfeld=Preis,
169 1343 1133 1406 den Arthur Schnitzler erhielt, ganz unschuldig.
173 1386 1133 1453 Im Schoße des Curaloriums hat der Baron
178 1436 1127 1497 Berger den diesbezüglichen Antrag gestellt, der
179 1474 1138 1546 Professor Minor und Dr. Edmund Weissel haben
173 1518 1129 1603 zugestimmt, und der Dr. Hartel hat eben dann
174 1563 1130 1623 auch „Ja“ gesagt. Würden aber Strobach und
168 1605 1139 1674 =Schneider im Bauernfeld=Curatorium sitzen, und
186 1647 1147 1716 Dr. Pattai könnte dabei sein, um den Antrag zu
183 1690 1144 1758 stellen, man möge dem Herrn Schwer einen Preis
185 1735 1143 1813 verleihen, dann würde der Herr Unterrichts¬
184 1770 1141 1845 minister — wie wir ihn kennen, und wie alle
193 1826 1006 1894 Welt ihn kennt — auch nicht Nein sagen.
327 1842 1147 1934 hat aber keinen Zweck, mit einem
239 1886 338 1941 Es
260 1909 1145 1983 gutmütigen alten Herrn grob zu sein,
184 1945 1153 2023 der es ohnehin gern allen Recht machen
194 1993 1152 2078 möchte, und der wirklich nichts dafür
188 2032 1147 2107 kann, daß Arthur Schnitzler ungleich mehr Be¬
197 2078 1152 2149 gabung hat als Herr Schwer. Der aber auch
196 2126 1154 2191 kaum dafür verantwortlich gemacht werden kann,
194 2175 1146 2241 daß die Christlichsocialen beim Bauernfeld=Preis
188 2218 817 2292 noch nichts dreinzureden haben.
236 2230 1156 2318 Das aber ist eigentlich der tiefste Schmerz der
198 2296 1159 2358 Christlichsocialen, daß ihr Einfluß noch nicht weit
206 2343 1165 2406 genug reicht, um aus ihren Parteigängern von
202 2395 1168 2447 der Feder Dichterprei, zu verschaffen. Einst¬
196 2423 1165 2502 weilen müssen sie diese Barden noch mit Ge¬
197 2468 1170 2546 meinderatsmandaten abspeisen. Und da sich das
209 2531 1174 2576 Urtheil namhafter Literaturkenner, wie des
197 2559 1163 2629 Baron Berger und des Professor Minor, der
210 2601 1169 2667 christlichsocialen Parteidisciplin nicht beugt,
204 2653 1172 2702 möchten sie die Sache gern selbst in die Hand
207 2690 1168 2747 nehmen. Jahrüber ist ihnen die ganze vater¬
215 2727 1167 2794 ländische Literatur freilich recht gleichgiltig, und
207 2769 1170 2844 sie thun ihrerseits sehr wenig, um junge Talente
212 2816 1170 2884 zu fördern. Wenn die Sache aber praktisch wird,
212 2859 1164 2935 wenn Preisvertheilungen vorgenommen werden
202 2905 1171 2963 und Schwer, Madjerae tutti quanti wieder leer
220 2945 1174 3014 ausgehen, dann wird Herr Dr. Pattai im Auf¬
210 2990 1174 3061 trag der Partei rabiat und blamirt sich im Auf¬
218 3033 1064 3097 trag der Partei mit literarischen Phrasen.
256 3063 1181 3135 Mit Herrn Dr. Pattai über ästhetische Wert¬
222 3113 1181 3184 unterschiede zu streiten, hat keinen Zweck. Und
217 3158 1180 3227 wenn er auf seinem Culturniveau sich genötigt
226 3199 1186 3280 sieht, hinter geistig arbeitende Männer den
219 3246 1185 3311 alten Hepp=Hepp=Ruf anzustimmen, so kann das
222 3291 1190 3367 für sachliche Leute kein Grund sein, dem
226 3340 1186 3410 Herrn ex offo - Interpellanten aufzusitzen
227 3377 1183 3452 und das confessionelle Moment bei künst¬
1084 3421 1184 3479 zu
767 3413 1079 3485 die Debatte
224 3429 677 3500 lerischen Fragen
234 3462 1181 3536 ziehen. Es ist sehr gleichgiltig, ob Arthur
236 3509 1178 3584 Schnitzler als Jude, Türke, Christ oder Heide
230 3556 1186 3621 geboren wurde. Wesentlich bleibt an der Ge¬
226 3598 1189 3672 schichte nur, ob seine „Lebendigen Stunden“ eine
220 3639 1189 3701 Ehrung verdient haben. In dieser Beziehung
223 3685 1189 3745 aber darf man dem Votum unbefangener Fach¬
224 3728 1188 3804 männer, wie Baron Alfred Berger und Professor
229 3785 762 3846 Minor, getrost vertrauen.
273 3799 1187 3879 Für die Christlichsocialen mag es ärgerlich
230 3859 1208 3922 sein, daß sie ihre Communalwirtschaft nicht auch
233 3906 1196 3969 in künstlerischen Angelegenheiten etabliren können.
237 3947 1191 4015 Es ist aber leichter, wenn man schon am Ruder
250 3993 1202 4054 ist, seinen Freunden einträgliche Lieferungen und
241 4038 1204 4101 Verwaltungsstellen zu verschaffen, als ihnen zu
238 4080 1127 4144 Dichterruhm und Ehrenpreisen zu verhelfen.
2073 106 2797 178 uchengneneeammmenuh
1146 153 2049 206 Die Interpellation hat folgenden Wortlant:
2070 153 3002 215 reichen, wirklich förderungsbedürftigen und ver¬
1151 192 2047 260 „Das Curatorium der Bauernfeld¬
2062 189 3009 257 möge ihres Talentes auch würdigen nichtjüdischen
1113 228 2065 297 Stiftung hat in seiner Sitzung vom
2070 240 3002 302 Schriftsteller und angesichts der Verantwortung,
1110 277 2051 339 16. März 1903, welcher die Mitglieder: Minister
2054 280 3015 341 welche die Einhaltung der Zwecke der Bauern¬
1117 318 2062 383 für Cultus und Unterricht Dr. v. Hartel, Dr.
2064 323 3006 397 feld=Stiftung dem Curatorium auferlegt, zu
1105 355 2059 426 Alfred Freiherr v. Berger, Professor der
2067 372 2357 442 rechtfertigen?“
1116 397 2065 469 deutschen Literaturgeschichte an der Wiener Uni¬
2174 410 2921 491 Ein Interview mit Arthur Schnitzler.
1110 435 2069 503 versität Dr. Jacob Minor und Dr. Edmund
2112 453 3018 547 Auf unsere Anfrage theilt uns Herr Doctor
1118 486 2070 562 Weissel beiwo###ten, einstimmig beschlossen,
2063 522 2655 608 Arthur Schnitzler mit:
1119 532 2066 604 aus den Erträgnissen der Bauernfold=Stiftung
2117 548 3009 635 „Lebendige Stunden“ haben im
1124 575 2072 640 einen Preis von 2000 Kronen dei Literaten
2069 603 3025 681 Berliner Deutschen Theater einen sehr starken
1116 626 2067 690 Arthur Schnitzler für seinen Einactercyklus
2070 645 3022 713 Erfolg gehabt, der auch von der ganzen Berliner
1124 661 1831 746 „Lebendige Stunden“ zu verleihen.
2074 698 3028 775 Presse constatirt wurde. Selbst die dortigen
1164 692 2073 767 In dieser Verleihung erblicken die unterzeich¬
2071 729 3032 817 santisemitischen Zeitungen haben sich
1115 748 2062 815 neten Abgeordneten eine Verletzung der Rechte
2070 763 3041 841 anerkennend über die vier Einacter aus¬
1123 788 2069 859 der nichtjüdischen Schriftsteller¬
2077 819 3038 900 gesprochen. „Lebendige Stunden“ sind in Berlin
1127 829 2074 896 welt unserer Heimat und einen Verstoß gegen
2084 872 3028 928 etwa vierzigmal und vom Deutschen
1128 874 2068 939 den Sinn und Zweck der Stiftung und die un¬
2084 900 3021 973 Theater gelegentlich des vorjährigen kurzen Gast¬
1121 914 2067 993 begründete Auszeichnung eines nicht preiswürdi¬
2085 950 3032 1021 spieles in Wien noch weitere zehnmal auf¬
1129 964 2074 1026 gen Werkes, und zwar aus folgenden Gründen:
2084 978 3040 1067 geführt worden. Wer also behauptet, der
1125 1003 2081 1068 Das preisgekrönte Werk, die vier Eingeter „Le¬
2082 1037 3031 1101 Cyklus sei wirkungslos vorüber¬
1128 1045 2058 1115 bendige Stunden“ hat weder bei seiner Auffüh¬
2091 1080 3026 1152 gegangen, der spricht entweder leicht¬
1138 1095 2075 1152 rung in Berlin noch bei der durch das Ensemble
2086 1119 3042 1200 fertigerweise von Dingen, die er nicht
1134 1136 2081 1197 des Berliner Deutschen Theaters im Wiener
2087 1169 3027 1261 kennt, oder er sagt bewußt eine Lüge.
1136 1174 2083 1236 Carl=Theater noch auch bei der kürzlich im
2133 1211 3036 1282 Auf unsere weitere Anfruge über die etwaige
1125 1218 2091 1292 Wiener Deutschen Volkstheater erfolgten eine
2095 1255 3040 1324 Vorgeschichte der Bauernfeld=Ehrengabe erklärt
1133 1266 2085 1327 tiefere Wirkung geübt oder auch nur oberfläch¬
2086 1306 2508 1376 Dr. Schnitzler:
1137 1308 2084 1366 lich den Eindruck eines Dichterwerkes gemacht.
2135 1336 3038 1411 Ich habe mich niemals um irgend
1148 1352 2088 1420 Die ausdrückliche Rangerhöhung desselben durch
2737 1386 3045 1449 irgend eine
2098 1393 2750 1463 einen Preis noch um
1150 1394 2097 1454 eine Prämiirung in Wien muß daher im Aus¬
2661 1425 3043 1493 um eine lite¬
2492 1436 2645 1503 sonst
1150 1428 2092 1498 land die falsche Vorstellung erwecken, als hätte
2097 1441 2498 1509 Ehrengabe noch
2108 1469 3040 1540 rarische Würdigung beworben. Weder
1141 1479 2094 1539 das österreichische Schriftthum thatsächlich keine
2099 1515 3041 1582 direct noch indirect. Ich habe weder
1141 1521 2086 1597 besseren Producte aufzuweisen, als derlei Min¬
2101 1554 3044 1629 der Bauernfeld=Stiftung noch
1147 1581 1483 1638 derwertigkeiten.
2109 1603 3049 1671 irgend einem anderen ähnlichen Comité meine
1186 1600 2092 1666 Die Meinung des Auslandes über die heimische
2488 1641 3054 1715 J. kenne weder den Herrn
1155 1655 2087 1710 Literatur wurde aber durch das Vorgehen des
2109 1660 2496 1720 Bücher eingereicht.
2105 1686 3055 1758 Unterrichtsminister noch den Herrn Dr. Weissel
1150 1699 2098 1763 Bauernfeld=Curatoriums auch noch in weiterer
2114 1734 3048 1804 und habe seit langer Zeit weder mit
1156 1739 2100 1799 Hinsicht consequent irregeführt, da die Preise der
2104 1774 3053 1847 Herrn Baron Berger noch mit Herrn
1160 1784 2097 1851 Stiftung innerhalb ganz kurzer Zeit einer unver¬
2099 1815 3056 1905 Professor Minor gesprochen. Niemals
1161 1823 2101 1888 hältnißmäßig großen Zahl von jüdischen
2117 1865 3059 1933 aber war zwischen mir und diesen
1148 1868 2102 1927 Literaten zugewiesen wurden, und zwar sol¬
2109 1902 3065 1979 Herren von einem Bauernfeld¬
1162 1913 2097 1978 chen von untergeordneter Bedeutung. Es sind dies
2108 1926 3076 2026 [Preis die Rede. Weder das erstemal,
1156 1951 2106 2033 Dr. Leo Hirschfeld, prämiirt für die Ko¬
2108 1988 3072 2073 noch jetzt, weder mündlich noch schrifte
1161 1996 2105 2067 mödie „Die Lumpen“, der Erotiker Felix Dör¬
1169 2037 2103 2108 mann (richtig Biedermann) für ein gänzlich
2109 2039 3019 2111 lich. Ich bin auch nicht Mitglie
1170 2070 3110 2153 verschollenes Drama „Der Herr von Abadessa“, [der „Concordia“ und gehöre keinem
2119 2118 3068 2204 Freimaurerverbande an. Ich stehe
1155 2126 2135 2207 der Literarhistoriker Dr. Emil Horner für
2109 2167 3068 2235 allen diesen Dingen von jeher gänzlich fern.
1161 2173 2114 2234 eine Bauernfeld=Biographie, der Librettist von
2153 2211 3083 2274 Eine Anerkennung meiner Arbeiten, die mir
1168 2212 2103 2274 Overettenterten Victor Leon (richtig Hirsch¬
2116 2258 3078 2322 von berufener Seite spontan entgegengebracht
1175 2253 2110 2334 feld) für ein vor langer Zeit gegebenes Stück
1173 2299 2112 2368 „Gebildete Menschen“ und schließlich Arthur
2124 2297 3075 2375 wird, nehme ich selbstverständlich dankbar an
1165 2339 2066 2415 Schnitzler für die „Lebendigen Stunden“
2129 2338 3083 2415 und glaube niemandem dafür Rechenschaft
1206 2363 2117 2458 Unter diesen Umständen muß im Ausland die
2132 2398 2457 2474 schuldig zu sein.
1174 2422 2121 2495 irrige Anschauung entstehen, daß einerseits die
2162 2400 3109 2508 Ueber die Interpellation des Dr. Pattai##
1175 2464 2121 2532 deutsche Literatur in Oesterreich fast nur von
2127 2466 2733 2552 äußert sich Arthur Schnitzler:
1184 2510 2126 2594 Juden geschrieben wird, andererseits die Qualität
2166 2500 3091 2575 Derlei interessirt mich nicht, und ich habe
1175 2562 1691 2636 eine äußerst niedrige ist.
2125 2554 3084 2627 keinen Anlaß, von so nebensächlichen Zwischen¬
1215 2584 2121 2666 Diese unleugbare Bevorzugung jüdischer
2125 2604 3086 2685 fällen auch nur im geringsten Notiz zu nehmen.
1175 2643 2129 2707 Literaten durch das Curatorium der Bauernfeld¬
2214 2652 2989 2746 Ein Interview mit Professor Minor.
1175 2684 2126 2751 Stiftung bedeutet aber such eine Zurücksetzung
2179 2710 3100 2781 Ein Mitarbeiter der „Zeit“ hatte Gelegenheit,
1181 2731 2127 2794 und die Mitarbeit an der Unterdrückung der nicht¬
2136 2756 3090 2837 mit einem der Preisrichter, Herrn Universitäts¬
1187 2769 2126 2840 jüdischen Schriftsteller Oesterreichs, die, durch den
2142 2803 3106 2881 professor I. Minor, über die oben wieder¬
1180 2819 2123 2880 Boycott der einflußreichen jüdischen Presse und
2131 2837 3097 2915 gegebene Interpellation zu sprechen. Professor
1184 2866 2131 2922 die Cartelle der jüdischen Gewerbsliteraten schon
2132 2880 3096 2965 Minor bezweifelt es sehr, daß Unterrichts¬
1179 2914 2130 2972 an sich in bedrängter, mituntertrotz ihrer Begabung
2131 2951 3109 2996 minister Dr. Hartel auf die Interpellation
1178 2946 2134 3014 fast aussichtsloser Lage, gerade auf die ethische
2130 2975 3108 3054 überhaupt erwibern wird. Schon an¬
1173 2985 2122 3067 und materielle Förderung durch ähnliche Einrich¬
2132 3027 3097 3094 läßlich der Verleihung der Bauernfeld=Ehren¬
1190 3029 2127 3103 tungen, wie die der Bauernfeld=Stiftung ist, als
2136 3067 3100 3138 gabe an Felix Dörmann sei im December
1184 3071 2124 3146 einzige Hoffnung hinblicken und die schwere Ent¬
2137 3099 3107 3182 1901 im Parlament eine ähnliche Anfrage an
1197 3114 2132 3189 täuschung erleben müssen, mit Abfällen abgespeist
2127 3132 3109 3245 den Unterrichtsminister gerichtet worden, die er
1189 3172 1755 3240 oder übergangen zu werden.
2145 3185 3108 3266 auch unbeantwortet gelassen habe, da er nicht
1228 3196 2134 3285 Die Verleihung ist endlich gegen die Absicht der
2139 3245 3108 3313 als Minister, sondern als Privat¬
1188 3257 2137 3318 Bauernfeld=Stiftung gerichtet, in deren Sinn es
2149 3279 3107 3358 person Mitglied des Curatoriums der
1189 3301 2138 3368 gemiß nicht liegt, die Ausbreitung des semitischen
2139 3334 3105 3385 Bauernfeld=Stiftung sei. Dies sei nun noch
1187 3345 2136 3412 Geistes in der Literatur zu fördern, welche das
2146 3384 3109 3442 immer unverändert geblieben und Dr. Hurtel
1197 3383 2134 3459 sittliche und ästhetische Gefühl der Stamm¬
2143 3415 3115 3495 müsse dem Parlament in Sachen der Sziftung
1194 3435 2146 3495 bevölkerung Oesterreichs oft genug, so auch in
2153 3477 2532 3544 nicht Rede stehen.
1191 3468 2136 3542 den Werken der prämiirten Hirschfeld,
2189 3484 3109 3565 Professor Minor berichtigt die allgemeine Be¬
1192 3517 2143 3582 Schnitzler und Dörmann. gröblich verletzt,
2144 3548 3095 3620 zeichnung „Bauernfeld=Preis“ und sagt, es
1190 3569 2136 3625 die Vertreter dieser fremden Richtung in unserem
2147 3577 3106 3663 handle sich da um keine Preiskrönungen, sondern
1198 3604 2140 3678 Schriftthum aber auf Kosten der autochtho¬
2155 3611 3118 3700 nur um Ehrengaben. Die Höhe der¬
1195 3644 2144 3722 nen Dichter und Schriftsteller zu stützen und
2155 3670 3116 3752 selben hänge von äußeren Umständen ab, habe!
1209 3698 1704 3784 im Einfluß zu steigern.
2151 3706 3116 3791 also etwa mit der Qualität des bedachten Werkes
1243 3725 2147 3822 In Erwägung dieser Thatsachen richten die
2159 3745 3108 3836 nichts zu thun; so sei diesmal die Ehrengabe ge¬
1203 3794 2152 3878 Unterzeichneten an Se. Excellenz die Anfrage:
2166 3791 3113 3874 ringer ausgefallen, da erst ein halbes Jahr seit
1250 3827 2156 3901 Wie gedenkt der Herr Minister als Mitglied
2168 3844 3113 3918 den letzten Verleihungen verflossen sei, infolge
1209 3873 2161 3954 des Curatoriums der Bauernfeld=Stiftung die
2157 3878 3114 3959 dessen die Zinsen des Stiftungscapitals weniger
1202 3916 2151 3994 abermalige Bevorzugung eines jüdischen Litera¬
2155 3954 2378 4017 betragen.
1203 3964 2162 4028 #ten, wie sie durch die Zuerkennung des Bauern¬
2197 3971 3121 4046 Was die Antisemiten und Dr. Pattai an ihre.
1205 4003 2150 4077 feld=Preises an A. Schnitzler gegeben ist, ange¬
1210 4005 3103 4125 sichts der bereits vorangegangenen unverhältniße! Spitze gegen die diesmalige Verleihung de
2271 4115 2826 4195 „Ei, wir haben noch eies
1191 4135 2174 4195 um ihn. daß er so verwahrlost! Das liegt bei ihm
3012 142 3309 211 Es könne se
3022 183 3284 247 kommen ob
3017 227 3305 288 Autor Christ
3018 273 3310 336 völlig lächerli
3016 320 3295 376 lung von
3012 354 3321 416 ein confession
3017 402 3327 460 entspreche die
3029 424 3340 514 „Lebendigen e
3014 490 3310 551 nicht im geri
3033 532 3316 598 rarische Wert
3025 576 3322 633 der Erfolg ste
3031 620 3324 677 kein Wort
3033 662 3328 723 brauche. D
3033 704 3326 769 der „Lebend
3037 747 3321 808 sei von Baron
3043 792 3323 856 und ihm hab
3027 830 3334 896 ohne weiteres
3040 881 3326 939 denn sonst in
3041 921 3300 979 Minor gab
3042 939 3333 1025 neuesten Belle
3039 1011 3311 1068 gestiegen sei,
3042 1031 3327 1116 preiswürdig
3079 1094 3333 1155 In einem
3036 1137 3339 1196 und Schrotten
3048 1182 3329 1243 verdient hätte
3043 1226 3320 1285 Hofer“ sei
3043 1264 3308 1329 Sitzung des
3050 1304 3348 1383 und thatsächli
3060 1360 3338 1417 vorgeschlagen.
3042 1400 3331 1474 erzielt. Auch
3052 1445 3338 1502 „Ledigen Leut
3048 1490 3341 1548 die Ehrengabe
3053 1531 3333 1589 „Herrn von
3067 1573 3343 1633 eine Wendun
3061 1617 3347 1680 Schrotten
3059 1663 3345 1720 ratorium der
3056 1703 3334 1770 Gemeinderat“
3062 1749 3338 1808 gleichsam auß
3069 1793 3341 1852 Raimund=Prei
3068 1835 3338 1897 Unzufriedenen
3063 1881 3338 1938 nicht irritiren
3073 1925 3337 2003 Wissen und 0
