<?xml version="1.0" encoding="UTF-8" standalone="yes"?>
<PcGts xmlns="http://schema.primaresearch.org/PAGE/gts/pagecontent/2013-07-15" xmlns:xsi="http://www.w3.org/2001/XMLSchema-instance" xsi:schemaLocation="http://schema.primaresearch.org/PAGE/gts/pagecontent/2013-07-15 http://schema.primaresearch.org/PAGE/gts/pagecontent/2013-07-15/pagecontent.xsd">
    <Metadata>
        <Creator>prov=University of Rostock/Institute of Mathematics/CITlab/Gundram Leifert/gundram.leifert@uni-rostock.de:name=ONB_Newseye_GT_M1+(htr_id=10810)::::v=2.4.2
prov=University of Rostock/Institute of Mathematics/CITlab/Tobias Gruening/tobias.gruening@uni-rostock.de:name=de.uros.citlab.module.baseline2polygon.B2PSeamMultiOriented:v=2.4.2
prov=University of Rostock/Institute of Mathematics/CITlab/Tobias Gruening/tobias.gruening@uni-rostock.de:name=/mnt/transkribus/LA/DEA/URO/LA_news_onb_att.pb:de.uros.citlab.segmentation.CITlab_LA_ML:v=2.4.2
Transkribus</Creator>
        <Created>2019-10-07T20:31:17.132+02:00</Created>
        <LastChange>2019-10-09T06:08:34.695+02:00</LastChange>
        <TranskribusMetadata docId="224440" pageId="9574106" pageNr="11" tsid="16624230" status="IN_PROGRESS" userId="40391" imgUrl="https://files.transkribus.eu/Get?id=BVXYWIAQBEUBBOBGYEUYQSSK&amp;fileType=view" xmlUrl="https://files.transkribus.eu/Get?id=TEKZUHFSXBSXZKTSOKIBIXLR" imageId="6206504"/>
    </Metadata>
    <Page imageFilename="224440_0011.jpeg" imageWidth="3392" imageHeight="4320">
        <ReadingOrder>
            <OrderedGroup id="ro_1711442545939" caption="Regions reading order">
                <RegionRefIndexed index="0" regionRef="r1"/>
                <RegionRefIndexed index="1" regionRef="r2"/>
            </OrderedGroup>
        </ReadingOrder>
        <TextRegion orientation="0.0" id="r1" custom="readingOrder {index:0;}">
            <Coords points="168,293 168,3270 1654,3270 1654,293"/>
            <TextLine id="r1l1" custom="readingOrder {index:0;}">
                <Coords points="1227,334 1255,347 1271,332 1342,340 1440,326 1506,352 1545,329 1559,342 1596,324 1662,333 1662,267 1559,253 1513,221 1474,221 1451,244 1371,247 1298,283 1257,247 1227,267"/>
                <Baseline points="1236,318 1262,318 1288,318 1314,318 1340,318 1366,318 1392,318 1418,318 1445,319 1471,319 1497,319 1523,319 1549,319 1575,319 1601,318 1627,318 1654,318"/>
                <TextEquiv>
                    <Unicode>box 40/1</Unicode>
                </TextEquiv>
            </TextLine>
            <TextLine id="r1l2" custom="readingOrder {index:1;}">
                <Coords points="207,363 1059,355 1059,274 647,262 606,284 567,261 341,293 265,259 206,306"/>
                <Baseline points="216,346 257,345 299,344 341,344 383,343 424,343 466,342 508,342 550,341 591,341 633,341 675,341 717,340 758,340 800,340 842,340 884,340 925,340 967,340 1009,340 1051,340"/>
                <TextEquiv>
                    <Unicode>Bauernfeld-Preis</Unicode>
                </TextEquiv>
            </TextLine>
            <TextLine id="r1l3" custom="readingOrder {index:2;}">
                <Coords points="735,1079 1193,1092 1193,1046 1128,1014 931,1026 760,996 735,1012"/>
                <Baseline points="743,1059 769,1058 795,1057 821,1057 847,1056 873,1056 899,1055 925,1056 951,1056 977,1056 1003,1057 1029,1057 1055,1058 1081,1058 1107,1059 1133,1060 1159,1062 1185,1062"/>
                <TextEquiv>
                    <Unicode>Telephon 12801.</Unicode>
                </TextEquiv>
            </TextLine>
            <TextLine id="r1l4" custom="readingOrder {index:3;}">
                <Coords points="357,1153 1568,1173 1569,1122 1365,1093 358,1109"/>
                <Baseline points="366,1147 425,1147 485,1148 544,1149 604,1150 664,1151 723,1152 783,1154 843,1155 902,1156 962,1157 1022,1157 1081,1158 1141,1159 1201,1159 1260,1159 1320,1159 1380,1159 1439,1158 1499,1157 1559,1156"/>
                <TextEquiv>
                    <Unicode>Alex. Weigl's Unternehmen für Zeitungs-Ausschnitte</Unicode>
                </TextEquiv>
            </TextLine>
            <TextLine id="r1l5" custom="readingOrder {index:4;}">
                <Coords points="618,1288 1034,1303 1104,1270 1164,1295 1336,1223 1529,1230 1523,1167 1345,1167 1269,1210 1156,1182 696,1201 614,1249"/>
                <Baseline points="625,1275 669,1278 714,1279 758,1281 803,1282 848,1282 892,1281 937,1280 981,1277 1026,1274 1071,1271 1115,1267 1160,1262 1204,1257 1249,1251 1294,1243 1338,1236 1383,1228 1427,1219 1472,1210 1517,1200"/>
                <TextEquiv>
                    <Unicode>„OBSERYEP“</Unicode>
                </TextEquiv>
            </TextLine>
            <TextLine id="r1l6" custom="readingOrder {index:5;}">
                <Coords points="1374,1315 1407,1314 1411,1318 1421,1308 1437,1310 1449,1300 1466,1310 1478,1308 1490,1295 1510,1293 1509,1259 1494,1258 1481,1246 1471,1248 1441,1221 1433,1221 1422,1232 1410,1225 1404,1231 1399,1226 1389,1237 1371,1242"/>
                <Baseline points="1381,1291 1411,1288 1441,1286 1471,1286 1501,1287"/>
                <TextEquiv>
                    <Unicode>Nr.</Unicode>
                </TextEquiv>
            </TextLine>
            <TextLine id="r1l7" custom="readingOrder {index:6;}">
                <Coords points="252,1365 1607,1374 1608,1294 253,1311"/>
                <Baseline points="262,1338 328,1340 395,1341 462,1343 529,1344 596,1345 662,1346 729,1346 796,1347 863,1348 930,1348 996,1348 1063,1349 1130,1349 1197,1350 1264,1350 1330,1350 1397,1351 1464,1351 1531,1352 1598,1353"/>
                <TextEquiv>
                    <Unicode>I. österr. behördl. conc. Bureau für Zeitungsberichte u. Personalnachrit</Unicode>
                </TextEquiv>
            </TextLine>
            <TextLine id="r1l8" custom="readingOrder {index:7;}">
                <Coords points="507,1414 1177,1448 1447,1428 1380,1372 852,1366 802,1392 508,1352"/>
                <Baseline points="516,1408 562,1411 608,1413 654,1415 700,1416 746,1416 792,1417 838,1417 884,1417 930,1417 977,1417 1023,1417 1069,1417 1115,1417 1161,1417 1207,1418 1253,1418 1299,1420 1345,1421 1391,1424 1438,1426"/>
                <TextEquiv>
                    <Unicode>Wien, I., Concondiaplatz 4.</Unicode>
                </TextEquiv>
            </TextLine>
            <TextLine id="r1l9" custom="readingOrder {index:8;}">
                <Coords points="159,1452 217,1431 253,1443 292,1431 311,1439 354,1438 378,1426 402,1431 400,1365 382,1368 371,1357 297,1359 281,1371 243,1361 228,1374 195,1362 157,1374"/>
                <Baseline points="168,1432 193,1431 218,1430 243,1429 268,1428 293,1428 318,1427 343,1426 368,1426 393,1425"/>
                <TextEquiv>
                    <Unicode>A10</Unicode>
                </TextEquiv>
            </TextLine>
            <TextLine id="r1l10" custom="readingOrder {index:9;}">
                <Coords points="261,1472 1578,1512 1579,1439 261,1437"/>
                <Baseline points="269,1464 334,1465 399,1466 464,1466 529,1467 594,1468 659,1469 724,1470 789,1471 854,1472 919,1473 984,1474 1049,1474 1114,1475 1179,1476 1244,1477 1309,1477 1374,1478 1439,1478 1504,1479 1570,1479"/>
                <TextEquiv>
                    <Unicode>Vertrétußgen in Berlin, Budapest, Chicago, Genf, London, Newyork, Paris,</Unicode>
                </TextEquiv>
            </TextLine>
            <TextLine id="r1l11" custom="readingOrder {index:10;}">
                <Coords points="612,1522 756,1538 843,1517 950,1545 1030,1525 1065,1545 1163,1521 1268,1545 1334,1528 1334,1496 1220,1479 1089,1495 1055,1477 1025,1498 993,1478 613,1477"/>
                <Baseline points="622,1510 657,1511 692,1513 727,1513 762,1514 797,1514 832,1515 867,1515 902,1515 937,1515 973,1515 1008,1515 1043,1515 1078,1515 1113,1515 1148,1516 1183,1516 1218,1517 1253,1519 1288,1521 1324,1523"/>
                <TextEquiv>
                    <Unicode>Stockholm, Kristiania, St. Petersburg.</Unicode>
                </TextEquiv>
            </TextLine>
            <TextLine id="r1l12" custom="readingOrder {index:11;}">
                <Coords points="237,1650 1278,1706 1336,1669 1494,1678 1496,1612 238,1620"/>
                <Baseline points="245,1658 307,1654 369,1652 431,1651 493,1651 555,1653 617,1656 679,1659 741,1663 803,1666 865,1670 927,1674 989,1677 1051,1680 1113,1682 1175,1682 1237,1682 1299,1680 1361,1676 1423,1671 1486,1663"/>
                <TextEquiv>
                    <Unicode>Ausschnitt aus: Die Reichswehr, Wien</Unicode>
                </TextEquiv>
            </TextLine>
            <TextLine id="r1l13" custom="readingOrder {index:12;}">
                <Coords points="243,1820 499,1793 569,1834 636,1809 752,1833 840,1812 842,1732 660,1763 600,1716 547,1738 503,1719 386,1762 244,1759"/>
                <Baseline points="253,1793 281,1793 310,1793 339,1794 368,1796 397,1799 426,1801 455,1804 484,1806 513,1809 542,1812 570,1813 599,1815 628,1815 657,1815 686,1814 715,1811 744,1807 773,1803 802,1796 831,1787"/>
                <TextEquiv>
                    <Unicode>vom: 00</Unicode>
                </TextEquiv>
            </TextLine>
            <TextLine id="r1l14" custom="readingOrder {index:13;}">
                <Coords points="349,1974 1437,1932 1434,1863 1376,1856 1228,1897 348,1939"/>
                <Baseline points="358,1968 411,1968 465,1968 518,1968 572,1967 625,1966 679,1964 732,1962 786,1959 839,1957 893,1954 946,1951 1000,1949 1053,1945 1107,1943 1160,1939 1214,1937 1267,1934 1321,1931 1374,1929 1428,1927"/>
                <TextEquiv>
                    <Unicode>* In der heutigen Sitzung des Abgeordnetenhauses</Unicode>
                </TextEquiv>
            </TextLine>
            <TextLine id="r1l15" custom="readingOrder {index:14;}">
                <Coords points="235,1989 246,1989 258,1978 279,1981 286,1974 295,1983 311,1979 336,1987 354,1986 352,1905 327,1909 311,1900 295,1901 283,1908 254,1900 249,1906 233,1906"/>
                <Baseline points="244,1968 269,1963 294,1961 319,1963 344,1964"/>
                <TextEquiv>
                    <Unicode>2</Unicode>
                </TextEquiv>
            </TextLine>
            <TextLine id="r1l16" custom="readingOrder {index:15;}">
                <Coords points="263,2035 1442,2000 1439,1933 375,1996 260,1969"/>
                <Baseline points="272,2026 330,2024 388,2022 446,2021 504,2018 562,2016 620,2013 678,2010 736,2008 794,2005 852,2002 910,1999 968,1996 1026,1993 1084,1990 1142,1988 1200,1986 1258,1983 1316,1982 1374,1980 1432,1979"/>
                <TextEquiv>
                    <Unicode>stellten die Abgeordneten Dr. Pattai und Genossen eine</Unicode>
                </TextEquiv>
            </TextLine>
            <TextLine id="r1l17" custom="readingOrder {index:16;}">
                <Coords points="260,2095 1437,2014 1433,1973 258,2040"/>
                <Baseline points="268,2078 326,2075 384,2072 442,2070 500,2066 558,2064 616,2061 674,2058 732,2055 790,2053 848,2051 906,2047 964,2045 1022,2042 1080,2040 1138,2037 1196,2035 1254,2032 1312,2029 1370,2027 1428,2024"/>
                <TextEquiv>
                    <Unicode>Anfrage an den Unterrichtsminister R. v. Hartel, be¬</Unicode>
                </TextEquiv>
            </TextLine>
            <TextLine id="r1l18" custom="readingOrder {index:17;}">
                <Coords points="268,2123 1246,2092 1421,2073 1449,2022 266,2087"/>
                <Baseline points="277,2123 335,2121 393,2119 451,2116 510,2113 568,2111 626,2108 685,2105 743,2102 801,2099 860,2096 918,2094 976,2091 1034,2088 1093,2085 1151,2082 1209,2079 1268,2076 1326,2074 1384,2071 1443,2069"/>
                <TextEquiv>
                    <Unicode>treffend die Zuweisung eines Preises von 2000 Kronen aus</Unicode>
                </TextEquiv>
            </TextLine>
            <TextLine id="r1l19" custom="readingOrder {index:18;}">
                <Coords points="278,2178 1450,2128 1448,2089 1346,2072 1262,2106 1179,2079 421,2118 377,2149 276,2125"/>
                <Baseline points="286,2170 343,2166 401,2163 459,2159 517,2156 574,2153 632,2150 690,2147 748,2144 805,2142 863,2139 921,2137 979,2135 1036,2132 1094,2130 1152,2128 1210,2126 1267,2124 1325,2121 1383,2119 1441,2117"/>
                <TextEquiv>
                    <Unicode>der Bauernfeld=Stiftung an Dr. Arthur</Unicode>
                </TextEquiv>
            </TextLine>
            <TextLine id="r1l20" custom="readingOrder {index:19;}">
                <Coords points="280,2215 1443,2175 1441,2127 1254,2119 279,2180"/>
                <Baseline points="289,2213 346,2210 403,2208 460,2205 517,2202 575,2199 632,2197 689,2194 746,2191 803,2188 861,2186 918,2182 975,2180 1032,2178 1089,2175 1147,2172 1204,2170 1261,2168 1318,2166 1375,2165 1433,2163"/>
                <TextEquiv>
                    <Unicode>Schnitzler. Nach der Anfrage sei in dieser Verleihung</Unicode>
                </TextEquiv>
            </TextLine>
            <TextLine id="r1l21" custom="readingOrder {index:20;}">
                <Coords points="274,2258 1352,2224 1450,2189 272,2222"/>
                <Baseline points="284,2263 341,2259 399,2256 457,2253 515,2250 573,2247 631,2245 689,2242 747,2238 805,2236 863,2233 920,2230 978,2228 1036,2225 1094,2222 1152,2219 1210,2217 1268,2214 1326,2212 1384,2209 1442,2206"/>
                <TextEquiv>
                    <Unicode>ein Verstoß gegen den Sinn und Zweck der Bauernfeld¬</Unicode>
                </TextEquiv>
            </TextLine>
            <TextLine id="r1l22" custom="readingOrder {index:21;}">
                <Coords points="289,2323 1453,2265 1450,2202 1185,2247 286,2266"/>
                <Baseline points="298,2310 355,2306 412,2302 469,2299 527,2296 584,2292 641,2290 699,2287 756,2284 813,2281 871,2278 928,2276 985,2274 1042,2271 1100,2269 1157,2266 1214,2264 1272,2261 1329,2259 1386,2257 1444,2254"/>
                <TextEquiv>
                    <Unicode>Stiftung und die unbegründete Auszeichnung eines nicht</Unicode>
                </TextEquiv>
            </TextLine>
            <TextLine id="r1l23" custom="readingOrder {index:22;}">
                <Coords points="274,2378 1444,2303 1442,2268 1319,2258 271,2309"/>
                <Baseline points="283,2361 340,2356 398,2352 455,2349 513,2344 571,2341 628,2337 686,2334 743,2330 801,2327 859,2324 916,2321 974,2318 1031,2316 1089,2313 1147,2310 1204,2308 1262,2305 1319,2303 1377,2301 1435,2299"/>
                <TextEquiv>
                    <Unicode>preiswürdigen Werkes zu erblicken. Die ausdrückliche Rang¬</Unicode>
                </TextEquiv>
            </TextLine>
            <TextLine id="r1l24" custom="readingOrder {index:23;}">
                <Coords points="280,2415 1394,2360 1462,2328 1460,2298 1307,2300 278,2371"/>
                <Baseline points="289,2405 347,2401 405,2398 463,2395 521,2391 580,2387 638,2384 696,2381 754,2378 812,2374 871,2371 929,2368 987,2365 1045,2362 1103,2359 1162,2356 1220,2353 1278,2352 1336,2349 1394,2347 1453,2345"/>
                <TextEquiv>
                    <Unicode>erhöhung desselben durch eine Prämiirung in Wien müsse im</Unicode>
                </TextEquiv>
            </TextLine>
            <TextLine id="r1l25" custom="readingOrder {index:24;}">
                <Coords points="285,2449 1462,2404 1459,2353 1373,2348 283,2412"/>
                <Baseline points="294,2448 351,2444 409,2440 467,2437 525,2434 583,2432 641,2429 699,2426 757,2423 815,2420 873,2418 930,2415 988,2413 1046,2409 1104,2407 1162,2404 1220,2401 1278,2397 1336,2394 1394,2390 1452,2386"/>
                <TextEquiv>
                    <Unicode>Auslande die falsche Vorstellung erwecken, als hätte das öster¬</Unicode>
                </TextEquiv>
            </TextLine>
            <TextLine id="r1l26" custom="readingOrder {index:25;}">
                <Coords points="289,2500 1463,2433 1461,2404 1326,2393 287,2459"/>
                <Baseline points="297,2491 354,2490 412,2489 470,2487 528,2485 586,2481 644,2478 701,2476 759,2472 817,2469 875,2465 933,2461 991,2458 1049,2455 1106,2452 1164,2449 1222,2447 1280,2444 1338,2443 1396,2442 1454,2441"/>
                <TextEquiv>
                    <Unicode>reichische Schriftthum keine besseren Producte aufzuweisen.</Unicode>
                </TextEquiv>
            </TextLine>
            <TextLine id="r1l27" custom="readingOrder {index:26;}">
                <Coords points="283,2559 1353,2510 1474,2483 1472,2446 469,2483 281,2525"/>
                <Baseline points="291,2547 349,2543 408,2539 467,2535 525,2531 584,2527 643,2524 701,2520 760,2517 819,2514 878,2511 936,2508 995,2506 1054,2503 1112,2500 1171,2497 1230,2494 1288,2493 1347,2490 1406,2487 1465,2485"/>
                <TextEquiv>
                    <Unicode>In Erwägung dieser Thatsachen richten die Unterzeichneten</Unicode>
                </TextEquiv>
            </TextLine>
            <TextLine id="r1l28" custom="readingOrder {index:27;}">
                <Coords points="290,2600 1473,2568 1471,2508 1401,2493 289,2561"/>
                <Baseline points="299,2601 357,2600 415,2599 473,2597 531,2596 590,2594 648,2592 706,2590 764,2588 822,2586 881,2583 939,2581 997,2579 1055,2576 1113,2574 1172,2572 1230,2570 1288,2567 1346,2565 1404,2563 1463,2561"/>
                <TextEquiv>
                    <Unicode>an den Minister die Anfrage: Wie gedenkt der Minister als</Unicode>
                </TextEquiv>
            </TextLine>
            <TextLine id="r1l29" custom="readingOrder {index:28;}">
                <Coords points="297,2661 1623,2616 1620,2546 1499,2585 295,2599"/>
                <Baseline points="305,2649 370,2648 435,2647 501,2645 566,2643 632,2641 697,2639 762,2636 828,2633 893,2631 959,2628 1024,2626 1089,2623 1155,2621 1220,2618 1286,2616 1351,2614 1416,2612 1482,2610 1547,2608 1613,2607"/>
                <TextEquiv>
                    <Unicode>Mitglied des Curatoriums der Bauernfeld=Stiftung die dies inelusis</Unicode>
                </TextEquiv>
            </TextLine>
            <TextLine id="r1l30" custom="readingOrder {index:29;}">
                <Coords points="298,2713 1606,2646 1604,2614 1439,2612 296,2662"/>
                <Baseline points="307,2696 371,2695 436,2694 500,2693 565,2692 629,2690 694,2687 758,2685 823,2683 887,2680 952,2677 1016,2674 1081,2671 1145,2668 1210,2665 1274,2663 1339,2660 1403,2657 1468,2654 1532,2652 1597,2649"/>
                <TextEquiv>
                    <Unicode>malige Verleihung des Bauernfeld=Preises angesichts der Porto.</Unicode>
                </TextEquiv>
            </TextLine>
            <TextLine id="r1l31" custom="readingOrder {index:30;}">
                <Coords points="300,2748 1422,2715 1613,2691 1611,2653 298,2713"/>
                <Baseline points="309,2740 373,2740 438,2739 503,2738 567,2737 632,2736 697,2734 761,2732 826,2730 891,2727 956,2725 1020,2722 1085,2718 1150,2715 1214,2711 1279,2708 1344,2703 1408,2698 1473,2694 1538,2689 1603,2684"/>
                <TextEquiv>
                    <Unicode>Verantwortung, welche die Einhaltung der Zwecke der Bauern=Zahlbar</Unicode>
                </TextEquiv>
            </TextLine>
            <TextLine id="r1l32" custom="readingOrder {index:31;}">
                <Coords points="305,2788 1615,2749 1612,2689 303,2747"/>
                <Baseline points="314,2792 378,2789 443,2786 507,2784 572,2782 636,2781 701,2778 765,2777 830,2775 894,2773 959,2770 1024,2768 1088,2765 1153,2762 1217,2758 1282,2754 1346,2749 1411,2744 1475,2739 1540,2732 1605,2724"/>
                <TextEquiv>
                    <Unicode>feld=Stiftung dem Curatorium auferlegt, zu rechtfertigen? m Vorg</Unicode>
                </TextEquiv>
            </TextLine>
            <TextLine id="r1l33" custom="readingOrder {index:32;}">
                <Coords points="540,2816 1592,2808 1591,2772 1443,2748 540,2784"/>
                <Baseline points="548,2808 599,2807 651,2805 703,2804 755,2804 806,2803 858,2802 910,2801 962,2801 1013,2800 1065,2800 1117,2799 1169,2798 1220,2798 1272,2797 1324,2796 1376,2795 1427,2794 1479,2793 1531,2791 1583,2790"/>
                <TextEquiv>
                    <Unicode>#nsenemauranderen burenux hur Zelbungeshesenmsdte ist</Unicode>
                </TextEquiv>
            </TextLine>
            <TextLine id="r1l34" custom="readingOrder {index:33;}">
                <Coords points="1312,2844 1377,2839 1392,2848 1425,2831 1439,2842 1507,2846 1533,2831 1576,2854 1600,2855 1599,2800 1533,2810 1488,2797 1426,2808 1398,2798 1380,2807 1346,2801 1311,2819"/>
                <Baseline points="1321,2834 1348,2834 1375,2833 1402,2833 1429,2833 1456,2832 1483,2832 1510,2832 1537,2831 1564,2830 1591,2829"/>
                <TextEquiv>
                    <Unicode>auch steht es</Unicode>
                </TextEquiv>
            </TextLine>
            <TextLine id="r1l35" custom="readingOrder {index:34;}">
                <Coords points="237,2846 1248,2850 1271,2809 237,2819"/>
                <Baseline points="247,2842 297,2843 348,2844 399,2844 450,2844 501,2844 551,2843 602,2843 653,2842 704,2842 755,2841 805,2840 856,2839 907,2839 958,2838 1009,2838 1059,2837 1110,2837 1161,2838 1212,2838 1263,2839"/>
                <TextEquiv>
                    <Unicode>Abonnement durch keine bestimmte Zeitdauer begrenzt;</Unicode>
                </TextEquiv>
            </TextLine>
            <TextLine id="r1l36" custom="readingOrder {index:35;}">
                <Coords points="252,2888 1453,2894 1552,2882 1552,2847 252,2853"/>
                <Baseline points="261,2881 325,2881 389,2882 453,2882 517,2883 581,2883 645,2882 709,2882 773,2882 837,2881 902,2881 966,2880 1030,2879 1094,2879 1158,2878 1222,2877 1286,2876 1350,2875 1414,2875 1478,2874 1543,2873"/>
                <TextEquiv>
                    <Unicode>Abonnenten frei die aufgegebenen Themen zu ergänzen oder zu ändern.</Unicode>
                </TextEquiv>
            </TextLine>
            <TextLine id="r1l37" custom="readingOrder {index:36;}">
                <Coords points="351,2971 1550,2968 1607,2927 351,2937"/>
                <Baseline points="360,2967 425,2966 490,2966 555,2966 620,2966 686,2965 751,2965 816,2965 881,2965 946,2965 1012,2965 1077,2964 1142,2964 1207,2963 1272,2962 1338,2961 1403,2959 1468,2958 1533,2956 1599,2953"/>
                <TextEquiv>
                    <Unicode>Der „OBSERVER“ veranstalte: täglich einen Auszug enthaltend 1</Unicode>
                </TextEquiv>
            </TextLine>
            <TextLine id="r1l38" custom="readingOrder {index:37;}">
                <Coords points="238,3014 1608,3006 1590,2951 531,2989 238,2959"/>
                <Baseline points="247,3005 314,3006 382,3006 449,3006 517,3006 585,3006 652,3006 720,3006 787,3005 855,3005 923,3004 990,3003 1058,3003 1125,3002 1193,3001 1260,3000 1328,2999 1396,2998 1463,2997 1531,2996 1599,2995"/>
                <TextEquiv>
                    <Unicode>Inhaltsangabe aller wichtigen Mittheilungen der Wiener Morge</Unicode>
                </TextEquiv>
            </TextLine>
            <TextLine id="r1l39" custom="readingOrder {index:38;}">
                <Coords points="243,3046 1623,3051 1623,3005 242,3009"/>
                <Baseline points="251,3043 319,3044 387,3045 455,3045 523,3046 591,3046 659,3046 728,3046 796,3045 864,3045 932,3044 1000,3043 1068,3043 1136,3042 1205,3041 1273,3040 1341,3038 1409,3038 1477,3036 1545,3035 1614,3034"/>
                <TextEquiv>
                    <Unicode>blätter (Tagesjournale ausser „Neue Freie Presse“ und Wiener Zeitunz</Unicode>
                </TextEquiv>
            </TextLine>
            <TextLine id="r1l40" custom="readingOrder {index:39;}">
                <Coords points="242,3090 1612,3079 1588,3040 1334,3021 901,3065 242,3046"/>
                <Baseline points="251,3085 318,3085 386,3085 453,3085 521,3085 589,3085 656,3084 724,3084 791,3083 859,3083 927,3082 994,3081 1062,3080 1129,3080 1197,3079 1264,3078 1332,3077 1400,3076 1467,3075 1535,3074 1603,3073"/>
                <TextEquiv>
                    <Unicode>wodurch eine Uebersicht über das gesammte politische und wirthschaftlit</Unicode>
                </TextEquiv>
            </TextLine>
            <TextLine id="r1l41" custom="readingOrder {index:40;}">
                <Coords points="247,3131 1583,3135 1617,3079 247,3091"/>
                <Baseline points="257,3123 324,3123 392,3124 459,3124 527,3123 594,3123 662,3123 729,3122 797,3121 864,3121 932,3120 1000,3119 1067,3118 1135,3117 1202,3117 1270,3116 1337,3116 1405,3115 1472,3115 1540,3115 1608,3116"/>
                <TextEquiv>
                    <Unicode>Leben des In- und Auslandes in drastischer Kürze geboten wird. Diese M</Unicode>
                </TextEquiv>
            </TextLine>
            <TextLine id="r1l42" custom="readingOrder {index:41;}">
                <Coords points="253,3173 1266,3184 1265,3127 1183,3115 253,3132"/>
                <Baseline points="262,3164 311,3163 361,3163 411,3163 461,3162 510,3162 560,3162 610,3162 660,3162 709,3161 759,3161 809,3161 859,3161 908,3160 958,3160 1008,3160 1058,3159 1107,3158 1157,3158 1207,3157 1257,3156"/>
                <TextEquiv>
                    <Unicode>theilungen werden in Wien um 9 Uhr Früh verschickt.</Unicode>
                </TextEquiv>
            </TextLine>
            <TextLine id="r1l43" custom="readingOrder {index:42;}">
                <Coords points="575,3271 690,3260 770,3285 804,3260 928,3281 1022,3254 1126,3275 1188,3257 1349,3287 1349,3218 1294,3212 575,3210"/>
                <Baseline points="583,3257 620,3258 658,3258 696,3258 734,3258 772,3258 810,3258 847,3258 885,3258 923,3258 961,3258 999,3257 1037,3257 1075,3257 1112,3257 1150,3257 1188,3257 1226,3257 1264,3257 1302,3257 1340,3256"/>
                <TextEquiv>
                    <Unicode>Pnospecte gnatis und franco.</Unicode>
                </TextEquiv>
            </TextLine>
            <TextEquiv>
                <Unicode>box 40/1
Bauernfeld-Preis
Telephon 12801.
Alex. Weigl's Unternehmen für Zeitungs-Ausschnitte
„OBSERYEP“
Nr.
I. österr. behördl. conc. Bureau für Zeitungsberichte u. Personalnachrit
Wien, I., Concondiaplatz 4.
A10
Vertrétußgen in Berlin, Budapest, Chicago, Genf, London, Newyork, Paris,
Stockholm, Kristiania, St. Petersburg.
Ausschnitt aus: Die Reichswehr, Wien
vom: 00
* In der heutigen Sitzung des Abgeordnetenhauses
2
stellten die Abgeordneten Dr. Pattai und Genossen eine
Anfrage an den Unterrichtsminister R. v. Hartel, be¬
treffend die Zuweisung eines Preises von 2000 Kronen aus
der Bauernfeld=Stiftung an Dr. Arthur
Schnitzler. Nach der Anfrage sei in dieser Verleihung
ein Verstoß gegen den Sinn und Zweck der Bauernfeld¬
Stiftung und die unbegründete Auszeichnung eines nicht
preiswürdigen Werkes zu erblicken. Die ausdrückliche Rang¬
erhöhung desselben durch eine Prämiirung in Wien müsse im
Auslande die falsche Vorstellung erwecken, als hätte das öster¬
reichische Schriftthum keine besseren Producte aufzuweisen.
In Erwägung dieser Thatsachen richten die Unterzeichneten
an den Minister die Anfrage: Wie gedenkt der Minister als
Mitglied des Curatoriums der Bauernfeld=Stiftung die dies inelusis
malige Verleihung des Bauernfeld=Preises angesichts der Porto.
Verantwortung, welche die Einhaltung der Zwecke der Bauern=Zahlbar
feld=Stiftung dem Curatorium auferlegt, zu rechtfertigen? m Vorg
#nsenemauranderen burenux hur Zelbungeshesenmsdte ist
auch steht es
Abonnement durch keine bestimmte Zeitdauer begrenzt;
Abonnenten frei die aufgegebenen Themen zu ergänzen oder zu ändern.
Der „OBSERVER“ veranstalte: täglich einen Auszug enthaltend 1
Inhaltsangabe aller wichtigen Mittheilungen der Wiener Morge
blätter (Tagesjournale ausser „Neue Freie Presse“ und Wiener Zeitunz
wodurch eine Uebersicht über das gesammte politische und wirthschaftlit
Leben des In- und Auslandes in drastischer Kürze geboten wird. Diese M
theilungen werden in Wien um 9 Uhr Früh verschickt.
Pnospecte gnatis und franco.</Unicode>
            </TextEquiv>
        </TextRegion>
        <TextRegion orientation="0.0" id="r2" custom="readingOrder {index:1;}">
            <Coords points="1622,177 1622,3304 3132,3304 3132,177"/>
            <TextLine id="r2l1" custom="readingOrder {index:0;}">
                <Coords points="1792,233 1822,227 1876,241 1922,229 1961,240 2019,217 2073,236 2137,223 2162,231 2161,171 2107,163 2035,182 1977,138 1915,164 1874,152 1841,161 1826,149 1791,158"/>
                <Baseline points="1801,205 1826,206 1851,207 1876,207 1901,207 1926,207 1951,207 1977,207 2002,206 2027,206 2052,205 2077,204 2102,203 2127,202 2153,201"/>
                <TextEquiv>
                    <Unicode>—.</Unicode>
                </TextEquiv>
            </TextLine>
            <TextLine id="r2l2" custom="readingOrder {index:1;}">
                <Coords points="2158,1127 2506,1118 2534,1129 2607,1115 2607,1077 2504,1042 2414,1058 2378,1049 2337,1067 2275,1045 2158,1063"/>
                <Baseline points="2166,1094 2191,1094 2216,1095 2242,1095 2267,1095 2293,1094 2318,1094 2343,1093 2369,1093 2394,1093 2420,1092 2445,1092 2470,1092 2496,1093 2521,1093 2547,1095 2572,1096 2598,1099"/>
                <TextEquiv>
                    <Unicode>Telephon 12801.</Unicode>
                </TextEquiv>
            </TextLine>
            <TextLine id="r2l3" custom="readingOrder {index:2;}">
                <Coords points="1772,1200 2957,1195 2969,1135 1772,1161"/>
                <Baseline points="1781,1194 1840,1193 1899,1192 1958,1192 2017,1191 2076,1191 2135,1191 2194,1191 2253,1190 2312,1190 2371,1190 2430,1189 2489,1189 2548,1188 2607,1187 2666,1186 2725,1185 2784,1183 2843,1181 2902,1179 2961,1177"/>
                <TextEquiv>
                    <Unicode>Alex. Weigl's Unternehmen für Zeitungs-Aussohnitte</Unicode>
                </TextEquiv>
            </TextLine>
            <TextLine id="r2l4" custom="readingOrder {index:3;}">
                <Coords points="2035,1345 2154,1317 2419,1337 2609,1316 2644,1272 2920,1231 2915,1187 2872,1185 2746,1193 2691,1233 2272,1220 2100,1239 2029,1292"/>
                <Baseline points="2040,1314 2083,1316 2127,1318 2170,1319 2214,1319 2257,1317 2301,1316 2344,1314 2388,1310 2431,1306 2475,1302 2518,1296 2562,1290 2605,1284 2649,1276 2692,1269 2736,1260 2779,1251 2823,1242 2866,1231 2910,1221"/>
                <TextEquiv>
                    <Unicode>„OBSEREP“</Unicode>
                </TextEquiv>
            </TextLine>
            <TextLine id="r2l5" custom="readingOrder {index:4;}">
                <Coords points="2769,1325 2799,1329 2810,1339 2853,1326 2866,1338 2871,1332 2894,1329 2910,1311 2926,1310 2925,1280 2902,1286 2852,1242 2827,1242 2817,1253 2795,1247 2785,1258 2765,1256"/>
                <Baseline points="2777,1316 2805,1313 2833,1310 2861,1308 2889,1308 2918,1310"/>
                <TextEquiv>
                    <Unicode>Nr.</Unicode>
                </TextEquiv>
            </TextLine>
            <TextLine id="r2l6" custom="readingOrder {index:5;}">
                <Coords points="2937,1329 2965,1324 2972,1330 2992,1327 3006,1334 3013,1326 3027,1327 3042,1310 3058,1311 3056,1261 3040,1266 3018,1253 2995,1260 2984,1258 2981,1262 2966,1254 2947,1264 2933,1263"/>
                <Baseline points="2946,1320 2972,1318 2998,1316 3024,1315 3050,1314"/>
                <TextEquiv>
                    <Unicode>75</Unicode>
                </TextEquiv>
            </TextLine>
            <TextLine id="r2l7" custom="readingOrder {index:6;}">
                <Coords points="1611,1333 1648,1338 1667,1329 1710,1349 1721,1339 1783,1345 1816,1335 1845,1370 1872,1365 1880,1275 1843,1268 1827,1276 1812,1265 1744,1259 1702,1272 1686,1254 1619,1250"/>
                <Baseline points="1622,1317 1649,1320 1676,1323 1703,1325 1730,1328 1757,1331 1784,1333 1811,1335 1838,1336 1866,1338"/>
                <TextEquiv>
                    <Unicode>NNIO</Unicode>
                </TextEquiv>
            </TextLine>
            <TextLine id="r2l8" custom="readingOrder {index:7;}">
                <Coords points="1738,1397 2951,1395 3098,1378 3098,1337 1737,1342"/>
                <Baseline points="1747,1385 1814,1385 1881,1385 1948,1385 2015,1384 2082,1384 2149,1383 2216,1382 2283,1382 2350,1381 2418,1380 2485,1379 2552,1378 2619,1377 2686,1376 2753,1374 2820,1373 2887,1373 2954,1371 3021,1370 3089,1369"/>
                <TextEquiv>
                    <Unicode>österr. behördl. conc. Bureau für Zeitungsberichte u. Personalnachrichten</Unicode>
                </TextEquiv>
            </TextLine>
            <TextLine id="r2l9" custom="readingOrder {index:8;}">
                <Coords points="1664,1388 1676,1388 1697,1404 1706,1404 1714,1396 1725,1396 1723,1357 1710,1356 1690,1337 1688,1339 1676,1338 1669,1344 1662,1344"/>
                <Baseline points="1672,1388 1716,1386"/>
                <TextEquiv>
                    <Unicode>I.</Unicode>
                </TextEquiv>
            </TextLine>
            <TextLine id="r2l10" custom="readingOrder {index:9;}">
                <Coords points="1932,1470 2652,1474 2843,1457 2843,1409 1931,1411"/>
                <Baseline points="1941,1453 1985,1455 2030,1456 2075,1457 2119,1457 2164,1457 2209,1457 2253,1456 2298,1455 2343,1454 2388,1453 2432,1452 2477,1451 2522,1450 2566,1449 2611,1448 2656,1447 2700,1446 2745,1445 2790,1445 2835,1445"/>
                <TextEquiv>
                    <Unicode>Wien, I., Concondiaplatz 4.</Unicode>
                </TextEquiv>
            </TextLine>
            <TextLine id="r2l11" custom="readingOrder {index:10;}">
                <Coords points="1676,1508 3004,1525 3101,1478 1676,1483"/>
                <Baseline points="1686,1514 1756,1515 1826,1515 1896,1515 1967,1515 2037,1514 2107,1513 2178,1512 2248,1511 2318,1509 2389,1508 2459,1507 2529,1506 2599,1504 2670,1503 2740,1502 2810,1502 2881,1501 2951,1501 3021,1502 3092,1503"/>
                <TextEquiv>
                    <Unicode>Vertretungen in Berlin, Budapest, Chicago, Genf, London, Newyork, Paris, Rom.</Unicode>
                </TextEquiv>
            </TextLine>
            <TextLine id="r2l12" custom="readingOrder {index:11;}">
                <Coords points="2031,1557 2130,1573 2198,1556 2269,1579 2475,1551 2700,1565 2736,1547 2736,1522 2535,1505 2030,1525"/>
                <Baseline points="2040,1547 2074,1547 2108,1548 2142,1548 2177,1548 2211,1548 2245,1548 2280,1547 2314,1547 2348,1546 2383,1546 2417,1546 2451,1545 2485,1545 2520,1545 2554,1545 2588,1545 2623,1545 2657,1545 2691,1546 2726,1547"/>
                <TextEquiv>
                    <Unicode>Stockholm, Kristiania, St. Petersburg.</Unicode>
                </TextEquiv>
            </TextLine>
            <TextLine id="r2l13" custom="readingOrder {index:12;}">
                <Coords points="1659,1695 1748,1721 1814,1707 1832,1723 1908,1707 2027,1720 2068,1699 2137,1711 2181,1694 2181,1664 2134,1645 2055,1660 1948,1641 1911,1665 1724,1643 1659,1667"/>
                <Baseline points="1669,1701 1694,1700 1719,1700 1744,1699 1769,1699 1794,1698 1819,1698 1845,1697 1870,1696 1895,1696 1920,1695 1945,1695 1970,1694 1995,1694 2021,1693 2046,1693 2071,1693 2096,1693 2121,1693 2146,1694 2172,1694"/>
                <TextEquiv>
                    <Unicode>Ausschnitt aus:</Unicode>
                </TextEquiv>
            </TextLine>
            <TextLine id="r2l14" custom="readingOrder {index:13;}">
                <Coords points="2270,1754 2437,1730 2623,1755 2714,1735 2766,1756 2958,1739 2958,1695 2903,1705 2845,1672 2799,1692 2719,1669 2680,1697 2646,1663 2272,1656"/>
                <Baseline points="2280,1726 2313,1727 2346,1728 2380,1729 2413,1730 2447,1732 2480,1732 2514,1733 2547,1734 2581,1735 2614,1736 2647,1736 2681,1737 2714,1737 2748,1737 2781,1738 2815,1738 2848,1738 2882,1737 2915,1737 2949,1736"/>
                <TextEquiv>
                    <Unicode>KROEs WIERRR TAESEATT</Unicode>
                </TextEquiv>
            </TextLine>
            <TextLine id="r2l15" custom="readingOrder {index:14;}">
                <Coords points="1671,1833 1789,1857 1921,1848 2009,1903 2143,1890 2235,1911 2241,1801 2148,1804 2060,1776 2022,1790 1962,1763 1879,1803 1756,1806 1675,1773"/>
                <Baseline points="1680,1841 1707,1840 1735,1840 1762,1842 1790,1844 1817,1848 1845,1851 1872,1855 1900,1859 1927,1863 1955,1867 1982,1870 2010,1872 2037,1874 2065,1874 2092,1874 2120,1872 2147,1868 2175,1862 2202,1855 2230,1845"/>
                <TextEquiv>
                    <Unicode>vom: 0</Unicode>
                </TextEquiv>
            </TextLine>
            <TextLine id="r2l16" custom="readingOrder {index:15;}">
                <Coords points="1889,2066 2820,2055 2819,2010 2583,2024 2519,1996 2432,2026 2197,2003 1889,2032"/>
                <Baseline points="1898,2060 1943,2062 1989,2064 2034,2065 2080,2066 2126,2067 2171,2067 2217,2067 2262,2067 2308,2066 2354,2065 2399,2064 2445,2063 2490,2062 2536,2061 2582,2059 2627,2058 2673,2057 2718,2056 2764,2055 2810,2054"/>
                <TextEquiv>
                    <Unicode>* Die christlich=soziale Partei hat die Verleihung des</Unicode>
                </TextEquiv>
            </TextLine>
            <TextLine id="r2l17" custom="readingOrder {index:16;}">
                <Coords points="1770,2128 2791,2111 2824,2061 1904,2085 1768,2046"/>
                <Baseline points="1778,2113 1829,2112 1881,2112 1933,2111 1985,2111 2037,2110 2089,2110 2140,2109 2192,2109 2244,2109 2296,2108 2348,2107 2400,2107 2452,2106 2503,2105 2555,2104 2607,2102 2659,2100 2711,2099 2763,2097 2815,2095"/>
                <TextEquiv>
                    <Unicode>[Bauernfeld=Preises an Dr. Arthur Schnitzler</Unicode>
                </TextEquiv>
            </TextLine>
            <TextLine id="r2l18" custom="readingOrder {index:17;}">
                <Coords points="1790,2172 2589,2138 2730,2161 2839,2142 2839,2107 1789,2117"/>
                <Baseline points="1799,2159 1850,2158 1902,2156 1953,2155 2005,2155 2056,2154 2108,2153 2159,2153 2211,2153 2262,2152 2314,2152 2366,2151 2417,2150 2469,2149 2520,2148 2572,2146 2623,2145 2675,2142 2726,2139 2778,2136 2830,2133"/>
                <TextEquiv>
                    <Unicode>zum Gegenstande einer Interpellation an den Unterrichts¬</Unicode>
                </TextEquiv>
            </TextLine>
            <TextLine id="r2l19" custom="readingOrder {index:18;}">
                <Coords points="1800,2204 2864,2174 2790,2141 1799,2161"/>
                <Baseline points="1809,2198 1861,2197 1913,2196 1965,2196 2018,2195 2070,2195 2122,2195 2175,2194 2227,2193 2279,2193 2332,2192 2384,2191 2436,2191 2488,2190 2541,2189 2593,2187 2645,2186 2698,2185 2750,2183 2802,2180 2855,2178"/>
                <TextEquiv>
                    <Unicode>minister gemacht, welche heute im Abgeordnetenhause zur—</Unicode>
                </TextEquiv>
            </TextLine>
            <TextLine id="r2l20" custom="readingOrder {index:19;}">
                <Coords points="1797,2234 2829,2221 2828,2186 1796,2193"/>
                <Baseline points="1806,2239 1856,2238 1907,2237 1958,2236 2008,2235 2059,2234 2110,2234 2160,2233 2211,2233 2262,2232 2313,2232 2363,2231 2414,2230 2465,2229 2515,2228 2566,2227 2617,2226 2667,2224 2718,2221 2769,2219 2820,2216"/>
                <TextEquiv>
                    <Unicode>Verlesung gebracht werden wird. Die Interpellanten er¬</Unicode>
                </TextEquiv>
            </TextLine>
            <TextLine id="r2l21" custom="readingOrder {index:20;}">
                <Coords points="1807,2290 2868,2274 2867,2214 1807,2249"/>
                <Baseline points="1816,2279 1868,2277 1920,2276 1972,2275 2024,2273 2076,2273 2128,2272 2180,2271 2232,2271 2284,2271 2337,2270 2389,2269 2441,2269 2493,2268 2545,2267 2597,2266 2649,2265 2701,2264 2753,2262 2805,2259 2858,2257"/>
                <TextEquiv>
                    <Unicode>blicken in dieser Verleihung eine „Verletzung der Rechte der 7</Unicode>
                </TextEquiv>
            </TextLine>
            <TextLine id="r2l22" custom="readingOrder {index:21;}">
                <Coords points="1813,2325 2836,2325 2835,2273 1812,2291"/>
                <Baseline points="1822,2322 1872,2320 1922,2318 1972,2317 2022,2315 2073,2314 2123,2313 2173,2312 2223,2311 2273,2311 2324,2310 2374,2309 2424,2309 2474,2308 2524,2308 2575,2307 2625,2306 2675,2305 2725,2304 2775,2303 2826,2302"/>
                <TextEquiv>
                    <Unicode>nichtjüdischen Schriftstellerwelt“ und einen „Verstoß gegen</Unicode>
                </TextEquiv>
            </TextLine>
            <TextLine id="r2l23" custom="readingOrder {index:22;}">
                <Coords points="1816,2365 2827,2343 2801,2305 1816,2325"/>
                <Baseline points="1826,2363 1875,2360 1925,2358 1974,2357 2024,2355 2074,2354 2123,2353 2173,2352 2222,2351 2272,2351 2322,2350 2371,2350 2421,2349 2470,2348 2520,2348 2570,2347 2619,2346 2669,2345 2718,2344 2768,2343 2818,2341"/>
                <TextEquiv>
                    <Unicode>den Sinn und Zweck der Stiftung und die unbegründete</Unicode>
                </TextEquiv>
            </TextLine>
            <TextLine id="r2l24" custom="readingOrder {index:23;}">
                <Coords points="1810,2415 2824,2390 2805,2343 1809,2361"/>
                <Baseline points="1819,2403 1868,2403 1918,2402 1968,2401 2018,2400 2068,2399 2118,2398 2167,2397 2217,2395 2267,2394 2317,2392 2367,2391 2417,2390 2467,2389 2516,2388 2566,2387 2616,2387 2666,2386 2716,2386 2766,2386 2816,2386"/>
                <TextEquiv>
                    <Unicode>Auszeichnung eines nicht preiswürdigen Werkes“. Es wird</Unicode>
                </TextEquiv>
            </TextLine>
            <TextLine id="r2l25" custom="readingOrder {index:24;}">
                <Coords points="1827,2448 2779,2435 2830,2395 1826,2407"/>
                <Baseline points="1836,2445 1885,2443 1934,2442 1983,2441 2033,2439 2082,2438 2131,2437 2181,2436 2230,2435 2279,2433 2329,2432 2378,2431 2427,2430 2476,2429 2526,2429 2575,2427 2624,2426 2674,2425 2723,2424 2772,2423 2822,2422"/>
                <TextEquiv>
                    <Unicode>die Anfrage gestellt, wie der Minister als Mitglied des</Unicode>
                </TextEquiv>
            </TextLine>
            <TextLine id="r2l26" custom="readingOrder {index:25;}">
                <Coords points="1813,2486 2838,2478 2838,2447 2768,2427 1813,2441"/>
                <Baseline points="1822,2484 1872,2482 1922,2481 1973,2480 2023,2479 2073,2478 2124,2477 2174,2477 2224,2476 2275,2475 2325,2475 2375,2474 2426,2473 2476,2473 2526,2471 2577,2471 2627,2469 2677,2468 2728,2466 2778,2464 2829,2461"/>
                <TextEquiv>
                    <Unicode>Kuratoriums der Bauernfeld=Stiftung diese abermalige</Unicode>
                </TextEquiv>
            </TextLine>
            <TextLine id="r2l27" custom="readingOrder {index:26;}">
                <Coords points="1814,2537 2215,2527 2258,2553 2338,2520 2723,2514 2841,2541 2840,2477 2808,2467 1813,2485"/>
                <Baseline points="1822,2525 1872,2524 1922,2523 1973,2523 2023,2522 2074,2521 2124,2521 2175,2520 2225,2520 2276,2519 2326,2518 2376,2518 2427,2517 2477,2516 2528,2515 2578,2514 2629,2514 2679,2513 2730,2511 2780,2510 2831,2509"/>
                <TextEquiv>
                    <Unicode>Bevorzugung eines jüdischen Literaten zu rechtfertigen</Unicode>
                </TextEquiv>
            </TextLine>
            <TextLine id="r2l28" custom="readingOrder {index:27;}">
                <Coords points="1824,2573 1836,2572 1868,2588 1879,2578 1893,2582 1904,2578 1918,2589 1955,2572 1977,2580 1989,2576 1990,2543 1905,2530 1897,2537 1885,2533 1871,2538 1858,2531 1851,2536 1825,2534"/>
                <Baseline points="1833,2564 1862,2563 1892,2563 1921,2564 1951,2565 1981,2566"/>
                <TextEquiv>
                    <Unicode>vermag.</Unicode>
                </TextEquiv>
            </TextLine>
            <TextLine id="r2l29" custom="readingOrder {index:28;}">
                <Coords points="1979,2648 2462,2650 2664,2615 2865,2622 2864,2591 2751,2555 2517,2572 2353,2539 2220,2568 2143,2531 2049,2606 1978,2622"/>
                <Baseline points="1988,2638 2031,2635 2074,2633 2118,2631 2161,2630 2205,2629 2248,2628 2291,2628 2335,2628 2378,2628 2422,2628 2465,2627 2508,2627 2552,2626 2595,2626 2639,2624 2682,2622 2725,2620 2769,2617 2812,2613 2856,2609"/>
                <TextEquiv>
                    <Unicode> M. PedinerT onef Potzen) Nr. 19—</Unicode>
                </TextEquiv>
            </TextLine>
            <TextLine id="r2l30" custom="readingOrder {index:29;}">
                <Coords points="2886,2625 2914,2639 2946,2637 2953,2644 2998,2635 3007,2644 3024,2637 3032,2644 3060,2645 3076,2631 3092,2629 3092,2585 3072,2579 3042,2599 3014,2578 2976,2580 2957,2569 2927,2594 2900,2602 2886,2598"/>
                <Baseline points="2895,2634 2921,2633 2948,2633 2975,2633 3002,2633 3029,2634 3056,2633 3083,2631"/>
                <TextEquiv>
                    <Unicode>inelusive</Unicode>
                </TextEquiv>
            </TextLine>
            <TextLine id="r2l31" custom="readingOrder {index:30;}">
                <Coords points="1697,2649 1714,2653 1724,2646 1734,2645 1745,2654 1774,2643 1783,2636 1795,2637 1796,2608 1787,2608 1784,2604 1775,2608 1754,2587 1740,2585 1735,2579 1715,2586 1699,2583"/>
                <Baseline points="1706,2633 1732,2633 1759,2633 1786,2637"/>
                <TextEquiv>
                    <Unicode>Für</Unicode>
                </TextEquiv>
            </TextLine>
            <TextLine id="r2l32" custom="readingOrder {index:31;}">
                <Coords points="2755,2658 2764,2656 2772,2661 2779,2659 2782,2661 2794,2657 2797,2659 2805,2657 2811,2662 2822,2660 2816,2618 2794,2619 2791,2622 2776,2620 2764,2635 2752,2637"/>
                <Baseline points="2764,2658 2811,2651"/>
                <TextEquiv>
                    <Unicode>28.</Unicode>
                </TextEquiv>
            </TextLine>
            <TextLine id="r2l33" custom="readingOrder {index:32;}">
                <Coords points="2910,2674 2947,2680 2952,2675 2999,2673 3041,2680 3048,2673 3075,2671 3076,2641 3059,2646 3045,2640 3031,2644 3024,2637 3012,2644 2980,2636 2955,2644 2946,2637 2910,2640"/>
                <Baseline points="2918,2671 2947,2670 2977,2669 3006,2669 3036,2671 3066,2674"/>
                <TextEquiv>
                    <Unicode>Porto.</Unicode>
                </TextEquiv>
            </TextLine>
            <TextLine id="r2l34" custom="readingOrder {index:33;}">
                <Coords points="1788,2686 1804,2689 1812,2681 1830,2676 1877,2685 1892,2679 1888,2621 1879,2621 1876,2625 1867,2617 1856,2617 1841,2635 1836,2633 1827,2643 1807,2651 1801,2648 1785,2651"/>
                <Baseline points="1795,2675 1824,2672 1853,2670 1883,2669"/>
                <TextEquiv>
                    <Unicode>100</Unicode>
                </TextEquiv>
            </TextLine>
            <TextLine id="r2l35" custom="readingOrder {index:34;}">
                <Coords points="2745,2697 2754,2697 2759,2691 2777,2703 2796,2697 2807,2697 2814,2702 2821,2698 2837,2708 2844,2703 2855,2703 2854,2671 2845,2671 2831,2661 2825,2664 2818,2658 2772,2661 2761,2657 2754,2665 2744,2665"/>
                <Baseline points="2753,2697 2783,2693 2814,2691 2845,2695"/>
                <TextEquiv>
                    <Unicode>50.—</Unicode>
                </TextEquiv>
            </TextLine>
            <TextLine id="r2l36" custom="readingOrder {index:35;}">
                <Coords points="2889,2722 2914,2714 2949,2720 2988,2712 3001,2722 3011,2714 3022,2721 3043,2713 3072,2716 3070,2672 3049,2672 3026,2684 3017,2675 2985,2672 2969,2678 2953,2673 2944,2679 2887,2670"/>
                <Baseline points="2897,2713 2924,2710 2952,2709 2980,2709 3007,2709 3035,2708 3063,2705"/>
                <TextEquiv>
                    <Unicode>Zahlbar</Unicode>
                </TextEquiv>
            </TextLine>
            <TextLine id="r2l37" custom="readingOrder {index:36;}">
                <Coords points="1796,2714 1805,2714 1810,2719 1826,2719 1830,2715 1858,2724 1872,2709 1901,2703 1900,2682 1872,2686 1861,2679 1844,2681 1827,2678 1820,2682 1815,2680 1805,2687 1796,2687"/>
                <Baseline points="1805,2711 1834,2709 1863,2708 1892,2710"/>
                <TextEquiv>
                    <Unicode>200</Unicode>
                </TextEquiv>
            </TextLine>
            <TextLine id="r2l38" custom="readingOrder {index:37;}">
                <Coords points="2731,2746 2750,2746 2757,2738 2778,2735 2821,2737 2827,2742 2838,2732 2856,2736 2871,2724 2882,2723 2880,2703 2868,2706 2848,2699 2840,2708 2831,2709 2807,2697 2777,2703 2757,2694 2742,2706 2728,2709"/>
                <Baseline points="2739,2733 2765,2732 2792,2731 2819,2729 2846,2726 2873,2721"/>
                <TextEquiv>
                    <Unicode>110.—</Unicode>
                </TextEquiv>
            </TextLine>
            <TextLine id="r2l39" custom="readingOrder {index:38;}">
                <Coords points="1790,2748 1802,2747 1812,2756 1830,2762 1840,2758 1850,2762 1860,2756 1884,2768 1887,2764 1898,2763 1895,2719 1881,2718 1871,2726 1867,2722 1858,2726 1851,2720 1845,2722 1831,2715 1817,2720 1804,2713 1788,2714"/>
                <Baseline points="1799,2751 1828,2748 1857,2745 1887,2747"/>
                <TextEquiv>
                    <Unicode>500</Unicode>
                </TextEquiv>
            </TextLine>
            <TextLine id="r2l40" custom="readingOrder {index:39;}">
                <Coords points="2736,2774 2781,2791 2830,2768 2889,2779 2942,2771 2965,2746 3060,2776 3122,2749 3120,2723 3094,2729 3052,2712 2912,2715 2887,2742 2868,2727 2826,2742 2734,2742"/>
                <Baseline points="2744,2772 2770,2770 2796,2769 2823,2767 2849,2765 2876,2762 2902,2760 2929,2758 2955,2756 2981,2754 3008,2753 3034,2752 3061,2752 3087,2753 3114,2754"/>
                <TextEquiv>
                    <Unicode>200.—) im Vorans.</Unicode>
                </TextEquiv>
            </TextLine>
            <TextLine id="r2l41" custom="readingOrder {index:40;}">
                <Coords points="1780,2800 1799,2800 1803,2804 1828,2795 1838,2804 1862,2813 1874,2801 1894,2799 1894,2769 1885,2769 1878,2761 1870,2765 1860,2756 1831,2763 1826,2758 1814,2758 1803,2747 1780,2754"/>
                <Baseline points="1788,2787 1820,2789 1852,2788 1885,2788"/>
                <TextEquiv>
                    <Unicode>1000</Unicode>
                </TextEquiv>
            </TextLine>
            <TextLine id="r2l42" custom="readingOrder {index:41;}">
                <Coords points="1818,2840 3132,2811 3094,2767 1817,2801"/>
                <Baseline points="1826,2841 1890,2840 1955,2840 2020,2839 2085,2838 2150,2837 2215,2836 2279,2834 2344,2833 2409,2831 2474,2830 2539,2828 2604,2826 2669,2825 2733,2823 2798,2821 2863,2819 2928,2817 2993,2815 3058,2813 3123,2811"/>
                <TextEquiv>
                    <Unicode>Im tegensatze zu anderen Bureaux für Zeitungsausschnitte ist das</Unicode>
                </TextEquiv>
            </TextLine>
            <TextLine id="r2l43" custom="readingOrder {index:42;}">
                <Coords points="1702,2895 3057,2873 3136,2815 1701,2840"/>
                <Baseline points="1711,2881 1781,2880 1852,2878 1923,2877 1994,2875 2065,2874 2136,2873 2206,2872 2277,2871 2348,2869 2419,2868 2490,2867 2561,2865 2632,2864 2702,2863 2773,2862 2844,2860 2915,2859 2986,2857 3057,2856 3128,2854"/>
                <TextEquiv>
                    <Unicode>Abonnement durch keine bestimmte Zeitdauer begrenzt; — auch stcht es den</Unicode>
                </TextEquiv>
            </TextLine>
            <TextLine id="r2l44" custom="readingOrder {index:43;}">
                <Coords points="1718,2950 2940,2917 3000,2871 1717,2887"/>
                <Baseline points="1727,2918 1790,2918 1853,2917 1916,2916 1980,2916 2043,2915 2106,2914 2169,2914 2233,2913 2296,2911 2359,2910 2422,2909 2486,2908 2549,2906 2612,2905 2675,2903 2739,2902 2802,2900 2865,2898 2928,2896 2992,2894"/>
                <TextEquiv>
                    <Unicode>Abonnenten frei die aufgegebenen Themen zu ergänzen oder zu ändern.</Unicode>
                </TextEquiv>
            </TextLine>
            <TextLine id="r2l45" custom="readingOrder {index:44;}">
                <Coords points="1817,3004 3083,2989 3133,2983 3132,2937 3034,2908 2820,2959 1816,2971"/>
                <Baseline points="1826,3002 1890,3001 1955,3000 2020,2999 2085,2998 2150,2997 2215,2996 2279,2995 2344,2994 2409,2993 2474,2992 2539,2990 2604,2989 2669,2988 2733,2986 2798,2985 2863,2983 2928,2980 2993,2979 3058,2976 3123,2974"/>
                <TextEquiv>
                    <Unicode>Der „OBSERVER“ veranstaltet täglich einen Auszug enthaltend die</Unicode>
                </TextEquiv>
            </TextLine>
            <TextLine id="r2l46" custom="readingOrder {index:45;}">
                <Coords points="1699,3053 3026,3033 3119,2981 1698,3014"/>
                <Baseline points="1707,3045 1777,3044 1847,3043 1917,3042 1987,3040 2057,3039 2127,3038 2198,3037 2268,3036 2338,3035 2408,3033 2478,3032 2548,3031 2618,3030 2689,3028 2759,3027 2829,3025 2899,3024 2969,3022 3039,3021 3110,3019"/>
                <TextEquiv>
                    <Unicode>Inhaltsangabe aller wichtigen Mittheilungen der Wiener Morgen¬</Unicode>
                </TextEquiv>
            </TextLine>
            <TextLine id="r2l47" custom="readingOrder {index:46;}">
                <Coords points="1704,3093 3132,3075 3131,3021 1703,3053"/>
                <Baseline points="1713,3082 1783,3082 1853,3082 1924,3081 1994,3080 2065,3079 2135,3078 2206,3077 2276,3076 2347,3075 2417,3073 2487,3072 2558,3070 2628,3068 2699,3066 2769,3064 2840,3062 2910,3060 2981,3058 3051,3055 3122,3053"/>
                <TextEquiv>
                    <Unicode>blätter (Tagesjournale ausser „Neue Freie Presse“ und Wiener Zeitung“)</Unicode>
                </TextEquiv>
            </TextLine>
            <TextLine id="r2l48" custom="readingOrder {index:47;}">
                <Coords points="1704,3127 2889,3115 3140,3072 1703,3092"/>
                <Baseline points="1712,3123 1783,3122 1854,3121 1925,3120 1996,3119 2067,3118 2138,3117 2209,3116 2280,3115 2351,3113 2422,3112 2493,3110 2564,3108 2635,3106 2706,3104 2777,3102 2848,3100 2919,3098 2990,3095 3061,3093 3132,3090"/>
                <TextEquiv>
                    <Unicode>wodurch eine Uebersicht über das gesammte politische und wirthschaftliche</Unicode>
                </TextEquiv>
            </TextLine>
            <TextLine id="r2l49" custom="readingOrder {index:48;}">
                <Coords points="1704,3168 3130,3137 3109,3097 1703,3129"/>
                <Baseline points="1712,3165 1782,3163 1852,3161 1923,3160 1993,3158 2064,3157 2134,3155 2204,3154 2275,3152 2345,3151 2416,3149 2486,3148 2556,3146 2627,3145 2697,3143 2768,3141 2838,3140 2908,3138 2979,3135 3049,3133 3120,3131"/>
                <TextEquiv>
                    <Unicode>Leben des In- und Auslandes in drastischer Kürze geboten wird. Diese Mit¬</Unicode>
                </TextEquiv>
            </TextLine>
            <TextLine id="r2l50" custom="readingOrder {index:49;}">
                <Coords points="1710,3235 2150,3194 2177,3217 2685,3198 2729,3166 1709,3173"/>
                <Baseline points="1718,3201 1768,3201 1818,3201 1868,3200 1918,3200 1968,3199 2018,3198 2068,3197 2118,3196 2168,3195 2219,3193 2269,3192 2319,3191 2369,3189 2419,3188 2469,3187 2519,3186 2569,3185 2619,3185 2669,3184 2720,3184"/>
                <TextEquiv>
                    <Unicode>theilungen werden in Wien um 9 Uhr Früh verschickt.</Unicode>
                </TextEquiv>
            </TextLine>
            <TextLine id="r2l51" custom="readingOrder {index:50;}">
                <Coords points="2031,3290 2760,3293 2798,3277 2798,3246 2730,3228 2681,3252 2030,3257"/>
                <Baseline points="2040,3292 2077,3291 2115,3291 2152,3291 2190,3290 2227,3290 2265,3289 2302,3289 2340,3288 2377,3287 2415,3287 2452,3286 2490,3285 2527,3284 2565,3283 2602,3282 2640,3281 2677,3280 2715,3279 2752,3278 2790,3277"/>
                <TextEquiv>
                    <Unicode>Pnospecte gnatis und fnanco.</Unicode>
                </TextEquiv>
            </TextLine>
            <TextEquiv>
                <Unicode>—.
Telephon 12801.
Alex. Weigl's Unternehmen für Zeitungs-Aussohnitte
„OBSEREP“
Nr.
75
NNIO
österr. behördl. conc. Bureau für Zeitungsberichte u. Personalnachrichten
I.
Wien, I., Concondiaplatz 4.
Vertretungen in Berlin, Budapest, Chicago, Genf, London, Newyork, Paris, Rom.
Stockholm, Kristiania, St. Petersburg.
Ausschnitt aus:
KROEs WIERRR TAESEATT
vom: 0
* Die christlich=soziale Partei hat die Verleihung des
[Bauernfeld=Preises an Dr. Arthur Schnitzler
zum Gegenstande einer Interpellation an den Unterrichts¬
minister gemacht, welche heute im Abgeordnetenhause zur—
Verlesung gebracht werden wird. Die Interpellanten er¬
blicken in dieser Verleihung eine „Verletzung der Rechte der 7
nichtjüdischen Schriftstellerwelt“ und einen „Verstoß gegen
den Sinn und Zweck der Stiftung und die unbegründete
Auszeichnung eines nicht preiswürdigen Werkes“. Es wird
die Anfrage gestellt, wie der Minister als Mitglied des
Kuratoriums der Bauernfeld=Stiftung diese abermalige
Bevorzugung eines jüdischen Literaten zu rechtfertigen
vermag.
 M. PedinerT onef Potzen) Nr. 19—
inelusive
Für
28.
Porto.
100
50.—
Zahlbar
200
110.—
500
200.—) im Vorans.
1000
Im tegensatze zu anderen Bureaux für Zeitungsausschnitte ist das
Abonnement durch keine bestimmte Zeitdauer begrenzt; — auch stcht es den
Abonnenten frei die aufgegebenen Themen zu ergänzen oder zu ändern.
Der „OBSERVER“ veranstaltet täglich einen Auszug enthaltend die
Inhaltsangabe aller wichtigen Mittheilungen der Wiener Morgen¬
blätter (Tagesjournale ausser „Neue Freie Presse“ und Wiener Zeitung“)
wodurch eine Uebersicht über das gesammte politische und wirthschaftliche
Leben des In- und Auslandes in drastischer Kürze geboten wird. Diese Mit¬
theilungen werden in Wien um 9 Uhr Früh verschickt.
Pnospecte gnatis und fnanco.</Unicode>
            </TextEquiv>
        </TextRegion>
    </Page>
</PcGts>
