3392 4352
1192 257 1644 364 box 40/1
179 267 1047 395 Bauernfeld-Preis
1858 855 2552 968 e
1198 949 2142 1047 Türkenstrasse 17
950 968 2168 1132 — Haieia Bugspesti Aeigrege vit arsterlag Aa
2330 1020 2380 1097 0
1954 1077 2132 1232 Sstün
1550 1127 1911 1239 Deutsche
1002 1173 1446 1273 usschnitt aus
1003 1291 1404 1435 n
1213 1582 1954 1652 Das Curatorium der Ebuard
1179 1642 2333 1701 Prämienstiftung, bestehend aus den Herren Professoren Do## #
1174 1687 2360 1747 Alfred Freiherrn v. Berger, Sectionschef Dr. Wilhelm Ritter
1171 1748 2358 1796 v. Hartel, Hofschauspieler Josef Lewinsky, Professor
1162 1760 2360 1863 Dr. Jakob Minor und Hof= und Gerichtsadvocaten Doctor
1172 1829 2350 1890 Edmund Weißel, hielt am 20. d. eine statutarische Jahres¬
1162 1889 2352 1953 sitzung ab und beschloß einhellig, folgende Ehrengaben
1175 1932 1442 1999 zu verleihen:
1244 1962 2347 2039 Dem Schriftsteller Ferdinand v. Saar für seine
1172 2018 2342 2079 „Novellen aus Oesterreich“ dem Schriftsteller Arthur
1169 2061 2347 2131 Schnitzler für seine Novellen und dramatische Arbeiten,
1165 2120 2354 2184 dem Schriftsteller C. Karlweis für sein Volksstück „Das
1152 2148 2363 2244 liebe Ich“ Ehrengaben von je 1000 fl., ferner dem Schrift¬
1169 2208 2345 2293 steller Leo Hirschfeld für seine Komödie „Die Lumpen“
1166 2265 1726 2322 eine Ehrengabe von 500 fl.
1261 2306 2356 2379 Eine neue Preisausschreibung wurde nicht beschlossen.
1168 2333 2382 2423 Die im vorigen Jahre verlautbarte Preisausschreibung für
1187 2408 2356 2468 die beste biographische Arbeit, welche die Bedeutung Bauern¬
1172 2455 2344 2519 selds für die Entwicklung der deutschen Lustspieldichtung
1167 2518 2342 2566 rüberhaupt und für das Repertoire des Burgtheaters ins¬
1151 2550 2344 2633 (besondere behandelt, behält ihre Giltigkeit bis Ende
1133 2599 1521 2686 December 1899.
1255 2634 2343 2714 Diese Preiszuerkennung fordert zu den Klagen heraus,
1158 2698 2342 2762 die wir in Oesterreich bei fast allen Literatenprämiirungen
1162 2730 2349 2808 zu wiederholen haben. Ganz ungerechtfertigterweise erscheinen
1169 2789 2352 2847 darin zwei Juden mit Preisen bedacht, Arthur Schnitzler
1166 2847 2342 2903 und Lep Hirschfeld, von dem der Abstammung und Ge¬
1173 2878 2339 2944 sinnung nach derselben Clique angehörigen Karlweis
1163 2919 2343 2997 nicht zu sprechen. Die Verdienste Arthur Schnitzlers
1160 2984 2340 3035 um die heimische Literatur bestehen lediglich darin, daß er,
1162 3020 2349 3087 von der geschickt manövrirenden Bahr=Gemeinde empor¬
1162 3068 2340 3139 gehoben, bekannt geworden ist und das Wiener Literaten¬
1169 3138 2344 3184 thum mehrmals blamirt hat. Leo Hirschfelds von
1158 3180 2344 3234 den eigenen Genossen als mißglückt bezeichneter dramatischer
1166 3229 2344 3280 Versuch ist so wenig der Rede werth, so belanglos, daß es
1155 3259 2360 3338 geradezu als eine Kühnheit des Curatoriums bezeichnet werden
1146 3317 2337 3417 kann, die Erinnerung an dieses unlebensfühige und sofort
1154 3390 2338 3437 nach dem Erscheinen verschwund ne Ding überhaupt nur zu;
1146 3430 2342 3503 wecken, und gar erst auf dei Wege einer Preiszuerkennung!?
1152 3482 2330 3548 Wenn an solche Nichtigkeiten Preise vertheilt werden, was
1156 3534 2331 3592 soll dann einem wirklichen Dichter zufallen? Wird der nicht
1149 3577 2342 3649 vielmehr sich davor herzlichst zu hüten haben, damit er nicht
1151 3627 2336 3698 in einem Athem mit den früher prämiirten Inferioritäten
1151 3682 2333 3742 genannt wird? Es ist traurig, daß Männer wie Hartel,
1153 3722 2335 3797 Berger und Minor ihr Urtheil so mit gebundenen
1157 3776 2347 3842 Händen dem Terrorismus einer herrschenden Clique aus¬
2117 3821 2350 3874 Owanas¬
1162 3823 2089 3877 liefern, die gewisse Leute nur detzhalb mit an
1168 3869 2344 3921 Miteln emporzubringen trachtet, weil sie Juden sind. So
1169 3914 2343 3978 lange sich einflußreiche Deutsche in so unzweidentig Weise
1278 3963 2348 4042 ie Seite der Juden stellen, ist ein Gesnuben unserer
1163 4013 1802 4096 Verhältnisse un mein erschwert.
