3344 4352
1761 165 2172 268 ——
1228 272 1668 372 box 40/1
237 297 324 366 B
216 290 1071 404 —nlerhfeld-Prais
1305 1142 1760 1229 Telephon 12801.
912 1232 2138 1301 Alez. Welgl’s Unternehmen für Zeitungs-Aussohnitte
1163 1283 2090 1450 „OBSERVEP“
1931 1341 2163 1443 Nr. 6
790 1415 2253 1482 I. österr. behördl. conc. Burcau für Zeitungsberichte u. Personalnachrichten
1084 1499 2002 1582 Wien. I., Concondiaplatz 4.
821 1555 2273 1623 Vertretungen in Berlin, Budapest, Chicago, Genf, London, Newyork, Paris, Rom,
1181 1621 1895 1679 Stockholm, Kristiania, St. Petersburg.
812 1742 1356 1830 Ausschnitt aus:
1362 1722 2167 1858 Neues Wiener Iburnat
818 1850 1369 1995 vom: 7##70
939 2088 2093 2221 * Arthur Schnitzler hat den Bauernfeld=Preis im
822 2161 2096 2269 Betrage von zweitausend Kronen für den gegenwärtig im Deutschen
835 2229 2062 2312 Volkstheater gespielten Einacter=Cyllus „Lebendige
845 2266 2096 2366 Stunden“ erhalten. Man wird diese Entscheidung des
843 2300 2093 2404 Bauernfeld=Curatoriums mit großem Beifall begrüßen. Die Ver¬
836 2361 2097 2461 leihung erfolgte einstimmig nach kurzer Debatte. Die letzten
839 2419 2092 2513 Preise, die im October des Vorjahres verliehen wurden, erhielten
838 2470 2094 2553 Richard Nordmann (Margarethe Langkammer), J. J. David,
836 2515 2107 2604 Victor Leon, Frenssen und Stefan Milow; im Früh¬
850 2567 2094 2657 jahre des Vorjahres erhielt den Preis Dr. Karl Schönherr
1376 2605 2102 2685 — Uebrigens steht auch die Verleihung
851 2637 1382 2712 für den „Sonnwendtag“. —
845 2660 2098 2747 des Raimund=Preises unmittelbar bevor. Die Jury
860 2690 2264 2805 schwankt in der Wahl zwischen den Volksstücken „Der Kreuz=selusive
2060 2742 2231 2792 n Porto.
860 2755 2245 2845 wegstürmer“ von Werkmann und „Der Herr Gemeinderath sahlbar
858 2831 2286 2896 von Schrottenbach. Der Letztere hat übrigens für ein Voraus.
848 2863 1892 2937 Volksstück bereits einmal den Raimund=Preis erhalten.
1257 2874 2288 2953 2. Sndchen Bureanx fur Zeitungeaussennitte ist das
1926 2915 2293 2982 auch steht es den
858 2935 1879 2995 Abonnement durch keine bestimmte Zeitdauer begrenzt;
858 2964 2169 3031 Abonnenten frei die aufgegebenen Themen zu ergänzen oder zu ändern.
976 3029 2300 3119 Der „OBSERVER“ veranstalter läglich einen Auszug enthaltend die
860 3093 2282 3155 Inbaltsangabe aller wichtigen Mittheilungen der Wiener Morgen¬
866 3150 2298 3199 blätter (Tagesjournale ausser „Neue Freie Presse“ und Wiener Zeitung")
859 3185 2312 3236 wodurcl, eine Uebersicht über das gesammte politische und wirthschaftliche
858 3212 2293 3276 Leben des In- und Auslandes in drastischer Kürze geboten wird. Diese Mit¬
856 3252 1884 3335 theilungen werden in Wien um 9 Uhr Früh verschickt.
1194 3321 1953 3420 Prospecte guaris und fnanco.
