3344 4384
1215 250 1658 354 box 40/1
205 289 1137 384 Bauernfereis
819 1606 1595 1666 Aus dem Lebenslaufe Hartels.
689 1643 1772 1719 Wilheln Mitter v. Hartzel war in Hof in Mähren
1272 1690 1768 1757 sein Vater als städtischer
624 1713 1195 1773 am 128. Mci) 1839 geboren,
1016 1738 1769 1791 Seine Oiasialstubien absoldierte er
628 1750 986 1813 Beamter fuflgierte
1221 1783 1784 1852 (Pred. Amt Nenstöbter Gym¬
630 1789 1135 1857 in Troppau und späten
630 1824 1777 1887 nasium, von wo ##hn Jahre 1859 all die Untversität Wien
625 1869 1773 1932 kam. Unter Bonitz und Vaylen widmete er sich dem Studium
639 1912 1778 1974 der Philologie. Er legte im Jahre 1863 die Lehramtsprüfung
638 1957 1780 2021 für klassische Philologie ab und promovierte am 1. März 1864.
639 2005 1772 2065 In den Jahren 1865 und 1866 supplierte er am Akademischen
631 2048 1776 2109 Gymnasium in Wien unter Direktor Hochegger. Um sich die
1875 83 2905 145 er  n
1763 129 2915 188 chischen Historikers Virk die Leitung der Hofbibliother in
1774 174 2855 217 Wien übertragen, deren Direktor er durch fünf Jahre blieb.
1842 220 2909 271 Am 23. Januar 1896 wurde Hartel, der seit dem 2. April
1770 264 2920 311 1891 als Mitglied der Verfassungspartei dem Herrenhause des
1769 312 2915 349 Reichsrates angehörte, nach der Berufung Rittners zum Minister
1772 354 2918 402 für Galizien an dessen Stelle zum Sektionschef im Unterrichts¬
1778 398 2922 441 ministerium in der Aera Badeni ernannt und mit der Leitung
1769 437 2918 500 des Hochschulreferats betraut. In jene Zeit fiel die Abschaffung
1767 476 2920 525 des Kollegiengeldes und die Zulassung der Frauen zum Uni¬
1765 524 2923 578 versitätsstudium. An beiden Verfügungen hatte Hartel tätigen
1775 567 2920 616 Anteil. Dann kamen im Januar 1898 die stürmischen Vor¬
1779 608 2927 665 gänge an den deutschen Universitäten und Techniken in Wien
1778 649 2914 699 und Prag, wo der nationale und konfessionelle Kampf zu
1782 695 2932 737 argen Ausschreitungen der Studenten Anlaß bot. Die Re¬
1781 737 2927 784 gierung versügte das Verbot des Tragens von Vereinsabzeichen
1779 780 2792 826 und Farben für die deutschen Studenten im Wege
2799 782 2920 832 einer
1789 815 2804 868 Polizeiverordnung. Damit goß sie Oel in das Feuer.
2812 821 2930 878 In
1777 859 2935 909 Prag beschloß der akademische Senat, in seiner Gesamtheit zu
1786 900 2934 961 resignieren. Die Demonstrationen der Studenten nahmen immer
1786 944 2935 998 stürmischere Formen an. Minister Latour verfügte die Si¬
1785 991 2925 1038 stierung der Vorlesungen an allen deutschen Hochschulen mit
1785 1037 2935 1075 Ausnahme von Czernowitz. In den Hofkreisen verlangte man
1778 1066 2926 1131 bie rasche Unterdrückung der Demonstrationen. Die Regierung
1793 1113 2942 1171 deliberierte, ob sie nicht die Universitäten für längere Zeit
1794 1150 2940 1216 schließen solle. Hartel als Referent im Unterrichtsminksterium
1784 1195 2937 1241 bemühte sich, diesen Beschluß hintanzuhalten und den Frieden
1789 1240 2943 1300 an den Uniersitäten herzustellen. Die Regierung entschloß sich
1793 1288 2933 1345 am 2. März 1898, das Farbenverbot aufzuheben. Damit
1782 1324 2948 1383 kehrte die Ruhe in der Universität zurück. Am 2. Oktober
1783 1370 2947 1417 1899 wurde Hartel im Kabinett Clary zum Leiter des Unter¬
1782 1416 2934 1473 richtsministeriums ernannt und trat mit dem Chef des
1794 1460 2944 1512 Kabinetts am 21. Dezelnber 1899 von diesem Posten zurück
1855 1501 2951 1549 Wenige Tage später, am 18. Januar 1900, wurde
1791 1528 2946 1608 Hartel im Kabinett Koerber Unterrichtsminister. In dem un¬
1797 1581 2942 1641 entwegten Kampfe um die Schule, welche die Klerikalen
1798 1639 2944 1690 konfessionell und die Föderalisten national gestalten wollen,
2031 1671 2935 1718 Hartel auf das Lavieren verlegt, den
1791 1679 2015 1736 hatte sich
2468 1709 2866 1775 er sich schwach 1
1798 1714 2469 1781 Christlichsozialen gegenüber zeigte
1958 1753 2954 1808 wiederholt durch ihre Drohungen einschüchtern.
1795 1767 1897 1818 ließ
2536 1798 2944 1864 angesichts der Be¬
1792 1801 2448 1867 Schon im März 1901 hatte
1795 1843 2953 1902 schwerden über die Uebergriffe des Klerus und das Vorgehen
1796 1879 2949 1934 der Christlichsozialen im Wiener Bezirks= und Landesschulrate
1795 1936 2955 1989 bei Disziplinierung freisinniger Lehrer heftige Vorwürfe von
1804 1983 2950 2029 Seite der Parteien der Linken erfahren. In die Zeit seiner
1794 2016 2941 2075 Amtsführung fällt die Verordnung über die Rigorosenordnung
1798 2053 2953 2120 für tochnische Hochschulen, wodurch für die Techniker die Be¬
1797 2100 2887 2159 dingung für die Erlangung der Doktorwürde gegeben war.
1871 2137 2958 2204 Im April 1901 brachte er die Verhandlungen über den
1795 2199 2952 2246 Bau der neuen Kliniken und des Allgemeinen Krankenhauses
1796 2233 2955 2293 in Wien zum Abschlusse. Die Unzulänglichkeit aller Hochschul¬
1797 2277 2955 2345 gebäude für die Zwecke des Unterrichtes, die mangelhafte Ein¬
1805 2318 2966 2378 richtung ihrer Institute führten zu einem gemeinsamen An¬
1805 2358 2952 2428 sturm aller akademischen Senate auf die Unterrichtsverwaltung,
1799 2404 2958 2473 von der sie die Abstellung dieser Mißstände verlangten. Dazu
1799 2451 2958 2508 kamen die Klerikalen, die eine Universität in Salzburg, die
1807 2492 2959 2562 Czechen, die eine Universität in Mähren, die Italiener, die
1808 2534 2954 2594 eine Universität in Triest verlangten. Der Minister war aus
1800 2574 2951 2634 finanziellen und aus politischen Gründen nicht in der Lage,
1799 2620 2959 2679 diesen Forderungen zu entsprechen. Er mußte sich deshalb
1806 2662 2967 2734 manchen schweren Anwurf gefallen lassen, war aber bemüht,
1804 2703 2963 2763 wenigstens seinen guten Willen zu zeigen und nach Mög¬
1811 2745 2966 2821 lichkeit Hilfe zu bringen. Unter ihm wurden die Unterrichts¬
1812 2790 2968 2852 räume an der Wiener Technik erweitert, das elektrotechnische
1818 2829 2967 2898 Institut vollendet. Auch das physiologische Institut an der
1810 2864 2969 2934 Wiener Universität, die Bauten an der Grazer Universität
1811 2919 2967 2983 förderte Hartel. Erst in den letzten Wochen suchte er den be¬
1818 2956 2972 3030 rechtigten Klagen der Prager Hochschulen über Raummangel
1821 3018 2028 3074 abzuhelfen.
1900 3028 2970 3107 Bittere Stunden bereiteten ihm die bildungsfeindlichen Er¬
1821 3089 2964 3171 scheinungen auf Wiener Boden, denen gegenüber er es
1817 3128 2979 3191 an Energie mangeln ließ. Die klerikale Bewegung war stärker
1831 3181 2970 3239 als der Minister, und er hatte nicht Widerstandskraft genug,
1827 3225 2494 3296 sich ihr entschieden entgegenzusetzen.
1907 3243 2981 3320 Hartel hat als Unterrichtsminister auch Einfluß auf die
1826 3312 2988 3363 Kunstbewegung in Oesterreich geübt. Er war ein Freund der.
1821 3345 2973 3400 Künstler und förderte sie, soweit es in seiner Macht stand. In
1826 3386 2982 3456 dem Kampfe gegen die Sezession nahm er für die Sezessionisten
1830 3420 2977 3493 Partei, und als er wegen der Bilder Klimts, die er zur Aus¬
1839 3490 2975 3544 schmückung der Aula in Wien bestellt hatte, im Abgeordneten¬
1826 3533 2980 3584 hause interpelliert wurde, erklärte er, diese Richtung in der
1823 3578 2988 3622 Kunst sei das Ergebnis einer stetigen Fortentwicklung, welche
1829 3600 2977 3669 durch tieferliegende Wandlungen des gesamten materiellen und
1835 3667 2978 3710 geistigen Lebens bedingt ist. Hartel war auch Mitglied des
1837 3684 2982 3753 Kuratoriums der Bauernfeld=Stiftung, und auch in dieser
1837 3741 2987 3790 Eigenschaft wurde er zur Zielscheibe christlichsozialer Angriffe.
1846 3775 2996 3838 Er setzte sich gegen eine Interpellation des Abg. Pattai
1834 3835 2980 3888 zur Wehre, der ihm zum Vorwurfe machte, daß er für die Zu¬
1840 3866 2983 3921 teilung des Bauernfeld=Preises an Arthur Schnitzley ge¬
1839 3890 2987 3973 stimmt hatte. Hartel erklärte damals, mer seiner=Teil¬
1832 3938 2991 4009 nahme Gerechte und Sünder, Christen und Juden, Ausländer
1844 3984 2989 4048 und Inländer diese Auszeichnung zuerkannt erhielten, da nach
1834 4020 2988 4085 dem Stiftsbriefe nicht der Taufschein, sondern die literarischen
1833 4076 2418 4153 Leistungen maßaebend wären.
