3344 4352
155 2336 242 2406 em
162 2951 263 3011 das
163 3003 230 3055 de
173 3046 264 3098 der
186 3549 274 3617 ert¬
181 3596 280 3658 ind
230 3696 289 3754 n
178 3778 280 3833 dem
188 3820 285 3886 tzen
176 3867 267 3944 nst¬
186 3947 283 4006 hur
180 4126 291 4184 ung
185 4172 291 4223 Fach¬
1227 292 1663 392 box 40/1
214 314 1080 425 Bauernfeld-Preis
1158 502 3076 606 mnäßig großen Zahl von Pramiirungen jüdischelf Ehlengabe vorführen, bezeichnete Professor
2111 556 3065 619 Minor als die alte abgespielte Walze.
319 559 1035 634 Der Wortlaut der Interpellation.
1156 579 2115 648 Literaten aus dieser Stiftung, angesichts der zahl¬
2112 601 3066 682 Es könne selbstverständlich nicht in Betracht
230 605 1145 694 Die Interpellation hat folgenden Wortlaut:
1161 617 2113 694 reichen, wirklich förderungsbedürftigen und ver¬
2111 652 3069 709 kommen, ob ein in Vorschlag zu bringender
246 667 1146 745 „Das Curatorium der Bauernfeld¬
1164 659 2121 735 möge ihres Talentes auch würdigen nichtjüdischen
2118 683 3083 759 Autor Christ oder Jude sei. Dies wäre
191 709 1145 786 Stiftung hat in seiner Sitzung vom
1166 714 2110 774 Schriftsteller und angesichts der Verantwortung,
2118 737 3077 798 völlig lächerlich. Man könne bei Beurthei¬
205 745 1149 821 16. März 1903, welcher die Mitglieder: Minister
1155 756 2118 821 welche die Einhaltung der Zwecke der Bauern¬
1163 776 3075 868 feld=Stiftung dem Curatorium auferlegt, zu lung von Dichterwerken doch nicht erst
204 795 1156 860 für Cultus und Unterricht Dr. v. Hartel, Dr.
2109 815 3075 898 ein confessionelles Register anlegen! Auch
196 836 1157 906 Alfred Freiherr v. Berger, Professor der
1156 854 1453 916 rechtfertigen?“
2114 866 3082 920 entspreche die Behauptung Dr. Pattai's, daß die.
189 887 1154 968 deutschen Literaturgeschichte an der Wiener Uni¬
1254 888 2020 972 Ein Interview mit Arthur Schnitzler.
2123 904 3075 978 „Lebendigen Stunden“ minder gefallen hätten,
206 921 1158 995 versität Dr. Jacob Minor und Dr. Edmund
2110 965 3085 1016 nicht im geringsten den Thatsachen. Der lite¬
1202 931 2109 1019 Auf unsere Anfrage theilt uns Herr Doctor
199 968 1163 1035 Weissel beiwohnten, einstimmig beschlossen,
2129 992 3086 1060 rarische Wert dieser Einacter und ihr bedeuten¬
1159 1008 1745 1093 Arthur Schnitzler mit:
206 1001 1173 1082 aus den Erträgnissen der Bauernfeld Stiftung
2128 1034 3080 1102 der Erfolg stehen fest, so daß man über sie
1207 1027 2111 1113 „Lebendige Stunden“ haben im
200 1055 1161 1130 einen Preis von 2000 Kronen dem Literaten
2132 1082 3088 1148 kein Wort mehr zu verlieren
1166 1085 2111 1156 Berliner Deutschen Theater einen sehr starken
204 1099 1160 1181 Arthur Schnitzler für seinen Einactercyklus
2125 1115 3095 1185 brauche. Der Vorschlag, diesmal den Autor
1171 1127 2121 1198 Erfolg gehabt, der auch von der ganzen Berliner
207 1153 924 1229 „Lebendige Stunden“ zu verleihen.
2129 1165 3088 1234 der „Lebendigen Stunden auszuzeichnen,
1173 1172 2127 1247 Presse constatirt wurde. Selbst die dortigen
258 1180 1158 1252 In dieser Verleihung erblicken die unterzeich¬
2137 1216 3098 1287 sei von Baron Alfred Berger ausgegangen
1167 1213 2125 1294 santisemitischen Zeitungen haben sich
217 1228 1164 1296 neten Abgeordneten eine Verletzung der Rechte
2136 1253 3100 1327 und ihm haben sich die anderen Preisrichter
1164 1260 2129 1325 anerkennend über die vier Einacter aus¬
204 1269 1163 1349 [der nichtjüdischen Schriftsteller¬
2130 1297 3098 1366 ohne weiteres angeschlossen. Welches Werk wäre
1169 1296 2133 1381 gesprochen. „Lebendige Stunden“ sind in Berlin
205 1317 1171 1387 welt unserer Heimat und einen Verstoß gegen
2137 1338 3098 1409 denn sonst in Betracht gekommen? Professor
1176 1345 2133 1413 etwa vierzigmal und vom Deutschen
217 1356 1171 1424 den Sinn und Zweck der Stiftung und die un¬
2131 1389 3090 1457 Minor gab zu, daß der Durchschnitt unserer
1174 1394 2132 1456 Theater gelegentlich des vorjährigen kurzen Gast¬
214 1397 1164 1471 begründete Auszeichnung eines nicht preiswürdi¬
2140 1429 3099 1509 neuesten Belletristik ohne Zweifel im Niveau
1178 1428 2121 1513 spieles in Wien noch weitere zehnmal auf¬
215 1448 1164 1517 gen Werkes, und zwar aus folgenden Gründen:
2136 1470 3112 1547 gestiegen sei, aber wo wäre der Roman, der
1179 1479 2129 1548 geführt worden. Wer also behauptet, der
223 1490 1162 1553 Das preisgekrönte Werk, die vier Einacter „Le¬
2139 1518 3016 1600 preiswürdig über diesem Niveau stünde?
1187 1522 2134 1595 Cyklus sei wirkungslos vorüber¬
218 1529 1177 1599 bendige Stunden“ hat weder bei seiner Auffüh¬
2184 1551 3107 1636 In einem Parteiblatte habe man Kranewitter
1184 1562 2133 1635 gegangen, der spricht entweder leicht¬
230 1568 1172 1640 rung in Berlin noch bei der durch das Ensemble
2136 1600 3107 1680 und Schrottenbach genannt, die die Ehrengabe
1188 1601 2137 1677 fertigerweise von Dingen, die er nicht
220 1619 1172 1688 des Berliner Deutschen Theaters im Wiener
2135 1647 3113 1728 verdient hätten. Kranewitter's „Andre
1183 1655 2126 1728 kennt, oder er sagt bewußt eine Lüge.
227 1658 1186 1736 Carl=Theater noch auch bei der kürzlich im
2149 1684 3114 1762 Hofer“ sei jedoch schon vor der vorletzten
1224 1702 2136 1751 Auf unsere weitere Anfrage über die etwaige
228 1705 1176 1771 Wiener Deutschen Volkstheater erfolgten eine
2147 1736 3110 1800 Sitzung des Curatoriums aufgeführt worden
1186 1736 2138 1809 Vorgeschichte der Bauernfeld=Ehrengabe erklärt
231 1748 1173 1811 tiefere Wirkung geübt oder auch nur oberfläch¬
2145 1772 3106 1846 und thatsächlich habe man Kranewitter damals
1190 1788 1602 1859 Dr. Schnitzler:
231 1791 1169 1859 lich den Eindruck eines Dichterwerkes gemacht.
2143 1817 3115 1892 vorgeschlagen. Doch wurde offenbar keine Einigung
1225 1822 2144 1905 Ich habe mich niemals um irgend
234 1835 1182 1902 Die ausdrückliche Rangerhöhung desselben durch
2145 1868 3106 1936 erzielt. Auch Dörmann sei so seinerzeit für seine
1190 1869 2142 1935 einen Preis noch um irgend eine
235 1881 1186 1941 eine Prämiirung in Wien muß daher im Aus¬
2159 1896 3111 1980 „Ledigen Leute“ vorgemerkt worden und erhielt
1194 1913 2134 1981 Ehrengabe noch sonst um eine lite¬
228 1923 1184 1979 land die falsche Vorstellung erwecken, als hätte
693 1972 739 2004 ##
2149 1945 3115 2025 die Ehrengabe mehrere Jahre später für den
1202 1944 2135 2024 rarische Würdigung beworben. Weder
240 1959 1189 2027 das österreichische Schriftthum thatsächlich keine
2152 1996 3120 2073 „Herrn von Abadessa“, in dessen Richtung man
1197 1998 2140 2068 direct noch indirect. Ich habe weder
241 2001 1186 2076 besseren Producte aufzuweisen als derlei Min¬
2149 2044 3117 2106 eine Wendung zum Bessern erblickt habe,
1194 2037 2148 2108 der Bauernfeld=Stiftung noch
233 2062 584 2127 derwertigkeiten.
2158 2081 3117 2158 Schrottenbach stehe dagegen für das Cu¬
1200 2080 2142 2155 irgend einem anderen ähnlichen Comité meine
271 2076 1190 2152 Die Meinung des Auslandes über die heimische
2163 2133 3119 2197 ratorium der Bauernfeld=Stiftung, da sein „Herr
1201 2136 2143 2198 Bücher eingereicht. Ich kenne weder den Herrn
242 2140 1184 2201 Literatur wurde aber durch das Vorgehen des
2154 2184 3133 2240 Gemeinderat“ im Raimund=Theater gespielt wurde,
1199 2172 2151 2255 Unterrichtsminister noch den Herrn Dr. Weissel
246 2182 1188 2243 Bauernfeld=Curatoriums auch noch in weiterer
2155 2213 3130 2294 gleichsam außer Concurs, weil es ja auch einen
1199 2217 2139 2288 und habe seit langer Zeit weder mit
239 2231 1190 2295 Hinsicht consequent irregeführt, da die Preise der
2162 2254 3122 2327 Raimund=Preis gebe. Die „alte Walze“ der
1202 2258 2161 2331 Herrn Baron Berger noch mit Herrn
245 2263 1191 2325 Stiftung innerhalb ganz kurzer Zeit einer unver¬
2159 2294 3138 2369 Unzufriedenen könne die Preisrichter auch heute
1211 2293 2151 2380 Professor Minor gesprochen. Niemals
240 2313 1202 2367 hältnißmäßig großen Zahl von jüdischen
2168 2340 3138 2415 nicht irritiren; sie hätten nach ihrem besten
1210 2346 2157 2421 aber war zwischen mir und diesen
244 2352 1198 2415 Literaten zugewiesen wurden, und zwar sol¬
1207 2386 2159 2462 Herren von einem Bauernfeld¬
246 2393 1193 2463 chen von untergeordneter Bedeutung. Es sind dies
2160 2387 2812 2483 Wissen und Gewissen gehandelt.
1198 2432 2162 2512 [Preis die Rede. Weder das erstemal
256 2445 1200 2505 Dr. Leo Hirschfeld, prämiirt für die Ko¬
1205 2470 2167 2541 noch jetzt, weder mündlich noch schrift¬
244 2481 1201 2560 mödie „Die Lumpen“ der Erotiker Felix Dör¬
1200 2507 2183 2605 lich. Ich bin auch nicht Mitglied
257 2522 1212 2596 mann (richtig Biedermann) für ein gänzlich
254 2566 1201 2632 verschollenes Drama „Der Herr von Abadessa“
253 2545 2181 2681 der Literarhistoriker Dr. Emil Horner fürsder „Concordia“ und gehöre keinem
1221 2609 2171 2685 Freimaurerverbande an. Ich stehe
1211 2665 2170 2722 allen diesen Dingen von jeher gänzlich fern.
257 2654 1207 2726 eine Bauernfeld=Biographie, der Librettist von
1246 2701 2183 2772 Eine Anerkennung meiner Arbeiten, die mir
253 2694 1212 2757 Oberettentexten Victor Leor (richtig Hirsch¬
1216 2721 2182 2808 von berufener Seite spontan entgegengebracht
257 2737 1206 2821 feld) für ein vor langer Zeit jegebenes Stück
1216 2770 2182 2855 wird, nehme ich selbstverständlich dankbar an
270 2786 1210 2854 „Gebildete Menschen“ und schließlich Arthur
1230 2815 2182 2898 und glaube niemandem dafür Rechenschaft
258 2827 1174 2893 Schnitzler für die „Lebendigen Stunden“
300 2847 1214 2930 Unter diesen Umständen muß im Ausland die
1217 2877 1556 2950 schuldig zu sein.
1254 2903 2196 2986 Ueber die Interpellation des Dr. Pattai
267 2911 1222 2980 irrige Anschauung entstehen, daß einerseits die
266 2948 1220 3024 deutsche Literatur in Oesterreich fast nur von
1225 2961 1818 3034 äußert sich Arthur Schnitzler:
1263 2983 2200 3062 Derlei interessirt mich nicht, und ich habe
262 2993 1224 3074 Juden geschrieben wird, andererseits die Qualität
1228 3041 2195 3108 keinen Anlaß, von so nebensächlichen Zwischen¬
269 3050 798 3117 eine äußerst niedrige ist.
307 3075 1212 3150 Diese unleugbare Bevorzugung jüdischer
1230 3084 2184 3168 fällen auch nur im geringsten Notiz zu nehmen.
261 3120 1220 3185 Literaten durch das Curatorium der Bauernfeld¬
1320 3137 2099 3222 Ein Interview mit Professor Minor.
270 3169 1236 3242 Stiftung bedeutet aber auch eine Zurücksetzung
1270 3192 2196 3270 Ein Mitarbeiter der „Zeit“ hatte Gelegenheit,
275 3221 1224 3286 und die Mitarbeit an der Unterdrückung der nicht¬
1227 3244 2193 3312 mit einem der Preisrichter, Herrn Universitäts¬
273 3250 1227 3327 jüdischen Schriftsteller Oesterreichs, die, durch den
1228 3286 2200 3364 professor I. Minor, über die oben wieder¬
276 3301 1226 3372 Boycott der einflußreichen jüdischen Presse und
1232 3317 2198 3404 gegebene Interpellation zu sprechen. Professor
265 3343 1221 3410 die Cartelle der jüdischen Gewerbsliteraten schon
1237 3365 2198 3446 Minor bezweifelt es sehr, daß Unterrichts¬
272 3395 1219 3460 an sich in bedrängter, mituntertrotz ihrer Begabung
1242 3396 2199 3488 minister Dr. Hartel auf die Interpellation
281 3431 1230 3505 fast aussichtsloser Lage, gerade auf die ethische
1237 3463 2196 3531 überhaupt erwidern wird. Schon an¬
281 3484 1231 3547 und materielle Förderung durch ähnliche Einrich¬
1231 3501 2209 3573 läßlich der Verleihung der Bauernfeld=Ehren¬
277 3517 1225 3598 tungen, wie die der Bauernfeld=Stiftung ist, als
1229 3539 2193 3630 gabe an Felix Dörmann sei im December
288 3565 1221 3631 einzige Hoffnung hinblicken und die schwere Ent¬
1235 3584 2206 3661 1901 im Parlament eine ähnliche Anfrage an
280 3604 1232 3672 täuschung erleben müssen, mit Absällen abgespeist
1241 3633 2200 3710 den Unterrichtsminister gerichtet worden, die er
287 3658 861 3737 oder übergangen zu werden.
1240 3665 2207 3761 auch u beantwortet gelassen habe, da er nicht
322 3687 1231 3766 Die Verleihung ist endlich gegen die Absicht der
1244 3722 2206 3795 als Minister, sondern als Privat¬
281 3743 1230 3813 Bauernfeld=Stiftung gerichtet, in deren Sinn es
1237 3746 2212 3833 [person Mitglied des Curatoriums der
284 3782 1227 3860 gewiß nicht liegt, die Ausbreitung des semitischen
1240 3804 2198 3875 Bauernfeld=Stiftung sei. Dies sei nun noch
287 3832 1226 3906 Geistes in der Literatur zu fördern, welche das
1243 3848 2214 3922 immer unverändert geblieben und Dr. Hartel
283 3876 1230 3946 sittliche und ästhetische Gefühl der Stamm¬
1244 3892 2218 3973 müsse dem Parlament in Sachen der Stiftung
294 3920 1239 3985 bevölkerung Oesterreichs oft genug, so auch in
1252 3958 1652 4017 nicht Rede stehen.
290 3960 1239 4027 den Werken der prämiirten Hirschfeld,
1291 3958 2207 4071 Professor Minor berichtigt die allgemeine Be¬
290 3999 1253 4070 Schnitzler und Dörmann. gröblich verletzt.
1247 4010 2209 4108 zeichnung „Bauernfeld=Preis“ und sagt, es
281 4047 1247 4101 die Vertreter dieser fremden Richtung in unserem
1241 4067 2212 4161 handle sich da um keine Preiskrönungen, sondern
289 4096 1239 4167 Schriftthum aber auf Kosten der autochtho¬
1244 4112 2207 4188 nur um Ehrengaben. Die Höhe der¬
299 4129 1250 4203 nen Dichter und Schriftsteller zu stützen und
1664 4156 2211 4200 ###„ Umständen ab, habe
