3344 4384
2178 182 2329 256 —
1529 193 2048 279 ——
1244 288 1693 367 box 40/1
271 296 361 360 Ba
231 291 1092 385 —Enfeld-Preis
321 1443 1550 1532 richt liebevoll einander abgenommen. Sie ist so dreist!
1789 1502 2996 1586 diesmal durch eine unselige Interpellation compromittiert
325 1520 1538 1597 erfunden, daß sich die von der Berührung mit Zeitungs¬
1790 1555 2995 1635 hat. Schnitzler’s ganzes Ansehen auf das Conto der
334 1561 1544 1630 schmutz stets ferne Künstlerin entschließt, den Sach¬
1778 1598 2984 1687 jüdischen Cliquenwirtschaft zu setzen, ist ein Be¬
334 1609 1544 1685 verhalt in zwei Blättern richtigzustellen, in deren
1784 1662 2986 1721 ginnen, über das man selbst in antisemitischen Re¬
327 1660 1540 1744 Theatertheil die Lügennotiz bis dahin nicht gedrungen
1792 1713 2992 1782 dactionen gelacht haben muß. Wer sich über die
324 1713 1540 1791 war. Glaubt man, daß auch nur eines der Lügen gestraf¬
1791 1748 2987 1837 Verleihung des Bauernfeldpreises an die Firmen Spitzer
318 1769 1541 1824 ten Klatschblätter die Berichtigung übernommen hat?
1776 1806 2991 1883 und Gebrüder Hirschfeld entsetzt hat, muß die Aus¬
325 1813 1540 1881 Inzwischen aber können etliche Gastspielanträge von
1776 1859 2994 1937 zeichnung Schnitzler’s geradezu als eine Rehabilitierung
312 1857 1536 1934 Provinztheaterdirectoren, die den jungen Heldendar¬
1787 1903 2992 1978 des Bauernfeldpreises empfinden. Ein antisemitischer
321 1917 1539 1988 steller ihrem Publicum als Prinzivalli vorführen
1781 1954 2985 2037 Schützer des heimischen Literaturgewerbes freilich,
319 1965 1544 2035 wollten und eifrige Leser des „Neuen Wiener Journal“
1771 1992 2987 2082 dem die Bodenständigkeit über das Talent geht, achtet
323 2012 1528 2085 sind, zu Wasser geworden sein. Der dem Schau¬
1771 2060 2990 2133 solcher Nuancen nicht. Aber die Interpellation zeigt
313 2064 1539 2109 spieler durch müßigen Zeitungsklatsch bereitete Schaden
1769 2107 2987 2176 auch eine bemerkenswerthe Unkenntnis des Wesens
313 2096 1540 2180 läßt sich in diesem wie in jedem anderen Falle mit
1776 2150 2984 2225 der Bauernfeld-Stiftung. Gewiss ist es bedauerlich,
326 2158 1530 2210 der von der Civilprocessordnung erforderten Ge¬
1765 2217 2989 2279 daß Leute, deren Wohlhabenheit noch notorischer ist
319 2205 1531 2276 nauigkeit feststellen. Man versuche es einmal. Zu einer
1773 2260 2979 2328 als ihr Talent, nicht nur der moralischen Ehrung, son¬
312 2255 1538 2321 Beleidigungsklage gehört jenes Maß von Opfermuth,
1774 2292 2965 2380 dern auch des Geldpreises theilhaftig werden, welcher
329 2298 1540 2369 daß dem Einzelnen nicht zugemuthet werden kann;
1767 2353 2971 2417 so manchem, den Noth an freier Entfaltung seines
324 2349 1522 2428 ihr Erfolg schadet dem Einen und nützt der Gesammt¬
1769 2394 2976 2475 Könnens bisher gehindert hat, Erleichterung schüfe.
314 2396 1540 2480 heit nichts. Ein Schadenersatzbegehren, in flagrantem
1768 2456 2972 2522 Aber leider haben die Statuten die Bauernfeldpreis¬
308 2453 1540 2526 Falle gestellt, erfordert nicht die geringste Courage
1756 2491 2977 2566 richter zu solchem Samariterdienst nicht verpflichtet,
308 2501 1444 2577 und würde — außer dem persönlichen Erfolg
1761 2542 2966 2623 sie vielmehr zur Auszeichnung der ihnen werth¬
311 2559 1531 2612 zwischen dem Stande und seinen Bedrückern mit
1761 2600 2965 2666 voll scheinenden Werke verhalten. Gewiss sollte
319 2594 1194 2687 einem Schlage die alten Bande lösen.
1766 2632 2978 2721 der Mensch, nicht das Buch den Preis davontragen.
1760 2700 2970 2767 Aber dann würde ich Vorschläge machen, die den
1016 2655 1419 2806 eete
1757 2742 2972 2818 auf Bodenständigkeite versessenen Interpellanten
1753 2788 2979 2867 auch nicht annehmbar schienen. Die christlichsocialen
1745 2811 2958 2911 Herren mögen versichert sein, daß sie den Spreng¬
414 2808 1511 2912 Der zur Aufregung aller Unbetheiligten ge¬
1757 2898 2969 2969 stoff, der durch vier Jahre „Fackel“ in die 5jüdische
308 2894 1517 2958 schaffene  Bauernfeldpreise hat wieder einmal Zank und
1758 2929 2966 3014 Literateneliques getragen wurde, beim besten Willen
311 2932 1530 3012 Lärmen in dies stille Thal gebracht. Als Herr Dörmann
1745 2987 2960 3050 nicht vermehren, seine Wirkung höchstens durch un¬
310 2996 1530 3087 prämiiert wurde, der die Commission durch ein dem
1758 3043 2963 3107 geschicktes Hantieren mit längst nicht mehr zündenden
302 3039 1527 3094 Handel noch nicht übergebenes Buch getäuscht hatte,
1751 3088 2956 3159 Schlagworten verpatzen können, Ich schätze den
311 3096 1521 3164 war ich unzufrieden. Mit viel weniger Berechtigung ist
1747 3131 2957 3202 Schaden, den die literarische Hyksos-Herrschaft
302 3137 1520 3217 es bei der Ehrung Arthur Schnitzler’s der Abgeordnete
1744 3188 2963 3257 angerichtet hat, noch viel höher als Herr Dr. Pattai;
304 3187 1528 3284 Pattai, der den dankenswerthen Schutz des heimischen
1752 3227 2951 3310 denn ich schätze die schristlichen Talentes, die auf
300 3245 1528 3319 Literaturgewerbes gegen die Kunsthausierer, den zur
1753 3280 2946 3357 verwüstetem Boden sich kaum entfalten konnten, ge¬
302 3290 1529 3371 verlangen gewiss auch das Parlament berechtigt ist,
1740 3329 2951 3401 ringer. Es werden, wenn ungeschickte Interpellationen
2659 3461 2715 3532 5
