3392 4352
188 280 1045 379 Rauernfeld-Preis
1193 264 1645 356 box 40/1
1132 932 2152 1072 erX Türkenstrasse 17
963 979 1138 1078 9
1107 1028 2073 1129 — Filiale ia Budapest: Eigyelö“, VIII Josefering
1533 1127 1903 1242 Deutsche
2064 1131 2199 1242 in
1004 1178 1438 1281 usschnitt aus
1117 1268 1423 1385 454
1295 1316 1480 1438 G
1009 1325 1164 1426 hm
1254 1430 1403 1540 Ahe
1240 1569 2263 1647 Das Curatorium der Ednard Bau#nfel
1184 1637 2393 1697 Prämienstiftung, bestehend aus den Herren Professoren Doctor#
1178 1687 2360 1746 Alfred Freiherrn v. Berger, Sectionschef Dr. Wilhelm Ritter
1169 1736 2369 1793 v. Hartel, Hofschauspieler Josef Lewinsky, Professor
1166 1801 2359 1862 Dr. Jakob Minor und Hof= und Gerichtsadvocaten Doctor
1173 1828 2360 1891 Edmund Weißel, hielt am 20. d. eine statutarische Jahres¬
1171 1889 2355 1964 sitzung ab und beschloß einhellig, folgende Ehrengaben
1176 1929 1455 2004 zu verleihen:
1253 1964 2354 2037 Dem Schriftsieller Ferdinand v. Saar für seine
1179 2035 2345 2091 „Novellen aus Oesterreich“, dem Schriftsteller Arthur
1191 2067 2351 2127 Schnitzler für seine Novelle: und dramatische Arbeiten,
1182 2118 2360 2179 dem Schriftsteller C. Karlwets für sein Volksstück „Das
1184 2165 2360 2231 liebe Ich“ Ehrengaben von je 1000 fl., ferner dem Schrift¬
1179 2201 2444 2284 steller Leo Hirschfeld für seine Komödie „Die Lumpen“.
1173 2259 1742 2329 eine Ehrengabe von 500 fl.
1260 2304 2359 2376 Eine neue Preisausschreibung wurde nicht beschlossen.
1176 2333 2438 2415 Die im vorigen Jahre verlautbarte Preisausschreibung für
1177 2407 2356 2460 die beste biographische Arbeit, welche die Bedeutung Bauern¬
1180 2451 2353 2510 felds für die Entwicklung der deutschen Lustspieldichtung
1170 2505 2341 2561 überhaupt und für das Repertoire des Burgtheaters ins¬
1136 2551 2359 2613 (besondere behandelt, behält ihre Giltigkeit bis Ende
1153 2599 1509 2666 December 1899.
1261 2640 2337 2712 Diese Preiszuerkennung fordert zu den Klagen heraus,
1167 2696 2347 2762 die wir in Oesterreich bei fast allen Literatenprämiirungen
1173 2727 2348 2807 zu wiederholen haben. Ganz ungerechtfertigterweise erscheinen
1167 2803 2337 2856 darin zwei Juden mit Preisen bedacht, Arthur Schnitzler
1177 2841 2340 2891 und Lep Hirschfeld, von dem der Abstammung und Ge¬
1169 2876 2340 2943 sinnung nach derselbe. Clique angehörigen Karlweis
1160 2925 2339 3013 nicht zu sprechen. Die Verdienste Arthur Schnitzlers
1169 2976 2343 3043 um die heimische Literatur bestehen lediglich darin, daß er,
1166 3024 2344 3080 von der geschickt manövrirenden Bahr=Gemeinde empor¬
1167 3078 2352 3138 gehoben, bekannt geworden ist und das Wiener Literaten¬
1180 3125 2345 3187 thum mehrmals blamirt hat. Leo Hirschfelds von
1164 3180 2338 3238 den eigenen Genossen als mißglückt bezeichneter dramatischer
1164 3213 2344 3271 Versuch ist so wenig der Rede werth, so belanglos, daß es
1168 3273 2358 3334 geradezu als eine Kühnheit des Curatoriums bezeichnet werden
1153 3313 2346 3410 kann, die Erinnerung an dieses unledensfähige und sofort
1158 3389 2332 3456 nach dem Erscheinen verschwundene Ding überhaupt nur zu
1154 3441 2347 3502 wecken, und gar erst auf dem Wege einer Preiszuerkennung!“
1157 3484 2330 3547 Wenn an solche Nichtigkeiten Preise vertheilt werden, was
1149 3529 2347 3588 soll dann einem wirklichen Dichter zufallen? Wird der nicht:
1153 3577 2349 3655 vielmehr sich davor herzlichst zu hüten haben, damit er nicht
1159 3624 2347 3701 in einem Athem mit den früher prämiirten Inferioritäten
1165 3675 2327 3738 genannt wird? Es ist traurig, daß Männer wie Hartel,
1154 3723 2345 3783 Berger und Minor ihr Urtheil so mit gehundenen
1161 3772 2346 3827 Händen dem Terrorismus einer herrschenden Clique aus¬
2109 3814 2349 3872 Owangs¬
1165 3815 2033 3879 siefern, die gewisse Leute nur betzhalb mit
1170 3867 2339 3916 Miteln emporzubringen trachtet, weil sie Juden sind. So
1169 3910 2348 3972 lange sich einflußreiche Deutsche in so unzweidentiger Weise
1172 3959 2352 4016 auf die Seite der Juden stellen, ist ein Gesunben unserer
1160 4009 1808 4097 Verhältnisse un Imein erschwert.
