3392 4384
703 865 1154 950 Telephon 12801.
331 961 1554 1029 Alex. Weigl’s Unternehmen für Zeitungs-Ausschnitte
564 1020 1504 1153 „OBSERVER“
1329 1059 1650 1173 Nr. 69
202 1155 1662 1220 I. österr. behördl. conc. Bureau für Zeitungsberichte u. Personalnachrichten
492 1221 1404 1288 Wien, I., Concondiaplatz 4.
222 1286 1657 1339 Vertretungen in Berlin, Budapest, Chicago, Genf, London, Newyork, Paris, Rom,
578 1340 1291 1394 Stockholm, Kristiania, St. Petersburg.
795 1387 1526 1514 Liftihalungen aus Gn Vrmhn 2n
209 1470 1542 1573 Ausschnitt aus: Abucär 603 Aufieeraitissade, Bedia
222 1568 785 1690 vom: 7/h 14 75
1064 1684 1629 1796 KKSPL
363 1890 1510 1989 Litteratur und Antisemitismus. Der Protest
265 1958 1490 2025 ders Wiener Antisemiten gegen die Ver¬
265 2015 1505 2080 leihjungddes Bauernfeld=Preises an Schnitzler
278 2051 1504 2134 worüber wir in Nr. 12 der „Mittheilungen“ berichteten,
272 2148 1500 2214 veranlaßte den österreichischen Unterrichtsminister Hartel
272 2212 1510 2265 zu einer Aeußerung im Reichsrath. Aus Wien, 31. März,
279 2245 660 2325 wird telegraphirt:
390 2289 1505 2381 Vor acht Tagen interpellirte der antisemitische Ab¬
268 2347 1507 2417 geordnete Dr. Pattai den Unterrichtsminister, warum der
202 2406 1496 2462 Fut Preis von 2000 Kronen aus der Bauernfeld=Stiftung einem
1484 2405 1622 2495 lusive
242 2466 281 2517 „
288 2456 1587 2529 Juden, dem Dr. Arthur Schnitzler, zugewendet worden sei. rto.
222 2511 272 2567 „
281 2516 1624 2573 Man glaubte schon, die Interpellation würde nicht beant= bar
236 2562 271 2604 n
276 2569 1648 2624 wortet werden, als heute Minister Hartel sagte: Die Inter= Voraus.
227 2590 276 2652 „
268 2603 1658 2681 pellanten scheinen von der Voraussetzung auszugehen, daß igt aus
208 2648 1655 2721 Ab ich als Unterrichtsminister Mitglied des betreffenden Kura= es den
209 2702 1528 2752 Ab toriums und als solcher für die Beschlüsse desselben verant¬
269 2747 1501 2824 wortlich sei. Dem gegenüber beehre ich mich zu konstatiren,
1483 2780 1651 2842 nd die
213 2802 1658 2886 Inj daß ich nicht etwa als Unterrichtsminister in das Kuratorium „gen¬
218 2850 1651 2918 bi dieser Stiftung berufen wurde, sondern auf Grund des jtung")
226 2917 1659 2971 wo Stiftungsbriefes vom 13. Januar 1894 demselben angehöre. aftliche
297 2951 1657 3023 Obwohl ich mich demnach nicht verpflichtet fühle, für se Mit¬
279 3009 1519 3065 meine Handlungen als Privatmann Rechenschaft zu geben,
282 3068 1530 3124 so steh“ ich doch nicht an, zuzugestehen, daß unter
279 3114 1513 3168 meiner Theilnahme Gerechte und Sünder, Christen und
280 3154 1513 3206 Juden, Ausländer und Inländer durch Ehrengaben und
290 3190 1516 3255 Preise ausgezeichnet wurden, indem nach dem Wortlaut und
288 3259 1507 3313 dem Geiste des Stiftsbriefes hierbei nicht der Tauf¬
271 3275 1536 3361 schein, sondern litterarische Leistungen!
289 3346 1517 3409 maßgebend waren. Parteipolitische Rücksichten welcher Art
289 3389 1508 3467 immer, wird die Kommission von sich fernhalten müssen,
296 3454 1360 3534 wenn sie im Sinne des Stifters weiter wirken soll.
2281 96 2667 182 eersragesichten
1869 209 3081 260 Alex. Weigl’s Unternehmen für Zeitungs-Ausschnitte
2708 248 3026 347 S.. Ausschhitt
1755 242 2112 371 N. 105
2107 290 2743 395 „OBSLRYLI
2863 296 3119 405 Nr. 77
1753 405 3181 454 I. österr. behördl. conc. Bureau für Zeitungsberichte u. Personalnachrichten
2031 449 2930 532 Wien, I., Concondliaplatz 4.
1765 509 3179 580 Vertretungen in Berlin, Budapest, Chicago, Genf, London, Newyork, P’aris, Rom,
2135 563 2829 620 Stockholm, Kristiania, St. Petersburg.
1744 699 2273 774 Ausschnitt aus:
2438 666 3025 814 heues Wierer Tachlast
1758 806 2305 934 vom: 100%
1882 1027 2865 1144 Theater, Bunst und Titeratur.
1858 1158 2905 1250 Der Unterrichtsminister und der Bauernfeld-Preis.
2075 1212 2668 1290 (Beantwortung einer Interpellation.)
1950 1248 2894 1340 Die jüngst erfolgte Verleihung des Bauernfeld¬
1869 1322 2897 1374 Preises gab bekanntlich einigen christlichsozialen Ab¬
1861 1371 2891 1437 geordneten Veranlassung, den Unterrichtninister darüber
1882 1404 2901 1477 zu interpellieren, warum denn dieser Preis gerade einer
1872 1468 2909 1521 bestimmten Person zuerkannt worden sei, einer Person,
1884 1497 2907 1565 der nach Ansicht der Interpellanten bestimmte Kriterien.
1882 1563 2899 1612 fehlen, um sie des Preises würdig erscheinen zu lassen.
1870 1591 2906 1657 Diese Kriterien aber, von denen die Fragesteller sprachen,
1870 1631 2926 1696 betrafen nicht Fragen des Talents, auch nicht eigentlich
1761 1650 1857 1719 Für
2971 1654 3171 1717 inclusive
1873 1681 2902 1745 irgend ein literarisches Für und Wider, sondern lediglich ganz
2973 1706 3130 1754 Porto.
1869 1724 2909 1799 private Zufallsdinge. Unterrichtsminister Dr. v. Hartel
2962 1732 3135 1792 Zahlbar
2957 1774 3189 1841 im Voraus.
1880 1770 2906 1843 hat gestern diese Interpellation beantwortet und bei der
1779 1822 1817 1872 „
1887 1817 2897 1886 Gelegenheit Worte gesprochen, die gerade unter den gegen¬
2901 1826 3194 1903 nitte ist das
1748 1865 2906 1941 Abon wärtigen Verhältnissen einer besonderen Hervorhebung
2903 1888 3194 1955 stcht es den
1883 1909 3066 1992 wert sind. Wir sagen: unter den gegenwärtigen Verhält= Andern.
1750 1941 1875 2006 Abon
1874 1949 2912 2034 nissen; denn so zutreffend und gerechtfertigt auch das ist,“
2898 1988 3189 2067 nthaltend die
1876 1995 2901 2075 was der Minister sagte, der oberste Kulturhüter eines,
2901 2054 3188 2104 Morgen¬
1892 2057 2900 2115 modernen Staates darf ja gar nicht anders sprechen. Als
1756 2044 1878 2111 Inha
2910 2090 3189 2143 mer Zeitung“)
1765 2105 1872 2155 blä
1880 2093 2890 2165 einmal die Rede davon war, einem unparteiischen Richter
2902 2126 3196 2179 irthschaftliche
1769 2144 1874 2189 wodu
1887 2140 2897 2214 zum Lohn für die von ihm bekundete Gerechtigkeitsliebe
2952 2171 3190 2238 Diese Mit¬
1887 2186 2902 2248 ein Denkmal zu errichten, war es ein großer deutscher
1760 2219 1867 2279 theil
1878 2229 2913 2302 Freiheitsmann, der da erklärte, bedauernswert sei der
1878 2274 2915 2351 Staat, in dem es wundernehme und sensationell wirke,
1881 2322 2915 2380 wenn ein Richter makellos seine Pflicht tue. Und so muß
1892 2368 2911 2440 man sich auch bei dem Widerhall, den die gestrige Er¬
1880 2407 2907 2480 klärung des Dr. v. Hartel bei allen unbefangen und
1889 2472 2915 2531 modern gesinnten Leuten finden wird, denken, welch selt¬
1892 2511 2913 2579 samer Wandel der Dinge sich in Oesterreich vollzogen habe,
1888 2563 2916 2638 wenn schon eine geradsinnige und freimütige Versicherung
1888 2622 2419 2693 fast Verwunderung wachruft.
1982 2650 2919 2723 Der Minister leitete seine Antwort mit der Be¬
1901 2698 2918 2760 merkung ein, daß er dem Bauernfeld=Kuratorium nicht.
1905 2741 2913 2808 in amtlicher Stellung, sondern lediglich als
1895 2789 2911 2848 Privatmann angehöre und daher nicht verpflichtet wäre,
1907 2832 2919 2898 über die Beweggründe seines Votums Aufschlüsse zu er¬
1894 2875 2919 2950 teilen. Wir haben schon Interpellationsbeantwortungen
1898 2920 2922 3000 vernommen, die sich mit solcher fragmentarischer Ver¬
1904 2963 2925 3044 sicherung, die eben, weil sie fragmentarisch blieb, eine aus¬
1904 3015 2922 3087 weichende war, begnügten. Dr. v. Hartel aber nahm gaps
1895 3063 2989 3139 zweckbewußt und unumwunden den Anlaß wahr, „die#
1900 3098 3008 3190 Fragesteller über seine Gesinnung in dieser Sache bekannt
1906 3157 2934 3229 zu machen. „Bei der Preiszuerteilung, so sagte ergent¬
2971 3210 3023 3279 4
1897 3205 2923 3268 scheidet die literarische Leistung, entscheidet
2955 3236 3045 3302 1
1894 3246 2915 3323 das Talent das Können und nicht das Glauben, nicht
1904 3282 2970 3368 provinzielle, familiäre, nicht Parteizugehörigkeit.“ In #
1907 3339 2926 3413 tönenden Worten verkündet die Verfassungsurkunde, daß
1904 3399 2920 3451 vor dem Gesetze alle Staatsbürger gleich seien. Es gibt
1893 3437 2929 3505 auf dem Kontinent nur wenig Staaten, in denen dieser
1895 3473 2948 3549 großen Theorie auch die tigliche Praxis entspricht. Eine
1893 3526 3063 3595 Ungleichheit vor dem küristlerischen, vor dem literarischea
1882 3587 3021 3668 Forum zu statuieren, das wäre wohl eines der stärksten
1888 3618 2928 3695 unter allen antifreiheitlichen Merkmalen. Wohin auch
1905 3664 2946 3734 würde das führen? Man hat in den letzten Jahren wieder¬
1894 3716 2936 3774 holt beklagt, wenn bei Preiszuerkennungen oder auch, wie
1896 3761 2951 3829 seinerzeit in München, bei Ordensverleihungen an Dichter
1895 3806 2925 3867 und Künstler der Parteistandpunkt der überwiegende, ja
1898 3858 2935 3922 der ausschlaggebende war. Wie der derzeitige Chef der
1900 3901 2925 3965 österreichischen Unterrichisverwaltung, der Minister für
1900 3943 2938 4018 Bildung und Ausklärung, darüber denkt, das hat er gestern
1895 3997 2957 4066 freimütig, modern, in Accenten, die das Gepräge des
1884 4045 2937 4116 Oesterreich von 1868 tragen, getan, da er vom Bauernfeld¬
1895 4094 2612 4166 Preis und dessen Zuerkennung sprach.
