3436 4352
1206 250 1650 348 box 40/1
192 271 1050 380 Bauernfeld-Preis
786 649 1066 752 um.
245 726 367 801 A59
431 732 711 856 Meawt. 1.
679 778 1332 908 WIENER GARICATUREN
458 918 1301 1117 Aus der Bauernfeld-Stinung 3
332 1093 1313 1155 dürften der bei der Jury herrschenden
323 1124 1312 1216 Praxis zufolge nächstens folgende Preise
339 1197 756 1285 verteilt werden:
421 1259 1305 1337 Herrn Victor Léon (um ihn in
319 1331 1299 1404 seinem schweren Existenzkampf zu
324 1382 1296 1469 unterstützen) eine Ehrengabe von
313 1411 602 1506 K 5000.—.
410 1495 1299 1576 Herrn Franz Schöntban (mit der
325 1565 1298 1634 Ermächtigung, einen Teil bievon an
316 1626 1294 1715 einen anderen bedürftigen Hutor ab¬
312 1671 834 1748 zugeben) K 2000.—.
386 1731 1302 1809 Dem Essayisten, Librettisten, Feuille¬
319 1800 1300 1868 tonisten, Parodisten, Novellisten, Publi¬
316 1852 1301 1931 zisten etc. Herrn Dr. Rudolf Lotbar
322 1912 1286 1974 (für den letzten Hbsatz des Schluß¬
312 1969 1294 2038 kapitels seiner Hbbandlung über 1s
321 2021 1137 2102 „Theater der Saison.) K 7000.—.
402 2088 1286 2157 Den Herren Artbur Schnitzler und
313 2136 1290 2229 Hermann Bahr je K 3000— (Huf.
309 2210 1277 2284 munterungspreise, damit sie ohne mate.
299 2273 1285 2352 rielle Sorgen endlich einmal ungestört
305 2317 770 2412 schaffen können).
301 2540 1058 2695 RAIIFE
1807 147 2130 253 4
1974 1736 2429 1851 Telephon 12801.
1607 1837 2857 1920 Alex. Welgl's Unternehmen für Zeitungs-Ausschnitte.
2529 1896 2791 1965 " Ausschnitt
2605 1908 2897 2047 Nu-#
1850 1916 2539 2060 „OBSERYER“
1503 2045 2936 2116 I. österr. behördl. oonc. Bureau für Zeitungsberichte u. Personalnachrichten
1767 2101 2696 2201 Wien, I., Concondiaplatz 4.
1515 2161 2942 2248 Vertretungen in Berlin, Budapest, Chicago, Genf, London, Newyork, Paris, Rom,
1880 2220 2574 2287 Stockholm, Kristiania, St. Petersburg.
2098 2301 2816 2427 Deataches Vollshlatt, Wien
1498 2345 2033 2443 Ausschnitt aus:
1503 2459 2035 2594 vom: 17/7 470
2211 2477 2808 2669 RKSAT2
1603 2820 2699 2950 Theater, Kunst und Literatur.
1884 2915 2408 3010 Der Bauernfeld-Preis.
1674 2965 2714 3069 Wie das Oberjudenblatt meldet, hat das Bauernfeld¬
1575 3014 2719 3121 Kuratorium abermals einen Veweis seiner vollkommenen
1576 3069 2698 3155 Ergebenheit gegenüber den Diktaten Judas gegeben. Den
1585 3108 2709 3200 Bauernfeld=Preis erhielt neuerlich — Artur Schnitzler
1576 3137 2708 3245 für den Einatter „Lebendige Stunden“. Gestern
1569 3202 2696 3287 abends fand eine Sitzung des Bauernfeld=Kuratoriums
1578 3239 2735 3347 statt, in welcher einstimmig beschlossen wurde, den .
1573 3273 2952 3399 Preis für das heurige Jahr Artur Schnitzler für sein !] inelusive
1542 3340 2714 3426 y neuestes Werk zuzuerkennen. Der Bauernfeld=Preis beträgt —
2762 3353 2917 3396 Porto.
2751 3384 2935 3444 Zahlbar
1573 3371 2730 3471 2000 K. Höher geht's nimmer. Diese Preiszuerkennung —
2708 3427 2973 3504 im Voraus.
1569 3412 2685 3514 geht über alle früheren Faustschläge ins Gesicht des arischen
1582 3460 1708 3531 Wien.
1659 3496 2971 3592 Sedsadze zu anderen Bureaux für Zeitungsausschnitte ist das
1542 3530 2975 3626 Abonnement durch keine bestimmte Zeitdauer begrenzt; — auch steht es den
1544 3576 2861 3667 Abonnenten frei die aufgegebenen Themen zu ergänzen oder zu ändern.
1671 3630 2983 3738 Der „OBSERVER“ veranstaltet täglich einen Auszug enthaltend die
1545 3701 2973 3791 Inhaltsangabe aller wichtigen Mittheilungen der Wiener Morgen¬
1556 3736 2991 3826 blätter (Tagesjournale ausser „Neue Freie P’resse“ und „Wiener Zeitung")
1561 3768 2994 3854 wodurch eine Uebersicht über das gesammte politische und wirthschaftliche
1561 3814 2995 3915 Leben des In- und Auslandes in drastischer Kürze geboten wird. Diese Mit¬
1561 3873 2588 3954 theilungen werden in Wien um 9 Uhr Früh verschickt.
1887 3946 2666 4047 Prospecte gratis und fnanco.
