<?xml version="1.0" encoding="UTF-8" standalone="yes"?>
<PcGts xmlns="http://schema.primaresearch.org/PAGE/gts/pagecontent/2013-07-15" xmlns:xsi="http://www.w3.org/2001/XMLSchema-instance" xsi:schemaLocation="http://schema.primaresearch.org/PAGE/gts/pagecontent/2013-07-15 http://schema.primaresearch.org/PAGE/gts/pagecontent/2013-07-15/pagecontent.xsd">
    <Metadata>
        <Creator>prov=University of Rostock/Institute of Mathematics/CITlab/Gundram Leifert/gundram.leifert@uni-rostock.de:name=ONB_Newseye_GT_M1+(htr_id=10810)::::v=2.4.2
prov=University of Rostock/Institute of Mathematics/CITlab/Tobias Gruening/tobias.gruening@uni-rostock.de:name=de.uros.citlab.module.baseline2polygon.B2PSeamMultiOriented:v=2.4.2
prov=University of Rostock/Institute of Mathematics/CITlab/Tobias Gruening/tobias.gruening@uni-rostock.de:name=/mnt/transkribus/LA/DEA/URO/LA_news_onb_att.pb:de.uros.citlab.segmentation.CITlab_LA_ML:v=2.4.2
Transkribus</Creator>
        <Created>2019-10-07T20:31:19.029+02:00</Created>
        <LastChange>2019-10-09T06:10:54.151+02:00</LastChange>
        <TranskribusMetadata docId="224440" pageId="9574154" pageNr="15" tsid="16624250" status="IN_PROGRESS" userId="40391" imgUrl="https://files.transkribus.eu/Get?id=KDQGBCPXQSMNFISGZOCIJIJQ&amp;fileType=view" xmlUrl="https://files.transkribus.eu/Get?id=TMESMWAVSZXMDCZCYLRFJXLG" imageId="6206521"/>
    </Metadata>
    <Page imageFilename="224440_0015.jpeg" imageWidth="3392" imageHeight="4352">
        <ReadingOrder>
            <OrderedGroup id="ro_1711442547568" caption="Regions reading order">
                <RegionRefIndexed index="0" regionRef="r1"/>
                <RegionRefIndexed index="1" regionRef="r2"/>
            </OrderedGroup>
        </ReadingOrder>
        <TextRegion orientation="0.0" id="r1" custom="readingOrder {index:0;}">
            <Coords points="147,126 147,4204 1427,4204 1427,126"/>
            <TextLine id="r1l1" custom="readingOrder {index:0;}">
                <Coords points="592,167 612,161 639,173 648,164 700,160 772,174 789,157 833,167 832,128 712,131 683,124 646,128 631,116 592,118"/>
                <Baseline points="601,153 628,154 656,154 684,154 712,154 739,153 767,153 795,152 823,150"/>
                <TextEquiv>
                    <Unicode></Unicode>
                </TextEquiv>
            </TextLine>
            <TextLine id="r1l2" custom="readingOrder {index:1;}">
                <Coords points="145,224 1436,202 1435,163 1290,152 144,183"/>
                <Baseline points="153,212 216,212 280,212 344,212 407,211 471,210 535,210 598,209 662,208 726,206 790,205 853,204 917,203 981,202 1044,201 1108,200 1172,200 1235,199 1299,199 1363,200 1427,200"/>
                <TextEquiv>
                    <Unicode>teller arischer Rasse werden entweder konsequent übergangen sid die</Unicode>
                </TextEquiv>
            </TextLine>
            <TextLine id="r1l3" custom="readingOrder {index:2;}">
                <Coords points="1299,252 1317,255 1332,250 1368,251 1376,245 1391,246 1408,233 1433,234 1433,218 1406,219 1375,209 1357,214 1351,208 1332,215 1312,206 1307,212 1298,212"/>
                <Baseline points="1308,244 1337,241 1366,239 1395,238 1424,240"/>
                <TextEquiv>
                    <Unicode>gen¬</Unicode>
                </TextEquiv>
            </TextLine>
            <TextLine id="r1l4" custom="readingOrder {index:3;}">
                <Coords points="141,276 1023,275 1262,261 1281,214 748,213 673,246 615,213 140,219"/>
                <Baseline points="149,268 205,267 261,266 317,266 373,265 429,264 485,263 542,263 598,262 654,261 710,261 766,260 822,259 878,258 935,257 991,256 1047,255 1103,254 1159,253 1215,251 1272,250"/>
                <TextEquiv>
                    <Unicode>der sie erhalten die Abfälle. Der Bauernfeld=Preis wurde</Unicode>
                </TextEquiv>
            </TextLine>
            <TextLine id="r1l5" custom="readingOrder {index:4;}">
                <Coords points="1287,287 1308,280 1313,286 1344,281 1353,290 1364,290 1373,281 1392,291 1409,284 1423,286 1424,253 1415,253 1399,240 1390,247 1375,245 1366,252 1354,250 1348,254 1345,250 1307,250 1298,240 1287,238"/>
                <Baseline points="1295,276 1324,275 1354,276 1384,277 1414,277"/>
                <TextEquiv>
                    <Unicode>tung")</Unicode>
                </TextEquiv>
            </TextLine>
            <TextLine id="r1l6" custom="readingOrder {index:5;}">
                <Coords points="139,322 1425,315 1150,253 139,275"/>
                <Baseline points="149,316 212,317 275,318 339,318 402,318 465,317 529,316 592,315 655,314 719,313 782,311 845,310 909,309 972,308 1035,307 1099,307 1162,307 1225,308 1289,309 1352,311 1416,314"/>
                <TextEquiv>
                    <Unicode>leinerzeit Herrn Leo Hirschfeld zum Erstaunen Aller für jsiliehe</Unicode>
                </TextEquiv>
            </TextLine>
            <TextLine id="r1l7" custom="readingOrder {index:6;}">
                <Coords points="140,378 1340,374 1427,335 139,321"/>
                <Baseline points="149,371 212,371 276,370 339,370 403,369 466,369 530,368 593,367 657,366 720,365 784,364 847,363 911,362 974,361 1038,360 1101,359 1165,358 1228,357 1292,356 1355,356 1419,355"/>
                <TextEquiv>
                    <Unicode>in wertloses im Kaffeehaus aufgelesenes Geschreibsel, die je Mit¬</Unicode>
                </TextEquiv>
            </TextLine>
            <TextLine id="r1l8" custom="readingOrder {index:7;}">
                <Coords points="139,437 1292,410 1250,366 372,376 321,407 137,378"/>
                <Baseline points="147,424 203,423 260,422 317,421 374,420 431,419 487,418 544,417 601,416 658,415 715,414 771,413 828,412 885,411 942,410 999,409 1055,408 1112,407 1169,406 1226,406 1283,405"/>
                <TextEquiv>
                    <Unicode>Komödie „Die Lumpen“ als „Ermunterung“ zuerkannt.</Unicode>
                </TextEquiv>
            </TextLine>
            <TextLine id="r1l9" custom="readingOrder {index:8;}">
                <Coords points="147,502 1294,457 1293,408 146,433"/>
                <Baseline points="155,477 211,476 268,476 324,475 381,474 437,473 494,472 550,471 607,470 663,469 720,468 777,467 833,466 890,465 946,464 1003,463 1059,462 1116,461 1172,460 1229,459 1286,458"/>
                <TextEquiv>
                    <Unicode>Feder Einsichtige wußte damals, daß es hier nichts zu er¬</Unicode>
                </TextEquiv>
            </TextLine>
            <TextLine id="r1l10" custom="readingOrder {index:9;}">
                <Coords points="143,544 1026,544 1298,508 1136,465 142,496"/>
                <Baseline points="151,533 207,532 264,531 321,530 378,529 435,528 492,527 549,526 606,526 663,524 720,523 776,522 833,521 890,520 947,518 1004,518 1061,516 1118,515 1175,514 1232,512 1289,511"/>
                <TextEquiv>
                    <Unicode>huntern gibt. Und tatsächlich ist vier ganze Jahre später die</Unicode>
                </TextEquiv>
            </TextLine>
            <TextLine id="r1l11" custom="readingOrder {index:10;}">
                <Coords points="151,597 1297,589 1296,535 1197,515 150,541"/>
                <Baseline points="159,587 215,584 271,582 328,580 384,578 441,577 497,576 554,575 610,574 667,574 723,573 779,572 836,572 892,571 949,571 1005,570 1062,570 1118,569 1175,568 1231,567 1288,566"/>
                <TextEquiv>
                    <Unicode>Frucht dieser „Ermunterung“ danach ausgefallen, der jämmer¬</Unicode>
                </TextEquiv>
            </TextLine>
            <TextLine id="r1l12" custom="readingOrder {index:11;}">
                <Coords points="150,650 1304,640 1302,581 1230,570 149,598"/>
                <Baseline points="158,640 214,638 271,637 328,635 385,634 442,633 498,632 555,631 612,630 669,629 726,629 782,628 839,627 896,625 953,624 1010,623 1066,621 1123,619 1180,617 1237,615 1294,612"/>
                <TextEquiv>
                    <Unicode>iche Einakter „Der Arzt“, der kürzlich im Deutschen Volks¬</Unicode>
                </TextEquiv>
            </TextLine>
            <TextLine id="r1l13" custom="readingOrder {index:12;}">
                <Coords points="144,702 1309,698 1307,635 1246,624 143,654"/>
                <Baseline points="153,693 210,692 267,691 324,690 382,689 439,688 496,686 554,685 611,684 668,682 726,681 783,679 840,678 897,676 955,675 1012,674 1069,673 1127,672 1184,671 1241,671 1299,671"/>
                <TextEquiv>
                    <Unicode>heater beinahe ausgelacht wurde. Aber der Bauernfeld=Preis</Unicode>
                </TextEquiv>
            </TextLine>
            <TextLine id="r1l14" custom="readingOrder {index:13;}">
                <Coords points="149,763 1250,738 1298,726 1297,674 147,702"/>
                <Baseline points="157,741 213,742 270,742 326,742 383,742 440,741 496,741 553,740 609,738 666,737 723,736 779,735 836,733 892,731 949,730 1006,728 1062,727 1119,725 1175,723 1232,722 1289,721"/>
                <TextEquiv>
                    <Unicode>blieb in der Familie Hirschfeld; im Vorjahre erhielt</Unicode>
                </TextEquiv>
            </TextLine>
            <TextLine id="r1l15" custom="readingOrder {index:14;}">
                <Coords points="144,815 520,813 602,780 721,810 973,769 1146,798 1298,780 1299,744 142,763"/>
                <Baseline points="153,803 209,801 266,800 323,798 380,796 437,795 494,793 551,792 608,790 665,789 722,787 778,786 835,784 892,783 949,782 1006,781 1063,780 1120,778 1177,778 1234,777 1291,775"/>
                <TextEquiv>
                    <Unicode>hn Leo Hirschfelds Bruder Viktor Leon, der</Unicode>
                </TextEquiv>
            </TextLine>
            <TextLine id="r1l16" custom="readingOrder {index:15;}">
                <Coords points="153,879 1060,827 1292,851 1291,795 1199,778 809,819 152,811"/>
                <Baseline points="161,855 217,853 273,852 329,850 385,849 441,848 497,846 553,845 609,844 665,843 722,842 778,841 834,839 890,838 946,836 1002,835 1058,834 1114,832 1170,831 1226,829 1283,827"/>
                <TextEquiv>
                    <Unicode>sixe Librettofabrikant für die „Gebildeten Menschen“,</Unicode>
                </TextEquiv>
            </TextLine>
            <TextLine id="r1l17" custom="readingOrder {index:16;}">
                <Coords points="139,912 1306,889 1251,840 138,872"/>
                <Baseline points="147,911 204,910 262,908 319,907 377,906 434,904 492,903 549,902 607,901 664,899 722,898 779,897 837,896 894,894 952,893 1009,891 1067,889 1124,888 1182,886 1239,884 1297,882"/>
                <TextEquiv>
                    <Unicode>kein Stück, das sieben Jahre früher gegeben worden</Unicode>
                </TextEquiv>
            </TextLine>
            <TextLine id="r1l18" custom="readingOrder {index:17;}">
                <Coords points="144,994 1320,934 1318,866 1045,910 142,915"/>
                <Baseline points="153,966 210,964 268,963 326,961 384,960 442,958 500,957 558,956 616,955 674,953 732,952 789,951 847,950 905,949 963,947 1021,946 1079,945 1137,944 1195,942 1253,940 1311,938"/>
                <TextEquiv>
                    <Unicode>war. Man scheint eben Familienrücksichten zu haben. Ein</Unicode>
                </TextEquiv>
            </TextLine>
            <TextLine id="r1l19" custom="readingOrder {index:18;}">
                <Coords points="140,1045 717,1002 1125,1021 1325,999 1324,945 139,984"/>
                <Baseline points="149,1019 207,1016 265,1015 323,1013 382,1011 440,1010 498,1009 557,1008 615,1007 673,1006 732,1006 790,1005 848,1004 906,1003 965,1002 1023,1001 1081,999 1140,997 1198,995 1256,992 1315,988"/>
                <TextEquiv>
                    <Unicode>wveiterer Bauernfeldprämiant ist der Jude Felix Dör¬</Unicode>
                </TextEquiv>
            </TextLine>
            <TextLine id="r1l20" custom="readingOrder {index:19;}">
                <Coords points="147,1073 1322,1046 1321,994 147,1041"/>
                <Baseline points="157,1073 214,1070 272,1068 330,1065 388,1063 446,1061 503,1059 561,1058 619,1056 677,1055 735,1054 792,1053 850,1052 908,1051 966,1051 1024,1049 1081,1049 1139,1048 1197,1047 1255,1046 1313,1044"/>
                <TextEquiv>
                    <Unicode>mann, richtig Biedermann, der vor längerer Zeit</Unicode>
                </TextEquiv>
            </TextLine>
            <TextLine id="r1l21" custom="readingOrder {index:20;}">
                <Coords points="147,1138 1303,1114 1312,1042 576,1093 145,1075"/>
                <Baseline points="155,1122 212,1120 270,1118 327,1117 385,1115 442,1114 500,1113 557,1112 615,1111 672,1110 730,1109 787,1108 845,1107 902,1106 960,1104 1017,1102 1075,1100 1132,1098 1190,1095 1247,1092 1305,1088"/>
                <TextEquiv>
                    <Unicode>ämtliche Damen vom Salzgries durch lüsterne Faunserotik</Unicode>
                </TextEquiv>
            </TextLine>
            <TextLine id="r1l22" custom="readingOrder {index:21;}">
                <Coords points="160,1184 1328,1168 1313,1084 522,1150 159,1132"/>
                <Baseline points="169,1173 226,1173 284,1173 341,1172 399,1171 456,1170 514,1168 571,1167 629,1165 686,1163 744,1161 801,1160 859,1158 916,1156 974,1154 1031,1152 1089,1151 1146,1149 1204,1148 1261,1146 1319,1145"/>
                <TextEquiv>
                    <Unicode>n Verzückung setzte und darauf dem unreinlichen Geschmacke</Unicode>
                </TextEquiv>
            </TextLine>
            <TextLine id="r1l23" custom="readingOrder {index:22;}">
                <Coords points="167,1244 1327,1205 1324,1124 1220,1171 165,1184"/>
                <Baseline points="175,1231 232,1229 289,1228 346,1226 403,1224 460,1223 517,1221 574,1219 631,1218 688,1216 746,1214 803,1211 860,1210 917,1208 974,1206 1031,1204 1088,1201 1145,1200 1202,1197 1259,1195 1317,1193"/>
                <TextEquiv>
                    <Unicode>eines Stammpublikums mit einer Zubereitung des Abhubes</Unicode>
                </TextEquiv>
            </TextLine>
            <TextLine id="r1l24" custom="readingOrder {index:23;}">
                <Coords points="153,1293 1254,1265 1324,1207 151,1248"/>
                <Baseline points="161,1275 218,1275 276,1274 334,1273 392,1271 449,1270 507,1268 565,1266 623,1264 680,1261 738,1259 796,1257 854,1255 911,1253 969,1250 1027,1249 1085,1247 1142,1246 1200,1245 1258,1244 1316,1244"/>
                <TextEquiv>
                    <Unicode>perdorbener Gesellschaft in den „Ledigen Leuten“ 2c. huldigte.</Unicode>
                </TextEquiv>
            </TextLine>
            <TextLine id="r1l25" custom="readingOrder {index:24;}">
                <Coords points="146,1339 953,1305 1054,1335 1102,1291 1322,1338 1320,1270 1215,1249 145,1297"/>
                <Baseline points="155,1327 212,1325 270,1324 328,1322 386,1321 444,1319 501,1317 559,1316 617,1314 675,1313 733,1311 790,1310 848,1308 906,1307 964,1306 1022,1305 1079,1304 1137,1303 1195,1302 1253,1301 1311,1301"/>
                <TextEquiv>
                    <Unicode>Er wurde von dem Kuratorium preisgekrönt für ein Werk,</Unicode>
                </TextEquiv>
            </TextLine>
            <TextLine id="r1l26" custom="readingOrder {index:25;}">
                <Coords points="162,1403 1315,1369 1314,1313 1184,1302 1054,1336 161,1340"/>
                <Baseline points="170,1383 226,1380 283,1378 340,1376 397,1374 453,1372 510,1371 567,1370 624,1368 680,1367 737,1366 794,1365 851,1364 907,1363 964,1361 1021,1360 1078,1359 1134,1357 1191,1355 1248,1353 1305,1351"/>
                <TextEquiv>
                    <Unicode>das noch nicht einmal in Druck erschienen war, den „Herrn</Unicode>
                </TextEquiv>
            </TextLine>
            <TextLine id="r1l27" custom="readingOrder {index:26;}">
                <Coords points="164,1451 1274,1425 1336,1409 1335,1333 1194,1378 163,1403"/>
                <Baseline points="173,1436 230,1433 288,1431 346,1429 403,1428 461,1427 519,1426 576,1425 634,1424 692,1423 750,1422 807,1421 865,1420 923,1419 980,1417 1038,1416 1096,1414 1153,1411 1211,1408 1269,1406 1327,1402"/>
                <TextEquiv>
                    <Unicode>von Abadessa“. Diese arge Ungehörigkeit hat damals</Unicode>
                </TextEquiv>
            </TextLine>
            <TextLine id="r1l28" custom="readingOrder {index:27;}">
                <Coords points="275,1489 1272,1473 1329,1445 1328,1407 274,1455"/>
                <Baseline points="283,1483 334,1481 386,1479 438,1478 490,1477 542,1475 594,1474 645,1473 697,1472 749,1471 801,1469 853,1468 905,1467 957,1466 1008,1465 1060,1463 1112,1462 1164,1460 1216,1458 1268,1456 1320,1454"/>
                <TextEquiv>
                    <Unicode>Protest aller anständigen Literaten hervor¬</Unicode>
                </TextEquiv>
            </TextLine>
            <TextLine id="r1l29" custom="readingOrder {index:28;}">
                <Coords points="163,1565 624,1552 705,1513 868,1545 1317,1512 1109,1467 161,1503"/>
                <Baseline points="171,1545 227,1543 284,1541 341,1539 398,1537 455,1535 512,1534 568,1532 625,1530 682,1529 739,1527 796,1526 853,1524 910,1523 966,1521 1023,1519 1080,1518 1137,1515 1194,1514 1251,1512 1308,1510"/>
                <TextEquiv>
                    <Unicode>gerufen, fruchtlos natürlich. Das Stück aber ist seither —</Unicode>
                </TextEquiv>
            </TextLine>
            <TextLine id="r1l30" custom="readingOrder {index:29;}">
                <Coords points="168,1605 1340,1574 1339,1538 1242,1514 167,1564"/>
                <Baseline points="176,1600 233,1596 291,1594 349,1591 407,1588 465,1586 522,1584 580,1582 638,1581 696,1579 754,1578 811,1577 869,1576 927,1575 985,1574 1043,1573 1100,1572 1158,1571 1216,1570 1274,1569 1332,1568"/>
                <TextEquiv>
                    <Unicode>verschwunden. So wird also — um bl den materiellen</Unicode>
                </TextEquiv>
            </TextLine>
            <TextLine id="r1l31" custom="readingOrder {index:30;}">
                <Coords points="162,1674 665,1632 877,1658 957,1625 1116,1654 1330,1602 1166,1575 160,1609"/>
                <Baseline points="170,1652 227,1650 285,1648 342,1645 400,1644 458,1641 515,1640 573,1638 630,1637 688,1635 746,1634 803,1632 861,1631 918,1630 976,1629 1034,1627 1091,1626 1149,1626 1206,1625 1264,1624 1322,1623"/>
                <TextEquiv>
                    <Unicode>Standpunkt zu betonen — das Geld, das von rechtswegen</Unicode>
                </TextEquiv>
            </TextLine>
            <TextLine id="r1l32" custom="readingOrder {index:31;}">
                <Coords points="154,1726 1100,1677 1345,1703 1344,1649 1268,1626 153,1670"/>
                <Baseline points="163,1706 221,1704 280,1701 338,1699 397,1697 456,1695 514,1694 573,1692 632,1691 690,1689 749,1687 808,1686 866,1685 925,1683 984,1682 1042,1680 1101,1678 1160,1676 1218,1675 1277,1673 1336,1671"/>
                <TextEquiv>
                    <Unicode>würdigen deutschen Schriftstellern gebührt, an talentlose</Unicode>
                </TextEquiv>
            </TextLine>
            <TextLine id="r1l33" custom="readingOrder {index:32;}">
                <Coords points="165,1786 1271,1744 1354,1708 1353,1670 163,1716"/>
                <Baseline points="173,1759 231,1757 290,1755 348,1753 407,1751 466,1749 524,1747 583,1746 641,1744 700,1742 759,1741 817,1739 876,1737 934,1736 993,1734 1052,1733 1110,1731 1169,1730 1227,1729 1286,1727 1345,1726"/>
                <TextEquiv>
                    <Unicode>fliterarische Schmarotzer hinausgeworfen! Summen, mit denen</Unicode>
                </TextEquiv>
            </TextLine>
            <TextLine id="r1l34" custom="readingOrder {index:33;}">
                <Coords points="160,1840 956,1791 1339,1816 1336,1710 1277,1744 159,1778"/>
                <Baseline points="169,1814 230,1812 291,1810 352,1807 413,1805 474,1803 535,1801 596,1799 657,1798 718,1796 779,1795 840,1793 901,1792 962,1791 1023,1789 1084,1788 1145,1787 1206,1786 1267,1785 1328,1784"/>
                <TextEquiv>
                    <Unicode>ein Kranewitter, Schamann oder Schrottenbach, um nur drei zu.</Unicode>
                </TextEquiv>
            </TextLine>
            <TextLine id="r1l35" custom="readingOrder {index:34;}">
                <Coords points="172,1879 1344,1835 1343,1806 1167,1789 171,1838"/>
                <Baseline points="181,1865 238,1865 296,1864 354,1862 411,1861 469,1859 527,1858 584,1855 642,1854 700,1851 758,1849 815,1848 873,1845 931,1844 988,1842 1046,1841 1104,1840 1161,1839 1219,1839 1277,1839 1335,1839"/>
                <TextEquiv>
                    <Unicode>nennen, neue friedliche Schaffensmöglichkeit für ein neues und gewiß</Unicode>
                </TextEquiv>
            </TextLine>
            <TextLine id="r1l36" custom="readingOrder {index:35;}">
                <Coords points="174,1935 1335,1901 1333,1829 780,1885 721,1856 173,1883"/>
                <Baseline points="183,1920 240,1919 297,1917 354,1916 411,1914 468,1912 525,1911 582,1909 639,1908 696,1906 754,1905 811,1903 868,1902 925,1900 982,1899 1039,1897 1096,1896 1153,1895 1210,1893 1267,1892 1325,1891"/>
                <TextEquiv>
                    <Unicode>nicht wertloses Werk erhielten, werden an geschäftsmäßige</Unicode>
                </TextEquiv>
            </TextLine>
            <TextLine id="r1l37" custom="readingOrder {index:36;}">
                <Coords points="174,1975 189,1977 195,1971 203,1975 213,1967 230,1973 238,1968 267,1974 288,1963 328,1966 325,1930 306,1937 282,1928 277,1932 266,1927 259,1933 246,1928 240,1936 210,1929 204,1937 171,1937"/>
                <Baseline points="182,1964 209,1965 236,1963 263,1960 290,1957 318,1958"/>
                <TextEquiv>
                    <Unicode>TL</Unicode>
                </TextEquiv>
            </TextLine>
            <TextLine id="r1l38" custom="readingOrder {index:37;}">
                <Coords points="179,2010 659,2011 702,1981 787,2013 874,1976 1282,2001 1354,1938 177,1971"/>
                <Baseline points="187,2009 248,2007 309,2005 370,2003 431,2002 492,2000 553,1999 614,1998 675,1996 736,1995 797,1994 858,1992 919,1990 980,1989 1041,1987 1102,1984 1163,1982 1224,1979 1285,1976 1346,1973"/>
                <TextEquiv>
                    <Unicode>Lantiemenjäger, die das Dichten mit erwerbssüchtigem:</Unicode>
                </TextEquiv>
            </TextLine>
            <TextLine id="r1l39" custom="readingOrder {index:38;}">
                <Coords points="175,2070 906,2034 1356,2065 1353,1970 1268,2003 173,2009"/>
                <Baseline points="183,2060 241,2058 299,2057 357,2055 415,2053 473,2052 531,2050 589,2048 647,2046 705,2045 764,2043 822,2041 880,2040 938,2038 996,2037 1054,2035 1112,2034 1170,2033 1228,2032 1286,2032 1345,2031"/>
                <TextEquiv>
                    <Unicode>Krämerfinn betreiben, verschleudert! Und die Bevölkerung</Unicode>
                </TextEquiv>
            </TextLine>
            <TextLine id="r1l40" custom="readingOrder {index:39;}">
                <Coords points="181,2129 1365,2102 1364,2063 1248,2035 180,2078"/>
                <Baseline points="189,2112 247,2111 305,2110 363,2108 422,2106 480,2104 538,2102 597,2100 655,2098 713,2095 772,2093 830,2091 888,2089 946,2088 1005,2086 1063,2085 1121,2085 1180,2085 1238,2085 1296,2086 1355,2087"/>
                <TextEquiv>
                    <Unicode>und ihre d. h die aus ihr stammenden Schriftsteller, müssen</Unicode>
                </TextEquiv>
            </TextLine>
            <TextLine id="r1l41" custom="readingOrder {index:40;}">
                <Coords points="179,2170 1162,2163 1319,2141 1347,2093 178,2130"/>
                <Baseline points="187,2166 244,2163 302,2160 359,2158 417,2156 475,2155 532,2153 590,2151 647,2150 705,2149 763,2147 820,2146 878,2145 935,2143 993,2142 1051,2140 1108,2138 1166,2136 1223,2134 1281,2131 1339,2128"/>
                <TextEquiv>
                    <Unicode>ruhig dabei zusehen und ihr gutes Recht mit Füßen treten</Unicode>
                </TextEquiv>
            </TextLine>
            <TextLine id="r1l42" custom="readingOrder {index:41;}">
                <Coords points="188,2246 201,2244 220,2225 249,2230 258,2229 268,2218 294,2225 304,2217 329,2215 329,2168 309,2176 293,2174 288,2180 279,2174 270,2178 259,2168 250,2173 236,2171 230,2177 210,2177 198,2168 187,2170"/>
                <Baseline points="196,2211 227,2212 258,2211 289,2210 320,2211"/>
                <TextEquiv>
                    <Unicode>lassen.</Unicode>
                </TextEquiv>
            </TextLine>
            <TextLine id="r1l43" custom="readingOrder {index:42;}">
                <Coords points="254,2272 1355,2250 1323,2190 904,2214 854,2183 751,2214 363,2206 253,2242"/>
                <Baseline points="263,2265 317,2265 371,2263 425,2262 479,2261 533,2259 587,2257 641,2256 695,2254 749,2252 804,2250 858,2249 912,2247 966,2245 1020,2244 1074,2243 1128,2242 1182,2241 1236,2241 1290,2241 1345,2241"/>
                <TextEquiv>
                    <Unicode>Nun hat also auch Schnitzler den Preis bekommen,</Unicode>
                </TextEquiv>
            </TextLine>
            <TextLine id="r1l44" custom="readingOrder {index:43;}">
                <Coords points="181,2331 1354,2300 1352,2235 180,2288"/>
                <Baseline points="190,2322 247,2320 305,2318 363,2316 421,2314 478,2313 536,2311 594,2309 652,2308 709,2307 767,2306 825,2304 883,2303 940,2302 998,2300 1056,2299 1114,2297 1171,2295 1229,2293 1287,2290 1345,2288"/>
                <TextEquiv>
                    <Unicode>u. zw. unbekümmert darum, daß die prämiierten Stücke</Unicode>
                </TextEquiv>
            </TextLine>
            <TextLine id="r1l45" custom="readingOrder {index:44;}">
                <Coords points="184,2377 1362,2374 1360,2328 1194,2301 183,2333"/>
                <Baseline points="194,2374 251,2374 309,2373 367,2372 425,2371 483,2369 541,2367 599,2366 657,2364 715,2362 773,2360 830,2358 888,2356 946,2354 1004,2352 1062,2350 1120,2348 1178,2346 1236,2344 1294,2342 1352,2340"/>
                <TextEquiv>
                    <Unicode>neulich trotz der freiwilligen Claque der jüdischen Kaffeehaus¬</Unicode>
                </TextEquiv>
            </TextLine>
            <TextLine id="r1l46" custom="readingOrder {index:45;}">
                <Coords points="186,2444 577,2441 623,2408 1368,2423 1334,2355 184,2389"/>
                <Baseline points="194,2430 252,2428 310,2427 368,2425 426,2424 485,2422 543,2421 601,2419 659,2417 717,2416 776,2415 834,2414 892,2412 950,2410 1008,2409 1067,2407 1125,2406 1183,2404 1241,2402 1299,2401 1358,2399"/>
                <TextEquiv>
                    <Unicode>liga sanft durchfielen; unbekümmert darum, daß ein paar</Unicode>
                </TextEquiv>
            </TextLine>
            <TextLine id="r1l47" custom="readingOrder {index:46;}">
                <Coords points="194,2489 1360,2462 1358,2419 1206,2405 193,2448"/>
                <Baseline points="202,2482 259,2481 316,2479 374,2478 431,2476 489,2475 546,2473 604,2472 661,2470 719,2469 776,2467 833,2466 891,2464 948,2463 1006,2461 1063,2460 1121,2458 1178,2457 1236,2455 1293,2454 1351,2453"/>
                <TextEquiv>
                    <Unicode>Wochen vorher ein anderes Werk dieses Autors, die „Liebelei“,</Unicode>
                </TextEquiv>
            </TextLine>
            <TextLine id="r1l48" custom="readingOrder {index:47;}">
                <Coords points="198,2562 1369,2516 1340,2459 197,2507"/>
                <Baseline points="207,2538 264,2537 322,2536 379,2534 437,2533 495,2531 552,2530 610,2528 667,2527 725,2525 783,2523 840,2522 898,2520 955,2518 1013,2516 1071,2515 1128,2512 1186,2511 1243,2509 1301,2507 1359,2505"/>
                <TextEquiv>
                    <Unicode>gerade dort, wo es, wäre es wahr und gut, die Gemüter</Unicode>
                </TextEquiv>
            </TextLine>
            <TextLine id="r1l49" custom="readingOrder {index:48;}">
                <Coords points="196,2596 1371,2580 1340,2515 195,2557"/>
                <Baseline points="204,2590 261,2589 319,2588 377,2587 435,2586 493,2585 551,2584 608,2582 666,2581 724,2579 782,2577 840,2575 898,2573 956,2571 1013,2569 1071,2567 1129,2566 1187,2564 1245,2561 1303,2560 1361,2557"/>
                <TextEquiv>
                    <Unicode>ergreifen müßte, im Volke abgelehnt wurde; unbekümmert</Unicode>
                </TextEquiv>
            </TextLine>
            <TextLine id="r1l50" custom="readingOrder {index:49;}">
                <Coords points="200,2656 1057,2614 1099,2644 1374,2602 1228,2567 199,2609"/>
                <Baseline points="208,2642 265,2642 323,2641 381,2640 439,2639 497,2638 555,2637 612,2635 670,2633 728,2631 786,2629 844,2628 902,2626 960,2624 1017,2622 1075,2620 1133,2619 1191,2617 1249,2616 1307,2615 1365,2615"/>
                <TextEquiv>
                    <Unicode>endlich auch darum, daß alle Stücke dieses Autors</Unicode>
                </TextEquiv>
            </TextLine>
            <TextLine id="r1l51" custom="readingOrder {index:50;}">
                <Coords points="194,2696 787,2706 1157,2666 1232,2698 1372,2653 1371,2603 1280,2637 194,2661"/>
                <Baseline points="204,2694 262,2695 320,2695 378,2694 436,2693 494,2692 552,2691 610,2689 668,2688 726,2686 784,2684 842,2682 900,2680 958,2678 1016,2677 1074,2675 1132,2673 1190,2672 1248,2671 1306,2671 1364,2671"/>
                <TextEquiv>
                    <Unicode>trotz der ungeheuren Reklame, die von dem koalierten</Unicode>
                </TextEquiv>
            </TextLine>
            <TextLine id="r1l52" custom="readingOrder {index:51;}">
                <Coords points="193,2758 1179,2747 1259,2707 1310,2742 1362,2677 191,2708"/>
                <Baseline points="202,2750 259,2750 317,2750 374,2749 432,2748 490,2746 547,2745 605,2743 662,2741 720,2739 778,2738 835,2736 893,2734 950,2732 1008,2730 1066,2729 1123,2728 1181,2727 1238,2726 1296,2725 1354,2725"/>
                <TextEquiv>
                    <Unicode>Judentum dafür gemacht wurden, in Berlin und</Unicode>
                </TextEquiv>
            </TextLine>
            <TextLine id="r1l53" custom="readingOrder {index:52;}">
                <Coords points="197,2812 1366,2790 1377,2712 643,2778 568,2744 195,2757"/>
                <Baseline points="205,2803 263,2802 321,2802 379,2801 437,2799 496,2798 554,2797 612,2794 670,2793 728,2791 787,2789 845,2788 903,2786 961,2784 1019,2782 1078,2781 1136,2780 1194,2779 1252,2779 1310,2778 1369,2778"/>
                <TextEquiv>
                    <Unicode>Wien es höchstens zu einem Scheinerfolge brachten.</Unicode>
                </TextEquiv>
            </TextLine>
            <TextLine id="r1l54" custom="readingOrder {index:53;}">
                <Coords points="197,2862 1306,2847 1370,2840 1369,2789 196,2815"/>
                <Baseline points="207,2857 264,2857 322,2857 380,2857 437,2856 495,2854 553,2853 610,2851 668,2849 726,2847 784,2845 841,2843 899,2841 957,2839 1014,2837 1072,2835 1130,2834 1187,2832 1245,2832 1303,2831 1361,2830"/>
                <TextEquiv>
                    <Unicode>Wenn auch die gesamte Bevölkerung großer deutscher Städte</Unicode>
                </TextEquiv>
            </TextLine>
            <TextLine id="r1l55" custom="readingOrder {index:54;}">
                <Coords points="201,2925 1163,2879 1270,2907 1369,2847 199,2862"/>
                <Baseline points="209,2911 266,2910 324,2909 381,2908 439,2907 497,2906 554,2905 612,2904 669,2902 727,2901 785,2899 842,2898 900,2896 957,2894 1015,2892 1073,2890 1130,2889 1188,2887 1245,2884 1303,2882 1361,2880"/>
                <TextEquiv>
                    <Unicode>sich von den Arbeiten Schnitzlers abwendet und höchstens</Unicode>
                </TextEquiv>
            </TextLine>
            <TextLine id="r1l56" custom="readingOrder {index:55;}">
                <Coords points="204,2970 1199,2957 1245,2927 1373,2969 1376,2875 1270,2907 202,2925"/>
                <Baseline points="213,2965 270,2962 328,2961 386,2959 444,2958 502,2956 559,2955 617,2954 675,2953 733,2951 791,2950 848,2949 906,2948 964,2946 1022,2945 1080,2943 1137,2941 1195,2939 1253,2937 1311,2934 1369,2932"/>
                <TextEquiv>
                    <Unicode>einige seiner ironischen Scherze hinnimmt, wenn also auch</Unicode>
                </TextEquiv>
            </TextLine>
            <TextLine id="r1l57" custom="readingOrder {index:56;}">
                <Coords points="199,3031 1279,3012 1375,2981 1374,2952 1282,2945 197,2970"/>
                <Baseline points="207,3018 268,3017 329,3016 390,3015 451,3013 512,3012 573,3010 634,3008 695,3007 756,3005 817,3003 878,3001 939,2999 1000,2998 1061,2996 1122,2995 1183,2993 1244,2992 1305,2992 1366,2991"/>
                <TextEquiv>
                    <Unicode>überall die ungetrübte Ueberzeugung herrscht, daß Herr</Unicode>
                </TextEquiv>
            </TextLine>
            <TextLine id="r1l58" custom="readingOrder {index:57;}">
                <Coords points="202,3074 1214,3064 1377,3053 1376,2999 201,3029"/>
                <Baseline points="211,3072 268,3071 326,3070 384,3069 442,3068 500,3066 558,3064 615,3062 673,3061 731,3059 789,3057 847,3055 905,3053 963,3052 1020,3050 1078,3049 1136,3048 1194,3047 1252,3047 1310,3047 1368,3047"/>
                <TextEquiv>
                    <Unicode>Schnitzler allenfalls ein gewandter jüdischer Faiseur, nie</Unicode>
                </TextEquiv>
            </TextLine>
            <TextLine id="r1l59" custom="readingOrder {index:58;}">
                <Coords points="210,3133 1227,3116 1370,3096 1369,3064 208,3079"/>
                <Baseline points="218,3124 275,3123 332,3122 389,3121 446,3119 503,3118 560,3117 617,3115 674,3114 731,3112 789,3111 846,3109 903,3107 960,3106 1017,3104 1074,3102 1131,3101 1188,3099 1245,3097 1302,3096 1360,3095"/>
                <TextEquiv>
                    <Unicode>aber ein Dichter ist — für das Kuratorium der Bauernfeld¬</Unicode>
                </TextEquiv>
            </TextLine>
            <TextLine id="r1l60" custom="readingOrder {index:59;}">
                <Coords points="206,3169 442,3193 733,3154 779,3182 1381,3156 1380,3117 1324,3100 205,3136"/>
                <Baseline points="215,3172 272,3174 330,3175 388,3176 446,3175 504,3174 561,3173 619,3171 677,3169 735,3167 793,3165 850,3163 908,3160 966,3158 1024,3156 1082,3154 1139,3152 1197,3151 1255,3150 1313,3150 1371,3150"/>
                <TextEquiv>
                    <Unicode>Stiftung gilt nur, was in den Judenblättern steht: daß</Unicode>
                </TextEquiv>
            </TextLine>
            <TextLine id="r1l61" custom="readingOrder {index:60;}">
                <Coords points="208,3243 1324,3223 1379,3214 1378,3170 206,3193"/>
                <Baseline points="217,3233 274,3232 332,3232 389,3231 447,3229 505,3228 562,3225 620,3224 678,3221 735,3219 793,3216 851,3214 908,3211 966,3209 1024,3208 1081,3206 1139,3204 1197,3202 1254,3202 1312,3201 1370,3201"/>
                <TextEquiv>
                    <Unicode>Herr Artur Schnitzler ein bedeutender Dichter ist. Und eine</Unicode>
                </TextEquiv>
            </TextLine>
            <TextLine id="r1l62" custom="readingOrder {index:61;}">
                <Coords points="215,3287 352,3312 493,3278 1381,3268 1380,3236 1256,3216 214,3240"/>
                <Baseline points="223,3283 280,3282 337,3282 395,3281 452,3280 510,3278 567,3277 624,3275 682,3274 739,3272 797,3270 854,3268 911,3267 969,3265 1026,3263 1084,3262 1141,3260 1198,3259 1256,3258 1313,3256 1371,3255"/>
                <TextEquiv>
                    <Unicode>Reihe anderer, die es wirklich sind, oder werden könnten,</Unicode>
                </TextEquiv>
            </TextLine>
            <TextLine id="r1l63" custom="readingOrder {index:62;}">
                <Coords points="216,3339 1212,3335 1366,3320 1382,3270 215,3301"/>
                <Baseline points="225,3338 282,3337 339,3336 397,3334 454,3333 512,3331 569,3330 627,3329 684,3327 742,3326 799,3324 856,3322 914,3321 971,3319 1029,3318 1086,3316 1144,3314 1201,3312 1259,3311 1316,3309 1374,3308"/>
                <TextEquiv>
                    <Unicode>wenn man ihren Kräften Entfaltung gönnte, was ja der</Unicode>
                </TextEquiv>
            </TextLine>
            <TextLine id="r1l64" custom="readingOrder {index:63;}">
                <Coords points="207,3396 1222,3390 1353,3377 1387,3320 205,3344"/>
                <Baseline points="215,3398 273,3395 331,3393 389,3390 447,3388 506,3386 564,3384 622,3383 680,3381 738,3380 797,3378 855,3377 913,3375 971,3374 1029,3372 1088,3370 1146,3369 1204,3367 1262,3365 1320,3362 1379,3360"/>
                <TextEquiv>
                    <Unicode>Zweck der Bauernfeld= und aller ähnlichen Stiftungen ist,</Unicode>
                </TextEquiv>
            </TextLine>
            <TextLine id="r1l65" custom="readingOrder {index:64;}">
                <Coords points="215,3464 1097,3437 1170,3424 1169,3381 213,3407"/>
                <Baseline points="223,3446 269,3445 316,3443 363,3441 410,3439 457,3438 504,3436 551,3435 598,3433 645,3431 692,3430 738,3428 785,3427 832,3425 879,3424 926,3423 973,3422 1020,3420 1067,3420 1114,3419 1161,3418"/>
                <TextEquiv>
                    <Unicode>gehen umher und warten. Warten — vergeblich!</Unicode>
                </TextEquiv>
            </TextLine>
            <TextLine id="r1l66" custom="readingOrder {index:65;}">
                <Coords points="287,3486 438,3516 1385,3484 1361,3420 286,3465"/>
                <Baseline points="296,3496 352,3494 409,3492 466,3490 523,3488 579,3487 636,3485 693,3484 750,3483 807,3482 863,3480 920,3479 977,3478 1034,3477 1091,3475 1147,3474 1204,3471 1261,3470 1318,3467 1375,3464"/>
                <TextEquiv>
                    <Unicode>Es ist die höchste Zeit, daß mit diesem System gebrochen</Unicode>
                </TextEquiv>
            </TextLine>
            <TextLine id="r1l67" custom="readingOrder {index:66;}">
                <Coords points="217,3572 1363,3532 1395,3465 215,3504"/>
                <Baseline points="225,3549 283,3549 341,3548 399,3548 457,3547 515,3546 573,3544 631,3543 689,3541 747,3540 806,3538 864,3536 922,3534 980,3532 1038,3530 1096,3528 1154,3526 1212,3524 1270,3522 1328,3520 1387,3518"/>
                <TextEquiv>
                    <Unicode>wird. Unsere Zeit gibt sich den Anstand den Kartellen zuleibe</Unicode>
                </TextEquiv>
            </TextLine>
            <TextLine id="r1l68" custom="readingOrder {index:67;}">
                <Coords points="220,3619 1333,3593 1394,3579 1392,3516 218,3572"/>
                <Baseline points="229,3609 286,3606 344,3603 402,3600 460,3598 518,3597 575,3595 633,3593 691,3592 749,3590 807,3589 864,3588 922,3587 980,3586 1038,3584 1096,3583 1153,3581 1211,3579 1269,3577 1327,3574 1385,3571"/>
                <TextEquiv>
                    <Unicode>zu rücken. Warum will sie nicht das furchtbarste und gefähr¬</Unicode>
                </TextEquiv>
            </TextLine>
            <TextLine id="r1l69" custom="readingOrder {index:68;}">
                <Coords points="223,3670 1371,3644 1408,3639 1406,3573 221,3618"/>
                <Baseline points="231,3661 289,3659 347,3657 406,3655 464,3654 523,3652 581,3649 639,3648 698,3646 756,3644 815,3642 873,3641 931,3639 990,3637 1048,3636 1107,3634 1165,3633 1223,3631 1282,3630 1340,3628 1399,3627"/>
                <TextEquiv>
                    <Unicode>lichste Kartell sehen und bekämpfen, das dem geistigen Leben</Unicode>
                </TextEquiv>
            </TextLine>
            <TextLine id="r1l70" custom="readingOrder {index:69;}">
                <Coords points="210,3712 1279,3706 1395,3678 1394,3640 208,3676"/>
                <Baseline points="219,3714 277,3712 335,3711 394,3709 452,3707 510,3706 569,3704 627,3702 685,3700 744,3699 802,3697 860,3696 919,3694 977,3692 1035,3690 1094,3688 1152,3686 1210,3685 1269,3682 1327,3680 1386,3678"/>
                <TextEquiv>
                    <Unicode>unseres Volkes die schlimmsten Gefahren bringt, es zu er¬</Unicode>
                </TextEquiv>
            </TextLine>
            <TextLine id="r1l71" custom="readingOrder {index:70;}">
                <Coords points="222,3766 1185,3763 1398,3737 1398,3677 459,3741 220,3723"/>
                <Baseline points="230,3765 288,3765 346,3764 404,3764 462,3763 520,3761 578,3760 636,3758 694,3756 752,3754 810,3752 868,3750 926,3748 984,3746 1042,3743 1100,3742 1158,3740 1216,3739 1274,3738 1332,3737 1390,3736"/>
                <TextEquiv>
                    <Unicode>würgen, im eigenen Lande mit eisernem Ringe zu erdrosseln</Unicode>
                </TextEquiv>
            </TextLine>
            <TextLine id="r1l72" custom="readingOrder {index:71;}">
                <Coords points="224,3841 1309,3806 1398,3787 1397,3736 222,3774"/>
                <Baseline points="232,3818 289,3818 347,3818 405,3817 463,3816 521,3815 579,3813 636,3811 694,3810 752,3808 810,3805 868,3803 926,3801 984,3799 1041,3796 1099,3794 1157,3792 1215,3790 1273,3788 1331,3787 1389,3785"/>
                <TextEquiv>
                    <Unicode>droht: der jüdischen Literaturcamorra?! Hier</Unicode>
                </TextEquiv>
            </TextLine>
            <TextLine id="r1l73" custom="readingOrder {index:72;}">
                <Coords points="221,3891 1394,3848 1393,3812 1319,3800 220,3839"/>
                <Baseline points="230,3877 287,3876 345,3874 403,3873 460,3871 518,3869 576,3867 633,3865 691,3863 749,3861 807,3859 864,3857 922,3855 980,3854 1037,3851 1095,3850 1153,3848 1210,3847 1268,3845 1326,3843 1384,3842"/>
                <TextEquiv>
                    <Unicode>muß mit energischer und rücksichtsloser Hand eingegriffen</Unicode>
                </TextEquiv>
            </TextLine>
            <TextLine id="r1l74" custom="readingOrder {index:73;}">
                <Coords points="220,3924 1408,3905 1406,3857 1354,3846 219,3891"/>
                <Baseline points="230,3928 288,3926 346,3925 405,3923 463,3922 522,3920 580,3918 639,3917 697,3915 756,3913 814,3912 872,3910 931,3908 989,3906 1048,3904 1106,3902 1165,3901 1223,3899 1282,3898 1340,3896 1399,3895"/>
                <TextEquiv>
                    <Unicode>werden. Und eines der Mittel hiezu wird darin bestehen, die</Unicode>
                </TextEquiv>
            </TextLine>
            <TextLine id="r1l75" custom="readingOrder {index:74;}">
                <Coords points="230,3988 1403,3964 1401,3907 1338,3903 228,3925"/>
                <Baseline points="238,3981 295,3979 353,3977 411,3975 469,3974 526,3972 584,3970 642,3969 700,3967 757,3965 815,3964 873,3962 931,3961 988,3959 1046,3957 1104,3956 1162,3954 1219,3952 1277,3950 1335,3948 1393,3945"/>
                <TextEquiv>
                    <Unicode>Mitglieder der Kuratorien und Preisgerichte, denen die</Unicode>
                </TextEquiv>
            </TextLine>
            <TextLine id="r1l76" custom="readingOrder {index:75;}">
                <Coords points="228,4040 1421,3998 1373,3954 227,3988"/>
                <Baseline points="238,4032 296,4031 355,4030 413,4029 472,4028 531,4026 589,4024 648,4023 707,4021 765,4019 824,4018 883,4015 941,4013 1000,4012 1059,4010 1117,4008 1176,4006 1235,4004 1293,4003 1352,4001 1411,3999"/>
                <TextEquiv>
                    <Unicode>Nation die ethische und materielle Förderung</Unicode>
                </TextEquiv>
            </TextLine>
            <TextLine id="r1l77" custom="readingOrder {index:76;}">
                <Coords points="237,4101 1329,4063 1407,4033 1406,3992 1032,4039 235,4040"/>
                <Baseline points="246,4088 303,4085 361,4082 418,4080 476,4078 534,4076 591,4075 649,4074 707,4073 764,4072 822,4071 880,4069 937,4068 995,4067 1053,4065 1110,4063 1168,4061 1226,4058 1283,4056 1341,4052 1399,4048"/>
                <TextEquiv>
                    <Unicode>ihrer Dichter anvertraut hat, an ihre hohe Ver¬</Unicode>
                </TextEquiv>
            </TextLine>
            <TextLine id="r1l78" custom="readingOrder {index:77;}">
                <Coords points="227,4142 1409,4123 1406,4034 1237,4080 226,4105"/>
                <Baseline points="235,4141 293,4139 351,4137 409,4135 467,4134 526,4133 584,4132 642,4130 700,4129 758,4128 817,4126 875,4125 933,4123 991,4121 1049,4119 1108,4118 1166,4115 1224,4112 1282,4109 1340,4106 1399,4103"/>
                <TextEquiv>
                    <Unicode>antwortlichkeit zu erinnern, und, folgen sie dem warnenden</Unicode>
                </TextEquiv>
            </TextLine>
            <TextLine id="r1l79" custom="readingOrder {index:78;}">
                <Coords points="232,4192 1203,4200 1407,4157 1406,4124 1330,4114 231,4144"/>
                <Baseline points="242,4192 299,4191 357,4190 415,4190 473,4189 530,4188 588,4186 646,4185 704,4184 761,4182 819,4181 877,4179 935,4178 992,4176 1050,4173 1108,4171 1166,4169 1223,4166 1281,4164 1339,4161 1397,4158"/>
                <TextEquiv>
                    <Unicode>Rufe nicht, als Pflichtvergessene oder zu ihrem Amte Unfähige</Unicode>
                </TextEquiv>
            </TextLine>
            <TextEquiv>
                <Unicode>
teller arischer Rasse werden entweder konsequent übergangen sid die
gen¬
der sie erhalten die Abfälle. Der Bauernfeld=Preis wurde
tung")
leinerzeit Herrn Leo Hirschfeld zum Erstaunen Aller für jsiliehe
in wertloses im Kaffeehaus aufgelesenes Geschreibsel, die je Mit¬
Komödie „Die Lumpen“ als „Ermunterung“ zuerkannt.
Feder Einsichtige wußte damals, daß es hier nichts zu er¬
huntern gibt. Und tatsächlich ist vier ganze Jahre später die
Frucht dieser „Ermunterung“ danach ausgefallen, der jämmer¬
iche Einakter „Der Arzt“, der kürzlich im Deutschen Volks¬
heater beinahe ausgelacht wurde. Aber der Bauernfeld=Preis
blieb in der Familie Hirschfeld; im Vorjahre erhielt
hn Leo Hirschfelds Bruder Viktor Leon, der
sixe Librettofabrikant für die „Gebildeten Menschen“,
kein Stück, das sieben Jahre früher gegeben worden
war. Man scheint eben Familienrücksichten zu haben. Ein
wveiterer Bauernfeldprämiant ist der Jude Felix Dör¬
mann, richtig Biedermann, der vor längerer Zeit
ämtliche Damen vom Salzgries durch lüsterne Faunserotik
n Verzückung setzte und darauf dem unreinlichen Geschmacke
eines Stammpublikums mit einer Zubereitung des Abhubes
perdorbener Gesellschaft in den „Ledigen Leuten“ 2c. huldigte.
Er wurde von dem Kuratorium preisgekrönt für ein Werk,
das noch nicht einmal in Druck erschienen war, den „Herrn
von Abadessa“. Diese arge Ungehörigkeit hat damals
Protest aller anständigen Literaten hervor¬
gerufen, fruchtlos natürlich. Das Stück aber ist seither —
verschwunden. So wird also — um bl den materiellen
Standpunkt zu betonen — das Geld, das von rechtswegen
würdigen deutschen Schriftstellern gebührt, an talentlose
fliterarische Schmarotzer hinausgeworfen! Summen, mit denen
ein Kranewitter, Schamann oder Schrottenbach, um nur drei zu.
nennen, neue friedliche Schaffensmöglichkeit für ein neues und gewiß
nicht wertloses Werk erhielten, werden an geschäftsmäßige
TL
Lantiemenjäger, die das Dichten mit erwerbssüchtigem:
Krämerfinn betreiben, verschleudert! Und die Bevölkerung
und ihre d. h die aus ihr stammenden Schriftsteller, müssen
ruhig dabei zusehen und ihr gutes Recht mit Füßen treten
lassen.
Nun hat also auch Schnitzler den Preis bekommen,
u. zw. unbekümmert darum, daß die prämiierten Stücke
neulich trotz der freiwilligen Claque der jüdischen Kaffeehaus¬
liga sanft durchfielen; unbekümmert darum, daß ein paar
Wochen vorher ein anderes Werk dieses Autors, die „Liebelei“,
gerade dort, wo es, wäre es wahr und gut, die Gemüter
ergreifen müßte, im Volke abgelehnt wurde; unbekümmert
endlich auch darum, daß alle Stücke dieses Autors
trotz der ungeheuren Reklame, die von dem koalierten
Judentum dafür gemacht wurden, in Berlin und
Wien es höchstens zu einem Scheinerfolge brachten.
Wenn auch die gesamte Bevölkerung großer deutscher Städte
sich von den Arbeiten Schnitzlers abwendet und höchstens
einige seiner ironischen Scherze hinnimmt, wenn also auch
überall die ungetrübte Ueberzeugung herrscht, daß Herr
Schnitzler allenfalls ein gewandter jüdischer Faiseur, nie
aber ein Dichter ist — für das Kuratorium der Bauernfeld¬
Stiftung gilt nur, was in den Judenblättern steht: daß
Herr Artur Schnitzler ein bedeutender Dichter ist. Und eine
Reihe anderer, die es wirklich sind, oder werden könnten,
wenn man ihren Kräften Entfaltung gönnte, was ja der
Zweck der Bauernfeld= und aller ähnlichen Stiftungen ist,
gehen umher und warten. Warten — vergeblich!
Es ist die höchste Zeit, daß mit diesem System gebrochen
wird. Unsere Zeit gibt sich den Anstand den Kartellen zuleibe
zu rücken. Warum will sie nicht das furchtbarste und gefähr¬
lichste Kartell sehen und bekämpfen, das dem geistigen Leben
unseres Volkes die schlimmsten Gefahren bringt, es zu er¬
würgen, im eigenen Lande mit eisernem Ringe zu erdrosseln
droht: der jüdischen Literaturcamorra?! Hier
muß mit energischer und rücksichtsloser Hand eingegriffen
werden. Und eines der Mittel hiezu wird darin bestehen, die
Mitglieder der Kuratorien und Preisgerichte, denen die
Nation die ethische und materielle Förderung
ihrer Dichter anvertraut hat, an ihre hohe Ver¬
antwortlichkeit zu erinnern, und, folgen sie dem warnenden
Rufe nicht, als Pflichtvergessene oder zu ihrem Amte Unfähige</Unicode>
            </TextEquiv>
        </TextRegion>
        <TextRegion orientation="0.0" id="r2" custom="readingOrder {index:1;}">
            <Coords points="1561,209 1561,3531 3025,3531 3025,209"/>
            <TextLine id="r2l1" custom="readingOrder {index:0;}">
                <Coords points="1777,267 1842,284 1942,260 2000,278 2051,252 2102,269 2193,265 2209,259 2208,189 2082,187 2011,215 1961,214 1933,197 1898,203 1850,174 1811,198 1776,199"/>
                <Baseline points="1785,246 1810,245 1836,245 1862,244 1888,243 1914,242 1940,242 1966,241 1992,241 2018,240 2044,240 2070,239 2096,238 2122,238 2148,237 2174,237 2200,236"/>
                <TextEquiv>
                    <Unicode>—.——</Unicode>
                </TextEquiv>
            </TextLine>
            <TextLine id="r2l2" custom="readingOrder {index:1;}">
                <Coords points="2888,1250 2908,1252 2913,1248 2935,1264 2962,1244 2971,1244 2969,1118 2955,1122 2938,1111 2933,1117 2922,1113 2912,1124 2886,1125"/>
                <Baseline points="2897,1235 2929,1236 2961,1234"/>
                <TextEquiv>
                    <Unicode></Unicode>
                </TextEquiv>
            </TextLine>
            <TextLine id="r2l3" custom="readingOrder {index:2;}">
                <Coords points="2030,1351 2254,1332 2458,1338 2478,1330 2477,1287 2413,1260 2356,1272 2277,1263 2256,1280 2202,1267 2164,1282 2118,1268 2028,1272"/>
                <Baseline points="2037,1313 2062,1313 2087,1313 2113,1312 2138,1312 2164,1311 2189,1310 2214,1310 2240,1309 2265,1309 2291,1308 2316,1307 2341,1306 2367,1306 2392,1305 2418,1305 2443,1305 2469,1305"/>
                <TextEquiv>
                    <Unicode>Telephon 12801.</Unicode>
                </TextEquiv>
            </TextLine>
            <TextLine id="r2l4" custom="readingOrder {index:3;}">
                <Coords points="1649,1417 1786,1443 2869,1401 2868,1353 2796,1338 1649,1390"/>
                <Baseline points="1659,1417 1719,1416 1779,1415 1839,1413 1899,1412 1959,1411 2019,1409 2079,1408 2139,1407 2199,1406 2259,1405 2319,1404 2379,1402 2439,1401 2499,1400 2559,1398 2619,1397 2679,1395 2739,1393 2799,1392 2860,1390"/>
                <TextEquiv>
                    <Unicode>Alex. Weigl’'s Unternehmen für Zeitungs-Ausschnitte</Unicode>
                </TextEquiv>
            </TextLine>
            <TextLine id="r2l5" custom="readingOrder {index:4;}">
                <Coords points="1919,1558 2430,1545 2508,1530 2559,1482 2831,1444 2826,1401 2662,1401 2589,1446 2006,1449 1912,1496"/>
                <Baseline points="1926,1538 1970,1538 2015,1538 2060,1537 2104,1536 2149,1534 2194,1531 2238,1529 2283,1525 2328,1521 2373,1517 2417,1512 2462,1506 2507,1500 2551,1493 2596,1485 2641,1477 2685,1468 2730,1458 2775,1447 2820,1436"/>
                <TextEquiv>
                    <Unicode>„OBSERER“</Unicode>
                </TextEquiv>
            </TextLine>
            <TextLine id="r2l6" custom="readingOrder {index:5;}">
                <Coords points="2647,1540 2705,1553 2732,1537 2802,1525 2841,1556 2913,1531 2949,1544 2949,1462 2904,1458 2872,1479 2850,1470 2818,1497 2793,1502 2736,1458 2709,1469 2648,1467"/>
                <Baseline points="2657,1529 2682,1527 2708,1526 2734,1526 2759,1526 2785,1527 2811,1528 2837,1528 2862,1529 2888,1529 2914,1528 2940,1527"/>
                <TextEquiv>
                    <Unicode>Nr. 66</Unicode>
                </TextEquiv>
            </TextLine>
            <TextLine id="r2l7" custom="readingOrder {index:6;}">
                <Coords points="1556,1634 3009,1599 3007,1536 2787,1531 1555,1582"/>
                <Baseline points="1565,1614 1636,1613 1708,1612 1780,1610 1851,1609 1923,1608 1995,1606 2066,1604 2138,1602 2210,1601 2282,1599 2353,1597 2425,1595 2497,1594 2568,1592 2640,1590 2712,1589 2783,1588 2855,1586 2927,1585 2999,1584"/>
                <TextEquiv>
                    <Unicode>I. österr. behördl. conc. Bureau für Zeitungsberichte u. Personalnachrichten</Unicode>
                </TextEquiv>
            </TextLine>
            <TextLine id="r2l8" custom="readingOrder {index:7;}">
                <Coords points="1818,1686 2739,1668 2738,1631 2692,1607 2214,1644 2161,1618 2029,1649 1817,1636"/>
                <Baseline points="1827,1675 1872,1677 1917,1678 1962,1678 2007,1678 2052,1678 2097,1677 2142,1676 2187,1674 2232,1673 2278,1671 2323,1670 2368,1668 2413,1666 2458,1664 2503,1663 2548,1662 2593,1661 2638,1660 2683,1660 2729,1661"/>
                <TextEquiv>
                    <Unicode>Wien, I., Concondiaplatz 4.</Unicode>
                </TextEquiv>
            </TextLine>
            <TextLine id="r2l9" custom="readingOrder {index:8;}">
                <Coords points="1570,1739 2956,1738 3002,1676 1569,1699"/>
                <Baseline points="1578,1738 1648,1738 1719,1737 1790,1737 1861,1736 1932,1734 2002,1733 2073,1731 2144,1729 2215,1727 2286,1726 2356,1724 2427,1722 2498,1720 2569,1719 2640,1717 2710,1716 2781,1714 2852,1713 2923,1713 2994,1712"/>
                <TextEquiv>
                    <Unicode>Vertretungen in Berlin, Budapest, Chicago, Genf, Lon on, Newyork, Paris. Rom.</Unicode>
                </TextEquiv>
            </TextLine>
            <TextLine id="r2l10" custom="readingOrder {index:9;}">
                <Coords points="1918,1793 2122,1778 2164,1797 2201,1773 2350,1771 2457,1796 2513,1768 2620,1793 2631,1735 1917,1743"/>
                <Baseline points="1927,1771 1961,1771 1996,1771 2031,1771 2066,1771 2101,1770 2135,1769 2170,1768 2205,1767 2240,1765 2275,1764 2309,1763 2344,1762 2379,1761 2414,1760 2449,1760 2483,1759 2518,1759 2553,1760 2588,1761 2623,1763"/>
                <TextEquiv>
                    <Unicode>Stockholm, Kristiania, St. Petersburg.</Unicode>
                </TextEquiv>
            </TextLine>
            <TextLine id="r2l11" custom="readingOrder {index:10;}">
                <Coords points="1551,1923 1726,1943 1899,1917 1923,1937 2075,1919 2075,1894 2002,1865 1970,1882 1812,1858 1728,1885 1631,1871 1551,1889"/>
                <Baseline points="1561,1927 1586,1927 1611,1926 1636,1925 1662,1924 1687,1924 1712,1923 1738,1922 1763,1921 1788,1921 1814,1920 1839,1920 1864,1919 1889,1919 1915,1918 1940,1918 1965,1917 1991,1917 2016,1917 2041,1917 2067,1917"/>
                <TextEquiv>
                    <Unicode>Ausschnitt aus:</Unicode>
                </TextEquiv>
            </TextLine>
            <TextLine id="r2l12" custom="readingOrder {index:11;}">
                <Coords points="2162,1969 2614,1977 2685,1999 2838,1982 2870,2001 2915,1984 2917,1920 2754,1893 2592,1918 2551,1892 2526,1913 2354,1880 2164,1890"/>
                <Baseline points="2171,1967 2207,1968 2244,1969 2281,1970 2318,1971 2355,1973 2391,1974 2428,1975 2465,1976 2502,1977 2539,1978 2575,1979 2612,1980 2649,1981 2686,1982 2723,1982 2759,1982 2796,1982 2833,1982 2870,1982 2907,1982"/>
                <TextEquiv>
                    <Unicode>Arbsiter Zeifurg. Wien</Unicode>
                </TextEquiv>
            </TextLine>
            <TextLine id="r2l13" custom="readingOrder {index:12;}">
                <Coords points="1837,2098 1851,2093 1881,2120 1909,2105 1962,2111 1997,2101 2021,2110 2079,2070 2114,2084 2165,2062 2162,2014 2101,1993 2017,2031 1979,2032 1940,2008 1910,2019 1888,2003 1874,2016 1831,2016"/>
                <Baseline points="1844,2073 1869,2076 1895,2078 1921,2078 1947,2077 1973,2075 1999,2072 2025,2069 2051,2066 2077,2063 2103,2061 2129,2060 2155,2059"/>
                <TextEquiv>
                    <Unicode>E·405</Unicode>
                </TextEquiv>
            </TextLine>
            <TextLine id="r2l14" custom="readingOrder {index:13;}">
                <Coords points="1562,2095 1585,2090 1631,2104 1648,2088 1701,2109 1758,2068 1835,2065 1831,1992 1765,2032 1739,2020 1717,2033 1688,2025 1560,2049"/>
                <Baseline points="1571,2081 1596,2077 1622,2074 1647,2072 1673,2070 1699,2069 1724,2068 1750,2067 1775,2066 1801,2066 1827,2064"/>
                <TextEquiv>
                    <Unicode>vom:</Unicode>
                </TextEquiv>
            </TextLine>
            <TextLine id="r2l15" custom="readingOrder {index:14;}">
                <Coords points="2106,2335 2115,2334 2128,2341 2140,2331 2147,2334 2156,2333 2151,2258 2135,2259 2126,2256 2114,2268 2101,2269"/>
                <Baseline points="2113,2305 2145,2303"/>
                <TextEquiv>
                    <Unicode>7200</Unicode>
                </TextEquiv>
            </TextLine>
            <TextLine id="r2l16" custom="readingOrder {index:15;}">
                <Coords points="1861,2394 2847,2355 2846,2323 2741,2330 2680,2286 2384,2347 1860,2335"/>
                <Baseline points="1870,2388 1918,2388 1966,2387 2015,2386 2063,2385 2112,2383 2160,2382 2209,2381 2257,2380 2306,2378 2354,2377 2402,2376 2451,2374 2499,2373 2548,2371 2596,2370 2645,2368 2693,2366 2742,2365 2790,2363 2839,2360"/>
                <TextEquiv>
                    <Unicode> Arthur Schnitzler hat für seinen Einakterzyklus</Unicode>
                </TextEquiv>
            </TextLine>
            <TextLine id="r2l17" custom="readingOrder {index:16;}">
                <Coords points="1717,2443 2803,2406 2850,2352 1858,2388 1716,2423"/>
                <Baseline points="1726,2440 1781,2438 1837,2437 1893,2435 1949,2433 2005,2430 2061,2428 2116,2426 2172,2423 2228,2421 2284,2417 2340,2414 2396,2412 2452,2409 2507,2407 2563,2405 2619,2403 2675,2401 2731,2400 2787,2398 2843,2397"/>
                <TextEquiv>
                    <Unicode>„Lebendige Stunden“ den Bauernfeld=Preis (2000</Unicode>
                </TextEquiv>
            </TextLine>
            <TextLine id="r2l18" custom="readingOrder {index:17;}">
                <Coords points="1702,2481 2851,2440 2849,2384 1700,2438"/>
                <Baseline points="1710,2476 1766,2474 1823,2472 1879,2470 1936,2469 1992,2467 2049,2465 2105,2463 2162,2461 2218,2458 2275,2457 2332,2454 2388,2452 2445,2450 2501,2448 2558,2445 2614,2443 2671,2441 2727,2438 2784,2436 2841,2433"/>
                <TextEquiv>
                    <Unicode>Kronen) erhalten. Der Sitzung des Bauernfeld=Kuratoriums</Unicode>
                </TextEquiv>
            </TextLine>
            <TextLine id="r2l19" custom="readingOrder {index:18;}">
                <Coords points="1703,2511 2850,2468 2849,2441 2756,2436 1702,2482"/>
                <Baseline points="1712,2513 1768,2511 1825,2509 1881,2507 1938,2505 1994,2502 2051,2500 2107,2498 2164,2496 2220,2493 2277,2491 2333,2489 2390,2486 2446,2485 2503,2482 2559,2481 2616,2479 2672,2477 2729,2476 2785,2474 2842,2473"/>
                <TextEquiv>
                    <Unicode>-wohnten Unterrichtsminister Dr. v. Hartel, Alfred Freiher</Unicode>
                </TextEquiv>
            </TextLine>
            <TextLine id="r2l20" custom="readingOrder {index:19;}">
                <Coords points="1718,2548 2806,2520 2849,2470 1716,2511"/>
                <Baseline points="1726,2550 1781,2548 1837,2545 1893,2543 1949,2540 2005,2538 2060,2536 2116,2534 2172,2532 2228,2530 2284,2528 2339,2526 2395,2524 2451,2522 2507,2520 2563,2518 2618,2515 2674,2513 2730,2511 2786,2509 2842,2507"/>
                <TextEquiv>
                    <Unicode>v. Berger, Professor Minor, Dr. Edmund Weißel und Hof¬</Unicode>
                </TextEquiv>
            </TextLine>
            <TextLine id="r2l21" custom="readingOrder {index:20;}">
                <Coords points="1716,2587 2808,2557 2849,2521 1715,2549"/>
                <Baseline points="1725,2587 1780,2584 1836,2582 1892,2579 1948,2576 2003,2574 2059,2571 2115,2569 2171,2567 2226,2565 2282,2563 2338,2561 2394,2559 2449,2558 2505,2556 2561,2555 2617,2553 2672,2552 2728,2551 2784,2550 2840,2549"/>
                <TextEquiv>
                    <Unicode>schauspieler Lewinsky bei. Die Verleihung erfolgte einstimmig</Unicode>
                </TextEquiv>
            </TextLine>
            <TextLine id="r2l22" custom="readingOrder {index:21;}">
                <Coords points="1710,2630 2642,2607 2843,2562 1708,2583"/>
                <Baseline points="1719,2623 1774,2620 1830,2618 1886,2615 1942,2613 1998,2610 2054,2608 2109,2606 2165,2603 2221,2602 2277,2599 2333,2597 2389,2595 2445,2593 2500,2591 2556,2590 2612,2588 2668,2587 2724,2585 2780,2584 2836,2582"/>
                <TextEquiv>
                    <Unicode>Den letzten Bauernfeld=Preis im Oktober des Vorjahres erhielter</Unicode>
                </TextEquiv>
            </TextLine>
            <TextLine id="r2l23" custom="readingOrder {index:22;}">
                <Coords points="1713,2653 2852,2627 2850,2588 2683,2583 1712,2632"/>
                <Baseline points="1723,2661 1779,2659 1835,2657 1891,2655 1947,2652 2003,2650 2059,2648 2115,2646 2171,2643 2227,2641 2283,2638 2339,2637 2395,2634 2451,2632 2507,2630 2563,2628 2619,2626 2675,2624 2731,2622 2787,2621 2843,2619"/>
                <TextEquiv>
                    <Unicode>Frau Langkammer, J. J. David, Viktor Leon, Freussen und Stefar</Unicode>
                </TextEquiv>
            </TextLine>
            <TextLine id="r2l24" custom="readingOrder {index:23;}">
                <Coords points="1718,2694 2852,2688 2850,2627 2811,2623 1717,2651"/>
                <Baseline points="1727,2696 1782,2695 1838,2693 1894,2691 1950,2688 2006,2686 2061,2684 2117,2681 2173,2678 2229,2676 2285,2674 2340,2672 2396,2669 2452,2668 2508,2666 2564,2665 2619,2665 2675,2664 2731,2665 2787,2665 2843,2667"/>
                <TextEquiv>
                    <Unicode>Milow; im Frühjahr des Vorjahres erhielt den Preis Schönhey</Unicode>
                </TextEquiv>
            </TextLine>
            <TextLine id="r2l25" custom="readingOrder {index:24;}">
                <Coords points="1725,2757 1837,2749 1941,2766 1984,2742 2035,2740 2055,2757 2083,2734 2182,2739 2179,2687 2134,2682 2024,2698 1889,2694 1872,2711 1844,2696 1722,2696"/>
                <Baseline points="1733,2736 1758,2735 1784,2733 1810,2732 1836,2731 1861,2729 1887,2728 1913,2726 1939,2725 1964,2724 1990,2723 2016,2722 2042,2720 2067,2720 2093,2719 2119,2719 2145,2718 2171,2718"/>
                <TextEquiv>
                    <Unicode>für den „Sonnwendtag“.</Unicode>
                </TextEquiv>
            </TextLine>
            <TextLine id="r2l26" custom="readingOrder {index:25;}">
                <Coords points="2046,2804 2195,2820 2229,2799 2250,2813 2327,2801 2369,2816 2401,2799 2503,2806 2557,2781 2556,2754 2518,2739 2373,2762 2315,2747 2109,2765 2077,2747 2045,2768"/>
                <Baseline points="2055,2800 2080,2800 2106,2800 2132,2800 2158,2799 2184,2799 2210,2798 2236,2797 2262,2797 2288,2796 2313,2795 2339,2795 2365,2794 2391,2793 2417,2793 2443,2792 2469,2791 2495,2791 2521,2791 2547,2790"/>
                <TextEquiv>
                    <Unicode>Bezugs-Bedingungen:</Unicode>
                </TextEquiv>
            </TextLine>
            <TextLine id="r2l27" custom="readingOrder {index:26;}">
                <Coords points="1701,2866 2609,2858 2687,2840 2686,2795 1700,2830"/>
                <Baseline points="1709,2863 1757,2862 1805,2860 1854,2859 1902,2857 1951,2856 1999,2854 2048,2853 2096,2851 2145,2850 2193,2849 2241,2848 2290,2847 2338,2845 2387,2844 2435,2843 2484,2842 2532,2841 2581,2840 2629,2839 2678,2837"/>
                <TextEquiv>
                    <Unicode>50 Zeitungsansschnitte (Artikel oder Notizen) Kr. 1</Unicode>
                </TextEquiv>
            </TextLine>
            <TextLine id="r2l28" custom="readingOrder {index:27;}">
                <Coords points="2658,2885 2731,2875 2782,2899 2826,2855 2922,2856 2952,2870 2994,2840 2991,2813 2957,2797 2917,2814 2857,2800 2778,2802 2742,2840 2654,2849"/>
                <Baseline points="2665,2875 2691,2872 2718,2869 2745,2866 2772,2862 2798,2859 2825,2856 2852,2853 2879,2850 2905,2848 2932,2847 2959,2846 2986,2846"/>
                <TextEquiv>
                    <Unicode>28. — inelusive</Unicode>
                </TextEquiv>
            </TextLine>
            <TextLine id="r2l29" custom="readingOrder {index:28;}">
                <Coords points="1579,2872 1595,2869 1610,2883 1619,2883 1640,2871 1689,2869 1689,2813 1669,2815 1655,2822 1642,2819 1619,2833 1601,2827 1595,2833 1579,2833"/>
                <Baseline points="1588,2865 1618,2863 1649,2863 1680,2865"/>
                <TextEquiv>
                    <Unicode>Für</Unicode>
                </TextEquiv>
            </TextLine>
            <TextLine id="r2l30" custom="readingOrder {index:29;}">
                <Coords points="2800,2881 2811,2879 2848,2900 2866,2892 2874,2896 2920,2890 2935,2895 2951,2884 2963,2884 2963,2854 2945,2861 2939,2857 2905,2860 2896,2854 2884,2860 2850,2853 2826,2855 2818,2861 2810,2854 2800,2856"/>
                <Baseline points="2809,2887 2838,2886 2867,2885 2896,2885 2925,2885 2955,2885"/>
                <TextEquiv>
                    <Unicode>Porto.</Unicode>
                </TextEquiv>
            </TextLine>
            <TextLine id="r2l31" custom="readingOrder {index:30;}">
                <Coords points="1691,2903 1720,2909 1738,2906 1765,2910 1770,2906 1782,2906 1781,2870 1768,2872 1762,2867 1759,2871 1748,2866 1721,2871 1710,2868 1702,2878 1689,2880"/>
                <Baseline points="1699,2903 1736,2898 1773,2899"/>
                <TextEquiv>
                    <Unicode>100</Unicode>
                </TextEquiv>
            </TextLine>
            <TextLine id="r2l32" custom="readingOrder {index:31;}">
                <Coords points="2648,2913 2666,2912 2681,2922 2695,2921 2699,2917 2708,2919 2711,2915 2720,2916 2726,2922 2736,2921 2745,2913 2756,2915 2754,2884 2745,2885 2733,2878 2720,2882 2709,2877 2677,2879 2668,2885 2647,2884"/>
                <Baseline points="2657,2913 2687,2910 2717,2908 2747,2909"/>
                <TextEquiv>
                    <Unicode>50.—</Unicode>
                </TextEquiv>
            </TextLine>
            <TextLine id="r2l33" custom="readingOrder {index:32;}">
                <Coords points="2639,2958 2722,2959 2772,2939 2789,2949 2811,2928 2828,2938 2945,2935 2985,2928 2983,2899 2947,2888 2930,2901 2894,2891 2848,2900 2830,2890 2806,2900 2793,2891 2740,2925 2634,2913"/>
                <Baseline points="2648,2954 2673,2950 2698,2947 2723,2944 2748,2940 2774,2937 2799,2934 2824,2931 2849,2929 2875,2927 2900,2925 2925,2924 2950,2924 2976,2924"/>
                <TextEquiv>
                    <Unicode>110.— Zahlber</Unicode>
                </TextEquiv>
            </TextLine>
            <TextLine id="r2l34" custom="readingOrder {index:33;}">
                <Coords points="1696,2948 1724,2949 1744,2943 1749,2948 1757,2944 1764,2946 1767,2942 1774,2944 1778,2940 1789,2941 1788,2905 1772,2906 1768,2910 1759,2906 1736,2909 1721,2906 1695,2910"/>
                <Baseline points="1705,2941 1742,2939 1779,2939"/>
                <TextEquiv>
                    <Unicode>200</Unicode>
                </TextEquiv>
            </TextLine>
            <TextLine id="r2l35" custom="readingOrder {index:34;}">
                <Coords points="1692,2982 1702,2981 1710,2988 1719,2984 1724,2988 1740,2984 1760,2987 1769,2984 1776,2976 1779,2980 1792,2978 1792,2944 1761,2942 1745,2950 1740,2946 1704,2946 1700,2950 1691,2950"/>
                <Baseline points="1701,2976 1728,2975 1755,2974 1783,2976"/>
                <TextEquiv>
                    <Unicode>500</Unicode>
                </TextEquiv>
            </TextLine>
            <TextLine id="r2l36" custom="readingOrder {index:35;}">
                <Coords points="2639,2995 2751,2986 2766,2997 2792,2981 2856,2996 2875,2978 2903,2994 2961,2973 3023,2987 3019,2933 2970,2928 2836,2940 2810,2929 2751,2961 2636,2959"/>
                <Baseline points="2647,2991 2673,2990 2699,2988 2725,2986 2751,2983 2777,2981 2803,2978 2830,2975 2856,2973 2882,2971 2908,2970 2934,2968 2960,2967 2986,2967 3013,2967"/>
                <TextEquiv>
                    <Unicode>200  im Voraus.</Unicode>
                </TextEquiv>
            </TextLine>
            <TextLine id="r2l37" custom="readingOrder {index:36;}">
                <Coords points="1665,3022 1693,3030 1706,3024 1720,3033 1744,3022 1760,3031 1770,3021 1796,3024 1796,2988 1702,2987 1692,2976 1665,2976"/>
                <Baseline points="1674,3019 1702,3018 1730,3018 1758,3018 1786,3019"/>
                <TextEquiv>
                    <Unicode>1000</Unicode>
                </TextEquiv>
            </TextLine>
            <TextLine id="r2l38" custom="readingOrder {index:37;}">
                <Coords points="1711,3073 3024,3030 3008,2989 2873,2979 1710,3033"/>
                <Baseline points="1720,3068 1784,3067 1849,3066 1914,3065 1978,3063 2043,3062 2108,3060 2172,3058 2237,3056 2302,3054 2367,3051 2431,3050 2496,3047 2561,3045 2625,3043 2690,3040 2755,3038 2819,3035 2884,3032 2949,3030 3014,3028"/>
                <TextEquiv>
                    <Unicode>Im Gegensatze zu anderen Bureanx für Zeitungsausschnitte ist das</Unicode>
                </TextEquiv>
            </TextLine>
            <TextLine id="r2l39" custom="readingOrder {index:38;}">
                <Coords points="2658,3087 2691,3095 2780,3077 2899,3090 2909,3080 2983,3081 3029,3056 3028,3038 3001,3034 2657,3053"/>
                <Baseline points="2667,3085 2692,3083 2717,3081 2742,3079 2768,3078 2793,3078 2818,3078 2844,3077 2869,3077 2894,3076 2919,3076 2945,3074 2970,3072 2995,3069 3021,3065"/>
                <TextEquiv>
                    <Unicode>guch steht es den</Unicode>
                </TextEquiv>
            </TextLine>
            <TextLine id="r2l40" custom="readingOrder {index:39;}">
                <Coords points="1587,3121 2591,3099 2615,3056 1586,3085"/>
                <Baseline points="1595,3112 1645,3110 1696,3109 1746,3107 1797,3105 1848,3103 1898,3102 1949,3100 1999,3099 2050,3097 2101,3095 2151,3094 2202,3093 2252,3091 2303,3090 2354,3089 2404,3088 2455,3087 2505,3085 2556,3085 2607,3084"/>
                <TextEquiv>
                    <Unicode>Abonnement durch keine bestimmte Zeitdauer begrenzt;</Unicode>
                </TextEquiv>
            </TextLine>
            <TextLine id="r2l41" custom="readingOrder {index:40;}">
                <Coords points="1597,3151 2657,3149 2913,3110 2634,3080 1596,3126"/>
                <Baseline points="1605,3151 1673,3149 1741,3147 1810,3144 1878,3143 1946,3141 2015,3140 2083,3138 2151,3137 2220,3135 2288,3133 2357,3131 2425,3129 2493,3127 2562,3125 2630,3123 2698,3121 2767,3117 2835,3115 2904,3111"/>
                <TextEquiv>
                    <Unicode>Abonnenten frei die aufgegebenen Themen zu ergänzen oder zu ändern.</Unicode>
                </TextEquiv>
            </TextLine>
            <TextLine id="r2l42" custom="readingOrder {index:41;}">
                <Coords points="1716,3234 3034,3187 2934,3138 2589,3184 1715,3186"/>
                <Baseline points="1726,3232 1794,3230 1862,3228 1931,3226 1999,3224 2067,3223 2136,3221 2204,3220 2272,3218 2341,3216 2409,3215 2478,3213 2546,3211 2614,3209 2683,3206 2751,3203 2819,3200 2888,3197 2956,3193 3025,3189"/>
                <TextEquiv>
                    <Unicode>Der „OBSERVER“ veranstaltet täglich einen Auszug enthaltend die</Unicode>
                </TextEquiv>
            </TextLine>
            <TextLine id="r2l43" custom="readingOrder {index:42;}">
                <Coords points="1604,3285 3028,3249 3026,3206 2942,3199 1602,3242"/>
                <Baseline points="1612,3278 1682,3275 1752,3272 1822,3270 1893,3268 1963,3265 2033,3263 2104,3261 2174,3260 2244,3257 2315,3256 2385,3253 2455,3252 2525,3250 2596,3248 2666,3245 2736,3244 2807,3241 2877,3239 2947,3237 3018,3235"/>
                <TextEquiv>
                    <Unicode>Inhaltsangabe aller wichtigen Mittheilungen der Wiener Morgen¬</Unicode>
                </TextEquiv>
            </TextLine>
            <TextLine id="r2l44" custom="readingOrder {index:43;}">
                <Coords points="1594,3323 3014,3290 3025,3246 1593,3289"/>
                <Baseline points="1603,3315 1673,3313 1744,3311 1815,3309 1885,3307 1956,3305 2027,3303 2097,3301 2168,3299 2239,3297 2310,3295 2380,3293 2451,3291 2522,3289 2592,3287 2663,3284 2734,3282 2804,3280 2875,3277 2946,3275 3017,3272"/>
                <TextEquiv>
                    <Unicode>blätter (Tagesjournale ausser „Neue Freie Presse“ und „Wiener Zeitung")</Unicode>
                </TextEquiv>
            </TextLine>
            <TextLine id="r2l45" custom="readingOrder {index:44;}">
                <Coords points="1605,3354 3033,3325 3028,3274 1604,3327"/>
                <Baseline points="1614,3354 1684,3353 1755,3351 1825,3348 1896,3347 1966,3345 2037,3342 2107,3340 2178,3338 2248,3336 2319,3334 2389,3332 2460,3330 2530,3327 2601,3325 2671,3322 2742,3319 2812,3317 2883,3313 2953,3310 3024,3307"/>
                <TextEquiv>
                    <Unicode>wodurch eine Uebersicht über das gesammte politische und wirthschaftliche</Unicode>
                </TextEquiv>
            </TextLine>
            <TextLine id="r2l46" custom="readingOrder {index:45;}">
                <Coords points="1609,3400 3033,3352 2969,3316 1608,3361"/>
                <Baseline points="1617,3394 1687,3393 1757,3390 1828,3388 1898,3386 1968,3383 2039,3382 2109,3379 2179,3377 2250,3375 2320,3372 2390,3371 2461,3368 2531,3366 2601,3364 2672,3361 2742,3359 2812,3357 2883,3355 2953,3353 3024,3350"/>
                <TextEquiv>
                    <Unicode>Leben des In- und Auslandes in drastischer Kürze geboten wird. Diese Mit¬</Unicode>
                </TextEquiv>
            </TextLine>
            <TextLine id="r2l47" custom="readingOrder {index:46;}">
                <Coords points="1605,3443 2627,3412 2611,3366 1603,3401"/>
                <Baseline points="1614,3437 1664,3434 1714,3432 1764,3429 1814,3427 1864,3425 1914,3424 1965,3422 2015,3421 2065,3419 2115,3418 2165,3417 2215,3415 2265,3414 2316,3413 2366,3411 2416,3409 2466,3407 2516,3404 2566,3402 2617,3398"/>
                <TextEquiv>
                    <Unicode>theilungen werden in Wien um 9 Uhr Früh verschickt.</Unicode>
                </TextEquiv>
            </TextLine>
            <TextLine id="r2l48" custom="readingOrder {index:47;}">
                <Coords points="1949,3518 2063,3556 2217,3512 2253,3531 2486,3507 2705,3519 2703,3447 2511,3472 2262,3457 2198,3481 2100,3455 2054,3488 1948,3471"/>
                <Baseline points="1958,3516 1994,3517 2031,3517 2068,3518 2105,3517 2142,3517 2179,3517 2215,3516 2252,3515 2289,3514 2326,3513 2363,3512 2400,3510 2437,3509 2473,3508 2510,3506 2547,3504 2584,3503 2621,3502 2658,3500 2695,3498"/>
                <TextEquiv>
                    <Unicode>Pnospecte gnatis und fnanco.</Unicode>
                </TextEquiv>
            </TextLine>
            <TextEquiv>
                <Unicode>—.——

Telephon 12801.
Alex. Weigl’'s Unternehmen für Zeitungs-Ausschnitte
„OBSERER“
Nr. 66
I. österr. behördl. conc. Bureau für Zeitungsberichte u. Personalnachrichten
Wien, I., Concondiaplatz 4.
Vertretungen in Berlin, Budapest, Chicago, Genf, Lon on, Newyork, Paris. Rom.
Stockholm, Kristiania, St. Petersburg.
Ausschnitt aus:
Arbsiter Zeifurg. Wien
E·405
vom:
7200
 Arthur Schnitzler hat für seinen Einakterzyklus
„Lebendige Stunden“ den Bauernfeld=Preis (2000
Kronen) erhalten. Der Sitzung des Bauernfeld=Kuratoriums
-wohnten Unterrichtsminister Dr. v. Hartel, Alfred Freiher
v. Berger, Professor Minor, Dr. Edmund Weißel und Hof¬
schauspieler Lewinsky bei. Die Verleihung erfolgte einstimmig
Den letzten Bauernfeld=Preis im Oktober des Vorjahres erhielter
Frau Langkammer, J. J. David, Viktor Leon, Freussen und Stefar
Milow; im Frühjahr des Vorjahres erhielt den Preis Schönhey
für den „Sonnwendtag“.
Bezugs-Bedingungen:
50 Zeitungsansschnitte (Artikel oder Notizen) Kr. 1
28. — inelusive
Für
Porto.
100
50.—
110.— Zahlber
200
500
200  im Voraus.
1000
Im Gegensatze zu anderen Bureanx für Zeitungsausschnitte ist das
guch steht es den
Abonnement durch keine bestimmte Zeitdauer begrenzt;
Abonnenten frei die aufgegebenen Themen zu ergänzen oder zu ändern.
Der „OBSERVER“ veranstaltet täglich einen Auszug enthaltend die
Inhaltsangabe aller wichtigen Mittheilungen der Wiener Morgen¬
blätter (Tagesjournale ausser „Neue Freie Presse“ und „Wiener Zeitung")
wodurch eine Uebersicht über das gesammte politische und wirthschaftliche
Leben des In- und Auslandes in drastischer Kürze geboten wird. Diese Mit¬
theilungen werden in Wien um 9 Uhr Früh verschickt.
Pnospecte gnatis und fnanco.</Unicode>
            </TextEquiv>
        </TextRegion>
    </Page>
</PcGts>
