3344 4384
475 355 576 420 nf
191 346 1053 444 BauernJeld-Preis
1203 345 1657 445 box 40//1
1579 791 2053 889 Telephon 12801.
1207 884 2426 966 Alex. Welgl’s Unternehmen für Zeitungs-Ausschnitte
2085 946 2374 1044 dee Ausschnitt
2204 992 2550 1092 Nr. 100
1463 979 2088 1111 „SBSLRVER
1102 1083 2560 1159 L. österr. behördl oono. Bureau für Zeitungsberichte u. Personalnachrichten
1111 1157 2287 1245 #0 Wien, I., Concondiaplatz 4.
1112 1210 2561 1274 Vertretungen in Berlin, Budapest, Chicago, Gent, London, Newyork, Paris, Rom.
1469 1278 2202 1320 Stockholm, Kristiania, St. Petersburg.
1008 1371 2424 1503 enmtt aus: ger Magbian
1108 1506 1378 1617 vom:
1414 1535 1670 1647 u. 4 40
1139 1764 2177 1885 Theater, Kunst und Literatur.
1184 1878 2152 1963 Die Verleihung des Bauernfeld¬
1228 1946 2117 2040 Preises an Arthur Schnitzler.
1189 2014 2193 2084 In der vorgestrigen Sitzung des österreichischen
1140 2076 2184 2145 Abgeordnetenhauses stelten die Abgeordneten Dr.
1140 2122 2187 2180 Pattai und Genossen folgende Aufrage an den
1134 2182 2183 2242 Minister für Kultus und Unterricht Dr. Ritter
1145 2222 2167 2285 v. Hartel: „Das Kuratorium der Bauernfeld
1149 2270 2176 2335 Stif ung hat in seiner Sitzung vom 16. März
1140 2325 2266 2379 1903, welcher die Mitglieder Minister für Kultus 15.—
1133 2328 2543 2433 und Unterricht Dr. Ritter v. Hartel, Dr. Alfred 28.— Wclazive
2340 2386 2503 2429 Porto.
2171 2407 2300 2456 50.—
2321 2414 2521 2471 Zahlber
1145 2418 2309 2492 Freiherr v. Berger, Professor der deutschen 110.—
1138 2465 2565 2532 Literaturgeschichte an der Wiener Universität Dr. 200.—] im Vorses.
1142 2515 2564 2580 Jakob Minor und Dr. Edmund Weißl bei= zausschnitte ist das
1144 2566 2569 2633 wohnten, einstimmig beschlossen, aus den Erträg= — auch steht es den
1144 2603 2447 2679 nissen der Bauerrfeld=Stiftung einen Preis von ler zu ändern.
1139 2666 2218 2724 2000 Kronen dem Literaten Arthur Schnitzler
2155 2675 2561 2745 szug enthaltend die
1149 2728 2556 2781 für seinen Einakterziklus „Lebendige Stunden“ jener Morgen¬
1137 2767 2553 2832 zu verleihen. In dieser Verleihung erblicken die a „Wiener Zeitung“)
1144 2814 2570 2882 unterzeichneten Abgeordneten eine Verletzung der und wirthschaftliche
1141 2847 2564 2919 nichtjüdischen Schriftstellerwilt unserer Heimat en wird. Diese Mit¬
1149 2906 2180 2973 und einen Verstoß ggen den Sinn und Zweck
1147 2957 2215 3031 der Stiftung und die unbegründete Auszeichnung
1143 3006 2185 3072 eines nicht preiswürdigen Werkes, und zwar aus
1143 3060 1596 3130 folgenden Gründen:
1174 3091 2177 3172 Das preisgekrönte Werk, die vier Einakter
1149 3156 2189 3225 „Lebendige Stunden“ hat weder bei seiner Au¬
1136 3200 2181 3276 führung in Berliv, noch bei der durch das En¬
1139 3250 2181 3310 semble des Berlinir Deutschen Theaters im
1134 3300 2192 3369 Wiener Karl=Theater, noch auch bei der kürzlich
1141 3345 2192 3424 im Wiener Deutschen Volkstheater erfolgten, eine
1146 3401 2193 3466 tiefere Wirkung geübt, oder auch nur oberflächlich
1139 3461 2184 3522 den Eindruck eines Dichterwirkes g macht. Die
1141 3514 2173 3566 ausdrückliche Rangerhöhung desselben durch eine
1134 3553 2187 3630 Prämitrung in Wien muß daher im Auslande
1140 3592 2173 3657 die falsche Vorstillung erweckn, als hätte das
1129 3655 2179 3712 österreichische Schriftthum thatsächlich keine bes¬
1139 3690 2188 3763 seren Produkte aufzuweisen, als derlei Minder¬
1140 3754 1450 3830 werthigkeiten.
1182 3783 2191 3860 Die Meinung des Auslandes über die heimische
1139 3822 2204 3903 Literatur würde aber durch das Vorgehen des
1134 3897 2194 3950 Bauernfeld=Kuratoriums auch noch in weiteter
1140 3938 2183 4001 Hinsicht konsequent irregeführt, da die Preise
1136 3977 2203 4058 der Stiftung innerhalb ganz kurzer Zeit einer
1136 4038 2179 4111 unverhältnißmäßig großen Zahl von jüdischer
1121 4092 2175 4155 Literaten zugewiesen wurden, u. zw. solchen von
1122 4128 2184 4199 untergeordneter Bedeutung. Es sind dies Dr. Leo
1117 4178 2184 4247 Hirschfeld. prämtirt für die Komö#ie „Die
