3344 4320
1987 130 2383 218 — —
1507 220 1959 305 box 36/1
171 217 1357 331 1. Panphlets offprints
999 959 2532 1033 Das Buch schildert bloß die verschiedenen Leidensstationen, die der Arzt
887 1019 2537 1065 in der Praxis durchmessen muß. Mit begeisterter Liebe für seinen Stand schildert
886 1068 2530 1110 der Verfasser, wie ein junger Arzt in die Praxis geht, in den Kampf um die
877 1122 2540 1188 Patienten, für dieselben und auch mit ihnen gerät. Opfermutig und hilfsbereit,
876 1176 2526 1227 mit allem Rüstzeug der Wissenschaft ausgestattet, muß er erst die größten De¬
888 1211 2543 1271 mütigungen mitmachen, sich vor jedermann erniedrigen, bis er überhaupt zu
890 1256 2528 1310 Patienten kommt. Wie muß er weiterkämpfen gegen die Beschränktheit der Kleinen,
885 1320 2531 1371 gegen den Dünkel der Großen, gegen die Undankbarkeit beider und gegen die
882 1353 2528 1407 Mißgunst und die Inkollegialität der Kollegen. Und endlich erreicht er die ersehnte
884 1404 2536 1441 soziale Stellung, aber wie erscheint sie ihm jetzt in der nackten Wirklichkeit?
886 1449 2530 1512 Sein Arbeitstag umfaßt 24 Stunden. Jede Laune des Patienten ruft ihn von der
879 1501 2536 1544 jungen Gattin fort. Ja, darf der Arzt überhaupt Familie haben, kann er für sie
892 1548 2530 1606 leben wie ein anderer? Dafür ist wohl seine Einnahme glänzend? Hunderte von
891 1597 2529 1646 armen Patienten, Bezahlungen, die ein Dienstmann zurückweisen würde, und zwar
883 1642 2533 1695 energisch; säumige bemittelte Schuldner darf er nicht klagen, das ist standes¬
894 1694 2540 1751 widrig, aber nett muß er sich kleiden, nett muß er wohnen, nett gegen alle Leute
883 1738 2529 1804 sein, kurz nett verhungern. Aber dafür hat er eine schöne, moralische Stellung.
879 1786 2531 1853 Freilich, ein Schuster würde auf Ehrenbeleidigung klagen, wenn man seine Stiefeln
883 1849 2545 1892 so zu bekritteln wagte, wie dies jeder Schuster mit den Leistungen des Arztes
889 1885 2531 1944 sich erlaubt. Uberall Undank und Verleumdung. Das geringste Versäumnis und man
892 1927 2534 1984 droht mit der Klage. Doch nicht nur hart am Kriminale geht der Arzt oft vorbei,
896 1986 2538 2036 wie nahe steht er so oft dem Grabe. Auch unser Held überarbeitet sich, er wird
894 2024 2538 2087 krank. Aber krank werden darf ja ein Arzt nicht. Urlaub, den gibt es nicht für
892 2084 2542 2121 ihn. Sofort verliert er seine Praxis. Ein kranker Arzt, wie sollte der anderen
884 2126 2532 2187 helfen können? Eine Invaliditätsversorgung, eine Versorgung seiner Familie ge¬
886 2173 2532 2229 nießt er auch nicht, also muß er schwach und überreizt um das tägliche Brot
896 2215 2538 2272 für seine Kinder arbeiten, und als nun der große innere Kampf an ihn herantritt,
894 2264 2549 2321 als er das Kind eines Freundes, das eigene Kind während einer Epidemie nicht
885 2314 2548 2367 retten kann, da verliert er mit dem letzten Freunde, der an ihn geglaubt, das
889 2367 2542 2423 Selbstvertrauen und todmüde zieht er sich von seinem Berufe zurück in das
889 2411 2547 2471 ruhige Arbeitsfeld eines Landmannes. Doch die Schwärmerei für seinen Beruf ist
885 2471 2541 2519 nicht gestorben. Sie lebt in seinem Sohne weiter, und schweren Herzens, wie so
888 2501 2531 2554 viele Arzte, muß er es zugeben, daß sein Sohn denselben Leidensweg einschlägt,
887 2557 2543 2609 den er aufgegeben. Doch dann, ein unverbesserlicher Idealist wie die meisten
899 2599 2535 2663 Arzte, glaubt er den schwärmerischen Verheißungen seines Sohnes, es werde eine
892 2642 2534 2693 Vereinigung aller Arzte kommen, in der sie sich vereint selbst helfen und die
885 2699 2541 2757 Regierungen zwingen werden, ihnen zu helfen: Ein goldenes Zeitalter, in dem
896 2744 2529 2808 ein auf dem stolzen Bau der Wissenschaft thronender, einiger, gefestigter Arzte¬
893 2799 1867 2855 stand die Menschen zu sich emporziehen wird.
1008 2843 2541 2900 Diese Stellung des Arztes ist das Ideal, welches uns auch auf unserem
887 2882 2546 2950 Kongresse vorschwebt. Wird es erreicht, dann wird der Arztestand wohl noch
884 2947 2544 3005 der erhabenste Beruf, nicht mehr aber das erbärmlichste Handwerk sein. (Stürmischer,
886 2981 1400 3050 langanhaltender Beifall).
1463 3572 1952 3651 K. k. Hostheater-Druckerei, IX., Berggasse
1958 4028 2120 4132 S
1833 4031 1915 4134 4
2423 4065 2468 4137 5
2619 4073 2769 4138 W
2749 4115 2861 4159 G
2871 4104 2926 4157 W
2935 4089 2994 4159 1
3125 4099 3187 4156 A
