3344 4320
135 220 184 300 1
1921 140 2407 224 ——
493 221 605 292 h1
1480 210 1936 315 box 36/1
242 231 1320 321 Panb.sOfforints
592 1005 2226 1085 praktischen Arzt und einen dünkelhaften, vielwissenden Forscher, dem aber die erste
593 1073 2241 1140 Wissenschaft des Arztes, die Herzensbildung, fehlt. Eine kleine Szene berührt da
594 1117 2232 1179 auch eine der wundesten Stellen in der ärztlichen Standesordnung, die peinliche
597 1154 2244 1223 Lage, in der sich ein Arzt befindet, wenn er zu dem Patienten eines Kollegen
595 1203 2237 1289 gerufen wird. Die rechte Mitte zwischen Humanität und Kollegialität zu finden,
588 1269 1070 1339 ist oft sehr schwierig.
716 1286 2236 1367 In dem für uns Mediziner so interessanten Spitalsstücke =Die letzten Masken¬
603 1359 2241 1430 führt uns Schnitzler das Muster eines guten Spitalsarztes vor, der den Seelenleiden
610 1404 2145 1476 seiner armen Kranken wie ihren körperlichen teilnahmsvoll gegenüberstcht.
713 1438 2243 1521 Schönherr bietet uns in seinem Stücke -Die Bildschnitzers auch einen Gegen¬
602 1504 2254 1570 satz, einerseits den älteren Landarzt, der Herz und Kopf am rechten Fleck hat,
607 1548 2249 1606 und dann einen Studenten der Medizin, der, noch voll von schlecht verdauter Schul¬
610 1586 2253 1666 weisheit, den Kranken über die Krankheit vergißt und mit wahrer Wollust die
596 1626 2255 1698 Symptome einer überstandenen Pleuritis konstatiert. Die Entschuldigung aber,
612 1697 2256 1754 die dieser Mediziner für sich ins Feld führt, nämlich die mangelhafte praktische
607 1727 2264 1797 Ausbildung der Mediziner, das ist eine Mahnung, die nicht oft genug von Bühne
605 1800 2073 1855 und Katheder aus an die maßgebenden Faktoren gerichtet werden kann.
732 1818 2262 1902 Wenn ich mich früher gegen den Naturfanatiker Tolstoi wenden mußte,
604 1889 2253 1948 freut es mich doppelt, dem Wahrheitsapostel lbsen gebührenden Dank zollen zu
612 1913 2252 1995 können. In seinem -Volksfeinde hat er einen Arzt zum Helden erkoren, und auf
611 1966 2247 2044 diesen Kollegen können die Arzte stolz sein. Wie weit entfernt ist dieser Bade¬
619 2015 2270 2092 arzt von den Badeärzten, welche die Table d’hote des deutschen Lustspieles
606 2060 2261 2142 dekorieren. Doktor Stockmann verliert seine soziale Stellung, die Liebe seiner Mit¬
612 2110 2265 2182 bürger, seine Praxis, alles, weil er als ein wirklicher Arzt, als geborener Märtyrer
620 2155 2260 2232 an einer von seiner Wissenschaft festgestellten Tatsache nicht deuteln, noch rütteln
618 2203 2269 2285 läßt. Er setzt sein persönliches Wohl und das einzelner Mitbürger zurück, sobald
617 2275 2267 2340 es das Wohl der Allgemeinheit gilt. Für die Stellung des Arztes ergibt sich aber
616 2300 2267 2370 aus dem „Volksfeinds die Forderung, daß der Arzt unabhängig von allen Parteien,
619 2364 2259 2422 von den Launen der einzelnen und dem Terrorismus der sogenannten öffentlichen
618 2419 1033 2488 Meinung sein muß.
729 2438 2261 2517 Den Doktor Stockmann schilt die törichte Menge einen Volksfeind. Diesen
613 2491 2260 2573 Namen verdienen aber jene, welche unter der Maske der Volksaufklärung im
616 2532 2275 2612 Laienpublikum das Vertrauen zu den Arzten erschüttern. Die Werke dieser Volks¬
615 2586 2268 2667 feinde sind zu einer ganzen Bibliothek angeschwollen. Leider haben sich auch
626 2650 2264 2728 Arzte auf diesen Irrweg begeben, und nichts hat der Stellung des Arztes mehr
621 2683 2278 2781 geschadet, als diese Ketzerbücher. Ich will nur ein Buch als Beispiel hervorheben,
629 2729 2274 2822 es sind dies die Bekenntnisse eines Arztese von Weressajew, ein Buch, welches
626 2773 2268 2851 unter Arzten und Laien viel Staub aufgewirbelt hat. Mit diesem Staub sind
633 2850 2281 2903 giftige Keime in das Haus der Leser eingedrungen, und mancher Arzt hat schon
622 2890 2272 2955 jetzt auf dem Boden seines Wissens eine ganz nette Kultur der Bazillen der Ver¬
635 2919 2275 3008 leumdung und des Mißtrauens gegen seinen Stand entdeckt. Wenn aber Weressajew
636 2970 2286 3050 glaubt, die Krankengeschichten seiner Patienten zu schreiben oder gar die
633 3025 2269 3091 Geschichte der von den Arzten betrogenen Menschheit, irrt er. Ein vernünftiger
622 3075 2280 3148 Leser findet bloß eine Krankengeschichte in dem Buche: das ist die des Verfassers,
624 3135 1307 3194 eines schweren Neurasthenikers.
749 3182 2275 3246 In dem einen Teile beschäftigt sich Weressajew ausführlich mit all den sehr
629 3209 2284 3284 zahlreichen Fehlern, die er in seiner Praxis begangen. Wollen wir nun uns ein
631 3265 2282 3343 Urteil über den Arzt Weressajew bilden, brauchen wir nur eine seiner Kranken¬
643 3307 2282 3386 geschichten zu zitieren. Weressajew behandelt einen Kranken, der an Typhus,
637 3354 2290 3448 kompliziert mit einer Entzündung der Ohrspeicheldrüse, leidet. Eines Tages findet
636 3402 2297 3477 er den Patienten im Zustande größter Atemnot. Patient kann kaum den Mund
639 3447 2283 3531 öffnen. Weressajew läuft natürlich schnell nach Hause, um bei seinem Orakel¬
635 3508 2291 3575 buche, dem -Strümpell, nachzufragen. Dort findet er angeblich als einzige Kompli¬
643 3564 2294 3641 kation, die bei Typhus Atemnot erzeugen kann, Glottisödem. Gegen dasselbe
636 3595 2293 3677 schreibt ihm sein Notizbuch ein energisches Abführmittel vor, und so behandelt
