3392 4256
161 333 238 439 1
1507 336 1968 434 box 36/8
279 344 1355 459 Pamphlets, offprints
2088 982 2217 1063 175
837 1000 1988 1058 Dr. Maria Maresch, Die Kriegsschuld des Gedankens.
555 1133 2260 1220 Detailkunst oder Fontanescher Breite von den Dichtern festgehalten. So sehr
548 1211 2259 1271 bei allen diesen Werken der Grundcharakter der letzten Literaturepoche, namentlich
554 1265 2267 1338 was die Wortwahl betrifft, durchschimmert, sie ließen doch mehr oder minder
549 1328 1954 1395 das Gemüt des Lesers mitschwingen und darin lag ihr Erfolg.
662 1372 2257 1456 Ich fürchte, das neu heraufkommende Geschlecht wird die Literatur der
548 1457 2268 1514 letzten zwanzig Jahre — soweit sie eben in dieser Heit wurzelt — nach den
554 1486 2261 1583 gewaltigen Erschütterungen des jetzigen beispiellosen Krieges, der die Menschen
560 1555 2267 1645 auf die lebenstüchtigen und primitiv=gesunden Seiten ihrer Natur sich wieder
555 1637 2270 1686 besinnen läßt, allzu undankbar verurteilen. Selten erscheinen die Zeiten, in denen
558 1669 2276 1742 die Sprache als bloßes Material und die Handwerksgriffe der Kunst so sehr
563 1730 2268 1804 bezwungen sind, daß sie einem sieghaften Geiste eine dauernde Heimstätte zu
562 1792 2263 1860 bauen vermögen. Der letztverflossenen Zeit fiel die Aufgabe zu, die Werkzeuge
555 1852 2268 1905 des Dichters zu vermehren und zu verfeinern. Darin liegt ihre Bedeutung und
567 1932 2278 1977 ihre Tragik. Und wenn das neue große deutsche Volk eine neue große Literatur
567 1968 1897 2056 sich erkämpfen wird, dann findet es die Waffen geschmiedet.
836 2163 1981 2287 Die Kriegsschuld des Gedankens.
1114 2263 1719 2354 Von Dr. Maria Maresch.
659 2359 2263 2435 Die alte Ethik kennt eine Gedankenschuld. Für sie ist der Gedanke innere
570 2440 2266 2500 Tat, Vorbereitung der Handlung, Grundlage der Gestaltung des Weltbildes.
667 2474 2277 2575 Gedanke und Tat, Seele und Politik zeichnen ihre Blutsverwandtschaft
578 2545 1349 2637 auf jedes Blatt der Weltgeschichte.
672 2600 2281 2670 Und die Staatslehre war bei den großen Denkern des Altertums und
571 2646 2140 2749 Mittelalters nur der letzte monumentale Ausbau ihrer Weltanschauung.
679 2721 2273 2790 Diese enge Zusammengehörigkeit von Staatslehre und Weltanschauung ist
581 2779 1617 2871 aus dem Bewußtsein unserer Zeit geschwunden.
678 2860 2281 2913 Wir stehen unter der Herrschaft des freien Gedankens, der sich von jeder
570 2887 2290 2971 Rücksicht auf äußere Lebensgestaltung und von jeder Verantwortlichkeit dafür
572 2964 914 3045 losgelöst hat.
676 2994 2281 3104 Welche Brücke aber führt von der Gedankenschuld der alten Ethik zur Zoll¬
582 3072 1436 3163 freiheit des Gedankens in der neuen?
684 3125 2281 3208 Welchen Anteil hat der freie Gedanke an dem namenlos furchtbaren
574 3201 941 3286 Weltgeschehen?
673 3317 2278 3401 Die Erkenntniskritik der modernen Philosophie hat Denken und Sein,
594 3389 2282 3466 Erkennen und Leben, Seele und Politik auseinandergesägt. Das Überwuchern
582 3448 2276 3544 des subjektiven Faktors unserer Erkenntnis über den objektiven, der ethodische
586 3512 2282 3593 Zweifel an einer objektiven Seinsordnung, die schließliche Beschränkung unserer
592 3568 2282 3656 Erkenntniskraft auf unsere subjektive Affektion, das Denkbild, die species
576 3634 2278 3702 intelligibilis haben zur Selbstgenügsamkeit des Gedankens geführt und das
583 3691 2281 3776 Erforschen der Sozialbeziehung zunächst für den Gelehrten unterbunden. Denn
594 3755 2290 3833 mit der Beschränkung der Erkenntniskraft auf unsere Innenwelt ist natur¬
