3248 4256
1467 346 1923 437 box 36/8
114 344 1314 452 1. Panphlets offprints
795 919 2288 996 Fr. Thieberger, Grundzüge des jüngstverflossenen Literaturabschnittes. 173
725 1056 2335 1141 Die Dichter aber zogen sich von dem resonanzlosen Volk immer mehr
616 1140 2338 1209 zurück. Es bildeten sich die kunstaristokratischen Inseln. Nicht nur die Dichtung
631 1191 2331 1262 sollte für die feinsten Kenner der Technik bestimmt sein, auch die Art der
633 1247 2330 1309 Darbietung: Privatdrucke, wertvolle Einbände, kostbare Papiere und Typen,
636 1313 2334 1383 stand im Vordergrunde des vornehmen Literaturinteresses; ihrer wird man
635 1371 2328 1444 auch in den meisten modernen Büchern an betonter Stelle Erwähnung finden.
636 1427 2328 1503 Auch auf die Haupt= und Nebenwerke früherer Zeiten dehnte man das Luxus¬
630 1495 2333 1567 bedürfnis aus; teuere Neudrucke der Klassiker, für die eigene Lettern gegossen
628 1547 2336 1623 wurden (z. B. die Tempelausgaben), kamen heraus und ebenso stiegen alte
635 1603 2334 1683 und sogar neuere Erstdrucke ganz außergewöhnlich im Preise. Mit den Mitteln
636 1670 2322 1742 des modernen Gewerdes konnte auch den hohen Bedürfnissen noch viel groß¬
634 1719 2333 1792 artiger genügt werden, als in den Tagen des Liberalismus, der zum passiven
639 1795 2334 1856 Asthetisieren und bequemen Dilettantismus schon manche Ansätze zeigte und
632 1839 2338 1920 gegen den Hebbel einmal öffentlich die Worte richtete: „Ich bin kein Freund
641 1909 1477 1983 der Reliquienkrämerei unserer Tage.“
739 1945 2330 2025 Wie die Kluft zwischen der lebendigen Gegenwartsliteratur und dem
639 2023 2340 2095 Interesse des Volkes überbrückt werden könnte, wie die Poesie wieder zu
647 2071 2338 2149 einer Herzenssache der Nation zu machen sei, wurde von vielen theoretisch
640 2141 2338 2212 erwogen, — ich nenne nur die Heimatkunstbewegung, nicht zufällig zu Beginn
646 2188 2341 2257 unserer Epoche in Lienhards „Wasgaufahrten“ 1896 vorgeahnt, durch August
642 2249 2342 2329 Sauer 1908 ausgezeichnet literargeschichtlich fundiert — von vielen wiederum
647 2309 2331 2386 durch kluge Verbreitung des alten und jungen deutschen Geistesbesitzes zu er¬
644 2369 2344 2443 streben gesucht. Man denke z. B. an eine in so moderner Volkstümlichkeit
651 2425 2344 2514 gehaltene Zeitschrift wie die Münchner „Lese“. Alle diese Bemühungen
642 2487 2352 2543 bleiben aber nur Kinder ihrer Zeit. Nichts aus innerer Nötigung, als die
649 2563 2339 2632 Früchte einer wirklich volkstümlichen Entwicklung erscheinen sie, sondern als
654 2601 2347 2679 die zurechtgelegten, kritisch=historischen Überlegungen einzelner, die das Volk,
651 2664 2346 2752 das unmündige, gleichgültige Volk, „bessern“ möchten. Die pädagogische Ab¬
663 2725 1886 2813 sicht schimmert durch und trübt Schaffen und Genießen.
754 2786 2353 2854 Mit der Poesie der kostbaren Worte war naturgemäß auch ein feierlicher
657 2839 2356 2911 Klang der Sätze und Verse gegeben. Eine jüngste Gruppe von Lyrikern suchte
663 2912 2349 2982 nun diese ganz Art der Poesie dadurch zu überwinden, daß sie den Versen
655 2963 2352 3037 ihren Musikgehalt entzog. Das war aber nur durch eine „Konstatierungs¬
656 3013 2349 3092 prosa“ mit zufälligen Reimen möglich oder durch eine Nebeneinanderfügung
654 3092 2357 3153 von schwerfälligen, klangmeidenden Wortballen. Mir fallen zufällig Namen
667 3146 2351 3214 ein, wie Schikele (in vielen seiner letzten Gedichte), Wolfenstein, Zech. Ob
666 3190 2355 3271 diese Art der Lyrik entwicklungsfähig ist, berühre ich nicht. Jedenfalls läßt
660 3271 2364 3329 sie noch nackter als die Poesie des großen Wortes die Grundzüge der Epoche
663 3328 976 3397 hervortreten.
766 3354 2357 3458 Aber auch dort, wo wir einer Kunst begegnen, die scheinbar außerhalb des
659 3430 2356 3504 Zeitraumes nach neuen Zielen weist — oftmals bei Schmidtbonn, öfters bei
661 3493 2360 3560 Eulenberg — wird man die bereits charakterisierten Merkmale der Epoche nicht
672 3573 2360 3633 verkennen: neben einer durchaus klaren Sprache, die jeder Pose ausweicht,
665 3601 2364 3673 neben machtvollen Stimmungen und dem Hinwenden zu ewigen Menschheits¬
658 3692 2372 3752 problemen, die freilich mehr angedeutet als gedeutet erscheinen, findet man be¬
