3344 4320
334 89 1250 148 in die Hofburg (Aerarverwaltung) einberufen
1860 82 1992 162 8
1438 97 1690 221 74
329 122 1254 204 werden, bei der alle entscheibenden Personen
1695 132 1928 218 A
322 173 1242 250 anwesend waren. Die Entscheidung fällt unbe¬
1666 169 1971 277 A
315 222 1253 300 dingt noch heute nachmittags; falls sie ungünstig
1405 224 1696 314 —
321 263 1248 340 lautet, wird zum äußersten, zum Streik
313 322 1244 390 im Burgtheater, geschritten
1464 271 1790 462 #
320 372 1238 436 werden müssen. Das Ulti¬
2658 392 2877 480 uble
320 428 1238 483 matum für die Oper läuft erst Mitt¬
310 466 1243 533 woch ab, die Verhandlungen haben daher noch
2349 482 2880 572 Fräulein Gettke (Anitra).
319 508 1242 567 Zeit. Ueber die Person des neuen Verwaltungs¬
308 565 1244 646 direktors der Staatstheater, die, wie gemeldet,
2550 561 2714 637 A
312 617 1235 673 der hofärarischen Verwaltung entzogen werden
307 649 1133 719 sollen, ist noch nichts Bestimmtes bekannt.
2456 591 2526 741 *
413 704 1234 764 ¾3 Uhr: Die Versammlung des Burg¬
307 728 1242 818 theaterpersonals im Probesaal des Burg¬
1449 742 1571 847 +
1648 760 1755 852 □
312 807 1240 864 theaters, in der die endgültige Eni¬
302 858 1237 925 scheidung fallen wird, dauert zur Stunde
311 895 523 965 noch fort.
546 926 951 1008 —
558 1013 987 1110 Burgtheater.
2427 1099 2484 1134 0
304 1088 1234 1169 „Die Schwestern“ oder „Casanova in Spa“
1709 1099 1975 1218 S
513 1148 1027 1203 von Artur Schnitzler.
2798 1141 2931 1235 *
379 1169 1228 1257 Als ich Freitag, den 12. März, um halb
304 1210 1229 1292 11 Uhr abends in Berlin das Schauspielhaus
1386 1245 1997 1345 Herr Teubler (Knopfgießer).
294 1279 1221 1337 verlassen hatte und die Linden queren wollte,
2582 1271 2984 1349 (Fromder Passagier).
2193 1260 2583 1350 Herr Schildkraut
2019 1267 2110 1349 geergen
311 1310 1229 1383 da zogen eben dort die baltischen Truppen, auf
311 1351 695 1412 Tanks geschichtet,
715 1356 1218 1413 mit Handgranaten und
1235 1373 1680 1449 Führt Beatrice zu
309 1389 1220 1441 Maschinengewehren gerüstet, im eisern dunklen
1676 1372 1933 1449 Hebbel, so
1939 1383 2138 1456 sind die
2149 1383 3045 1476 einer Teresa leiten, das ist nur tief erlebter und
303 1426 924 1480 Schweigen der erloschenen
919 1429 1219 1495 Straße ein.
1237 1427 2133 1490 „Schwestern“ bunte Erotik, ist ihr spielerisches,
2157 1442 2832 1512 gekonnter Kunst zu bilden gegeben.
1242 1456 1598 1527 zwischen Scherz
1600 1469 1707 1517 und
307 1464 1218 1511 Spannung der Atmosphäre zinierte. Kata¬
1698 1465 2133 1524 Tod voltigierendes
308 1506 1217 1570 strophenluft. Die Revoluton war einmal wieder
1236 1511 2135 1576 Spiegelleben, ein herbstlich klares Neigen zu
306 1540 615 1603 auf dem Wege.
1233 1533 1608 1605 Alfred de Musset.
2222 1524 3055 1609 Es ist Gefahr des Mißverstebens. Es ist
381 1570 1214 1636 Dieser Revolnitionen Putsch=Menschheit in
2155 1592 3037 1653 zu erwarten, daß der Schwerpunkt der Dichtung
301 1607 1223 1676 ihrer grotesken Grellheit hatte ein Dichter
2144 1630 3053 1697 vom Publikum verrückt werde. Indem die
1129 1660 1169 1694 11:
303 1664 1216 1721 vorausgeschaut, vorausgebildet. Sie war mir
1304 1663 2137 1731 Frivolitäten eines Casanova=Abenteuers
2147 1670 3038 1721 Handlung wichtiger genommen wird als das
292 1694 435 1742 eben
476 1698 607 1759 nahe
644 1695 831 1749 gewesen
836 1695 930 1753 in
957 1701 1225 1753 jener un¬
423 1708 480 1759 1
2143 1701 3032 1769 Prrblem; und die scheinbare Lüsternheit der
1235 1696 2136 1772 sind nur der lustige Rahmen, der den Kampf
294 1735 1214 1799 vergeßlichen Aufführung von Wedekinds
2150 1746 3034 1798 erotischen Casanova=Anekdote als Zweck des
1230 1744 2140 1806 des eivigen Zwiespaltes zwischen Mann und
297 1771 1209 1831 „Marquts von Keith“. Ein Regietag Jeßners
2150 1782 3030 1836 Spieles geno#sen, statt daß sie als Mittel nur
1230 1780 2138 1852 Mannesnatur umschließt. Zwei Helben! Casa¬
297 1814 1220 1867 (über die noch gesprochen werden soll) hatte den
2148 1818 3037 1879 zu höherer Gleichung erkannt werde. Die ernste,
1240 1822 2129 1883 nova — Bassi! Der eine, Tupus des aus dem
298 1852 1218 1900 tollen Lebensroythmaus dieses Casarovas des
2134 1849 3048 1919 melancholische Weise der Schlußszene die von
1232 1862 2135 1920 Stegreif Liebenden, des leben und lebenlassen¬
296 1884 1219 1951 20. Jahrhunderts, hatte Ethos und Eros des
2149 1890 3045 1952 weher Erkenntnis, von männlicher Entsagung,
1226 1894 2138 1965 den, über sund unter) Gesetz, Moral, Ordnung
294 1926 1212 1985 genialischen Glücksritters, seinen Kampf, sein
2140 1937 3046 1980 von vergeblicher Gemeinschaft, und ewiger Ein¬
1238 1937 2138 2003 siehenden Genüßling. Dessen Treue — Bekennt¬
298 1978 1216 2028 Stegen, sein endliches Unterliegen der Oronung
2151 1977 3056 2026 samteit bebende Auseinandersetzung zwischen
1226 1974 2133 2028 nis zu ewiger Untreue ist. Der andere Typus:
302 2000 505 2050 und der
525 2007 1220 2060 Philistermacht, in monumental¬
2138 2015 3045 2079 Casanroa und Bassi (die eine Sekunde lang
1225 2013 2136 2076 der aus dem Besitzgefühl Liebende, der Hingabe
292 2028 1212 2112 tragisches Schwarz getaucht umwirdelt vom
1223 2055 2130 2120 als Hörigkeit wertet; der mißtramend die
2148 2057 3055 2105 alles Trennende in gleichem, fahlen Weh ver¬
297 2075 850 2134 Kampf und Schrei der Lust.
1229 2093 2127 2159 Innenwelt der Geliebten ausspionierende, nach
2151 2098 3051 2152 eint), aus ihr leuchtet das wahre Wesen der
379 2104 1215 2178 Seltsamster Kontrast nun dieser nächste
2138 2131 3045 2183 Dichtung. Aus ihr strömt die treibende Kraft
1235 2133 2135 2179 der Außenwelt eitel horchende Auserwählte, der
301 2126 1208 2212 Bühneneindruck in Wien. Diese sügliche Auf¬
2149 2171 3052 2242 dieses Lustspieles, das wic die tolle Gesellschaft
1222 2168 2136 2232 Ewigkeitssicht verlangt. („Lang ist das Leben,
290 2198 1215 2253 führung von Schnitzlers Abenteurerspiel. Nach
2150 2211 3041 2270 des sterbenden Rokoko, die in Venedig ein
1225 2206 2132 2266 kurz die Ewigkeit.“] Casanooa der Verführer
297 2233 1210 2290 der gespenstischen Dämonie des imaginären
1229 2242 2124 2304 und immer Verführte immer Wechselvolle und
2142 2252 3051 2309 Longhi stets nur mit der vorgthaltenen Maske
289 2265 1218 2336 Marquis von Kaith das flatternde Stegreif¬
2147 2297 3045 2349 gemalt hat, ebenso hinter der Maske Casa¬
1227 2285 2123 2344 stets Gleiche; Bassi: Monomane der Stabilität,
293 2310 1216 2384 leben des historischen Casanova. Auch hier
2140 2331 3045 2384 nov'scher Lehensorgie die innige Qual, die
1232 2327 2123 2384 der auf seinem Trauschein Bürgen der Sicher¬
295 2341 1206 2392 eines Glückssuchers toller Lebensrhythmus, sest¬
1223 2365 2133 2425 heit aufzubauen vermeint, und selbst im Aben¬
2141 2362 3054 2433 stammeinde Sehmucht, den Fluch vereinter
290 2384 1213 2443 gehalten von der Devination eines Dichters.
1223 2405 2133 2466 teuer, Bürgschaft der Bürgerlichkeit fordernd,
2138 2404 3033 2449 Einsamkeiten verbirgt. In solcher Zwiespältig¬
295 2421 1207 2480 Auch hier Wesen und Treiben einer Gesellschaft,
2143 2435 3043 2520 keit des Werkes liegt seine Schwäche und doch
1220 2443 2118 2497 dem Vorurteil, Flüge seiner Seele opfert.
299 2459 1213 2524 die, von den fernen Zeichen einer Weltenwende
1218 2488 1983 2540 Zwischen diesen Auseinanderstrebenden -
2142 2474 2799 2555 vielleicht auch sein zartester Roiz.
1973 2495 2118 2543 — nun
291 2510 1209 2544 umwittert, Sitte, Sittlichkeit. Familie und
1221 2522 2133 2581 — drei Frauen gestellt. So grundverschieden
296 2545 1214 2598 jeglichen Zwang eingewohnter Moral sprengend,
1219 2552 2128 2620 jede in ihrer ganz beschlossenen Art, daß keine¬
286 2569 1080 2635 dem Genuß allein Gefolgschaft leistet.
1079 2584 1203 2632 Eine
2203 2560 3043 2644 Wenn aber im Buch, trotz der krausen Ara¬
1220 2603 2125 2658 Brücke von einer zur anderen zu führen scheint.
297 2612 1202 2671 Flucht in die Zukunft, aber von Webekinds
2134 2611 3041 2689 besten übermütiger Rococcoschnörkel, die Casa¬
1220 2637 2127 2699 Und dennoch ganz eins dennoch „Schwestern“
288 2645 1206 2717 Vision der hemmungslosen Sucht, Rauschglück
2128 2661 3046 2724 novas Gesellschaft Stil und Verve gibt, diese
1225 2677 2119 2733 im Geheimuis ihres Elements. Allverstehend,
289 2682 1200 2741 um jeden, auch um Schleichhändlerpreis, zu
2137 2702 3043 2755 letzten Absichten des Dichters klarzielig zum
1228 2720 2119 2778 weil nichts ergründend. Und deshalb Flatter¬
281 2726 1204 2787 erkaufen. Eine Flucht in die Vergangenheit ist
3122 2714 3323 2783 (Die Wie
2135 2740 3037 2795 Ausdruck gelangen, so hat die Aufführung diese
1216 2748 2121 2819 Meisterinnen selbst eines Caianovas und immer
280 2767 1209 2814 Schnitzlers Spiel. In jene Zeit, da Glücks¬
3047 2759 3336 2825 Dienstag den
2140 2779 3040 2833 Ziele verschüttet. Es lag daran, daß Herrn
1228 2792 2112 2857 doch sehmüchtig „Wiederkehrende", „Heim¬
286 2798 1198 2871 rittertum noch von unpathettscher Gefährlichkeit
3053 2809 3321 2861 zerthauss
2126 2813 3047 2876 Treßler und Herrn Schott (Casanova—
1220 2826 2123 2891 kehrende“ zu Bassis idealen Jorderungen der
286 2844 1198 2910 und, statt mit tragischem Schwarz drapiert, von
3047 2844 3316 2905 Wiener musi
2138 2854 3040 2906 Bassi) jedes Gewicht der Persönlichkeit man¬
1216 2869 2116 2928 Unteilbarkeit. Sbeg der triebhaften Natur, die
3052 2882 3330 2942 esse entgegen
281 2880 1064 2951 rosarotem Alkovenlicht umftossen war.
2133 2894 3033 2954 gelte. Casanova muß interessant, hinreißend,
1222 2913 2113 2974 alles enthält: höchste Treue tiefste Untreue:
3047 2922 3271 2973 Conne —
2132 2922 3046 2983 muß hintergründig wirken. Daß alle ihm er¬
1220 2952 2120 3025 über das so viel ärmere Produkt faustisch¬
3047 2960 3304 3023 Horwitz.
2131 2959 3040 3032 liegen, darf nicht mir erzählt, es muß vom
1213 2980 1735 3055 wissender Mannesnatur.
2128 3013 3039 3054 Zuschauer erlevi werden können. Die banale
3122 3000 3316 3059 (In der
357 2982 1212 3063 Geist vom Geiste des „Schleier der
2140 3043 3038 3103 Glätte aber des Treßlerschen Casanovas, seine
3043 3025 3325 3102 Dienstag den
287 3025 1207 3097 Beatrice“ ist dieses letzte Werk. Probleme, die
2132 3079 3043 3131 verbindliche Nichtigkeit, war für den Spitzen¬
3041 3084 3304 3138 säer“ von
280 3092 1208 3151 dort, im heißen Atem der leidenschaftlichen Tat¬
1278 3072 2104 3149 Das Schönste in dem Sviel, diese meister¬
2126 3116 3040 3174 agenten am Platz, nicht, aber für diese, wenn
3044 3111 3307 3188 In den H
287 3118 1079 3190 zeit neuer Menschen, unerbittlich bis
1083 3136 1195 3184 zum
1210 3108 2117 3197 liche Abtönung der drei Frauengestalten. Wie
2132 3159 3045 3207 auch unedle Abart der Ton=Inan=Stämmlinge.
3045 3154 3325 3225 Damen: Eis,
286 3165 1202 3221 letzten Lebensopfer, „Deutung, bald eines
1212 3172 2112 3238 die Tühl=edlen Töne und Linien der stolzen
2123 3196 3043 3255 Herr Schott, dieser doch so talentreiche Schau¬
3045 3195 3275 3255 Hendrichs,
289 3200 1198 3262 Grüblers, bald eines Sehers fanden, sie werden
1223 3213 2109 3268 Gefallenen Anina, in leisem Uebergang zu
2126 3229 3033 3283 spieler, wußte die Polarität seines Typus zu
3043 3233 3291 3285 Schreiber,
283 3227 1202 3296 nun hier im silbernen Lächeln müder Rokoko¬
1216 3248 2111 3294 dem sinnlich lockenden Farbenrausch einer
2136 3265 3044 3338 ienem Cosanovas, nicht über die landläufige
3041 3273 3326 3327 leitung Eugen
284 3274 2109 3350 anmu: als heitere Endweisheit zu Erscheinung. 1 Flaminia, zu dem grellen, frechen Farbenschrei
2123 3285 3305 3347 Kontur des Salonliebhabers zu erhöhen. SoI halb 6 Uhr.
1674 3363 2574 3433 Täglich Sensationsgastspiel
656 3346 724 3473 7
2141 3422 2314 3499 König
416 3445 593 3524 W
2170 3474 2283 3523 der
2359 3434 3249 3571 Bessy Barleton
2149 3493 2301 3559 Kunst¬
1013 3390 1424 3597 Fred
1657 3451 2062 3611 Ra
1527 3506 1594 3605 4
2142 3549 2312 3618 pfeifer
2684 3557 2941 3623 prolongiert
743 3572 815 3649 20
1002 3582 1542 3705 Torday & Partnerin
1659 3594 2077 3712 Paul u. Böske
2176 3603 2737 3730 Geschwister Blond)
2854 3589 3247 3731 Vaniss Vilna
983 3690 1540 3760 preisgekrönt, mond. Tanzduo
1619 3694 2111 3768 Meister der Steppkunst
2270 3702 2625 3775 in ihren Tänzen
2855 3712 3236 3792 internat. Tänzerin
307 3716 977 3834 KEi
1784 3751 2460 3819 und die übrigen Tanzattraktionen.
3104 100 3286 153 Mysterien
