3392 4320
2388 183 2852 270 box 33/5
242 204 2249 302 28. Die Schvestern oder Casanova in Sna
1827 983 2760 1053 und sendet ihm einen Brief, er möge hr zuliebe,
1841 1032 2763 1108 sofort abreisen. Auch dieses Schreiben glaubt
1167 1024 1583 1116 Feuilleion.
1832 1078 2754 1140 Casanova von Flaminia und eilt zu Andrea, sich
1841 1125 2752 1185 das Geld für die Abreise zu leihen. Andrea erfuhr
1835 1151 2761 1231 das Geschehns und sieht zu seinem Staunen
1051 1144 1718 1243 Der neue Schnißzler.
1841 1224 2748 1280 Casanovas Irrtum. Er gibt ihm das Geld und
992 1226 1829 1294 Das Burgtheater wird in kurzer Zeit Arthur
1844 1260 2755 1337 will sich mit seiner Braut versöhnen. Sie aber
899 1278 1827 1347 Schnitzlers „Die Schwestern“ oder „Casanova n
1845 1325 2748 1386 weist ion zurück. Sie gehört Casanova, sehnt sich
906 1331 1824 1387 Spak herausbringen. S. Fischers Verlag in
1841 1367 2749 1424 nach ihm Flaminia kommt hnzu. Vernimmt all¬
912 1366 1836 1447 Bersin spielt wie immer den Herold und leg: der
1838 1417 2750 1471 mählich, daß derjenige, den sie liebt und, von
904 1429 1824 1490 aufhorchenden Hörerschaft ein sauber gebundenes
1833 1456 2756 1530 Leidenschaft durchglüht, erwarte#e, bei der
912 1470 1607 1530 Büchlein des erwähnten Titels vor.
1838 1503 2755 1575 anderen war. Auch sie ist entschlossen, ihm zu
999 1515 1827 1573 Der neueste Schnitzler ist ein Lustspiel i¬
1847 1555 2757 1619 folgen. In poetischer Form macht Andrea den
901 1553 1830 1638 Versen, das drei Akte in Eineri umfaßt. Man
1842 1604 2755 1665 Abenteurer Santis und nachher Casanova selbst,
912 1611 1828 1689 darf sich hinter dem Worte „Verse“ nicht zu viel
614 1566 689 1696 S
1847 1656 2759 1722 der unversehens zurückkehrt, zum Schedsrichter.
912 1653 1838 1720 vorstellen, zumal diese Verse wiederhold durch
612 1686 703 1781 2.
1846 1698 2759 1765 zwischen den „Schwestern“. Inzwischen trifft
927 1714 1828 1770 Prosa unterbrochen werden. leberhaupt: es wird
1841 1745 2753 1804 Casanovas treulose Freundin ein und holt ihn
930 1757 1836 1834 sehr, sehr interessant sein, wie sich das Publ kum
1849 1803 2767 1861 zurück. Die beiden anderen Frauen — Schwestern
915 1813 1831 1880 zu diesem Werke verhält, das scheinbar so ganz
1849 1850 2762 1918 im Geiste und im Sehnen — resignieren. En
922 1867 1835 1921 und gar aus dem üblichen Rahmen Schnitzlerscher
1845 1897 2763 1969 Gastmahl beschließt den bewegten Tag. Und der
927 1908 1840 1972 Dichtung herausfällt. Die Menschen in diesem
1843 1946 2756 2002 alte Holländer von Gudar, verabschiedeter Offi¬
926 1971 1836 2009 Stücke haben alle Haupt= oder alle Nebenrollen
1843 1994 2756 2065 zier, heute kaum mehr oder weniger Glücksritter
928 1991 1844 2066 inne: Casanova, der junge Bassi, der angebliche
1854 2038 2764 2100 als Casanova, Santis und Andrea, schaut in den
922 2052 1835 2124 Baron Santis, Herr von Gudar, Anina,
1847 2098 2750 2152 Park h naus, in dem sich das Bacchenale abrollt,
922 2095 1838 2160 Flaminia, Teresa und selbst der Piccolo Tito.
1853 2136 2766 2211 murmelt dazu versonnen, während die laut an¬
915 2149 1843 2208 Es wird vom Darsteller abhängen, was er mit
1853 2192 2761 2269 schwellende Musik plötzlich verkling!: „Noch ein¬
922 2203 1835 2259 seiner Rolle anfängt und ob er sich damit begnügt,
1858 2236 2628 2297 mal jung sein — dech man wars einmal!“
933 2233 1849 2308 in der Linie zu blo ben. Man könnte jede Gestalt
1929 2289 2758 2344 Dieser Schluß ist ganz Schnitzler, ganz
930 2291 1841 2358 in dem Lustspiele streichen und durch eine andere
1847 2328 2772 2400 meisterhaft. Und der Ausklang, der in die Worte
929 2347 1838 2409 ersetzen — kaum, daß einer die Wandlung merkte.
1841 2384 2764 2451 Gudens gelegt erscheint, konstruiert die Zu¬
930 2387 1843 2441 Schwostern sind sie, die sich Casanova zudrängen,
1855 2438 2768 2500 sammenhänge mit anderen Werken des Wiener
925 2442 1835 2508 obwohl sie ihn erst vierundzwanz' g Stunden und
1843 2473 2766 2530 Dchters, die gleichfalls das hohe Lied der
930 2486 1848 2554 einander gar nicht länger kennen, obwohl nach
1853 2526 2761 2578 Jugend und des Lebensgenusses singen, so be¬
928 2534 1834 2594 Ansehen, Stand, Erziehung und Namen grund¬
1856 2574 2767 2637 sonders der „Ruf des Lebens“ und „Lebendige
925 2585 1843 2644 verschieden. Und es stimmte, hieße die Komödie
1855 2629 2773 2691 Stunden“. Und daran zeigt sich, daß der ein¬
931 2631 1849 2695 etwa auch „Die Brüder“ denn Andrea, Casa¬
1844 2667 2779 2727 gangs erwähnte Gegensatz zum bitherigen
929 2657 1844 2742 nova, Santis, Gudar, T to sind in demselben
1854 2727 2769 2789 Schnitzler doch nur scheinbar, daß auch dieses
925 2730 1846 2786 Sinne Brüder, in dem jene Frauen Schwestern
1865 2773 2765 2825 Stück ein Glied in der Keite ist. Sprachlich
924 2776 1399 2853 genannt werden dürsen.
1859 2808 2774 2878 tef und melodisch, geistreich und von Menschen¬
1025 2815 1850 2892 Casanova weilt in Spa, Flaminia erwartet
1864 2859 2772 2929 kenntnis ersüllt, reihen sich „Die Schwestern“
922 2855 1855 2934 ihn heimlich des Nach.s. Er irrt sich in der Türe
1861 2921 2777 2980 würdig den anderen Bühnenwerken Schnitzlers
934 2918 1842 2980 und beglückt An na, die keusche Verlobte Andreas.
1853 2948 2778 3028 an. Ob sie in der Aufführung dieselbe Wirkung
928 2964 1856 3024 Weiß gar nichts von diesem Tausche, denn er
1854 3017 2779 3084 zu erzielen vermögen, muß sich erst entscheiden
932 3020 1850 3084 entflieht noch vor Tagesanbruch. Aber Anina
2203 3062 2767 3142 Dr. Alexander Salkind.“
925 3066 1848 3152 hatte Kenntnis davon, daß Casanoba Sei ihr sei,
