3392 4384
2479 276 2948 378 box 3375
1579 277 1641 357 3
1683 283 1767 356 d
316 293 2341 398 28. Die Schuestern oder Casanova in Sna
3220 1403 3405 1499 ETR
1740 1416 2006 1500 AELE
3209 1489 3404 1552 und was
848 1486 3220 1557 in einer Zeitung, daß für den 26. d. M. die Erstaufführung] und=Drei bekommt man überdies nur die letzten drei zu
3214 1541 3384 1601 steuert.
2038 1545 3218 1613 sehen Donna Anna, Elvira, Zerlina, und auch von dieser
854 1543 2037 1596 eines Lustspiels, „Die Schwestern, oder: Casanova!
3212 1578 3404 1646 allem da
844 1583 2043 1662 in Wien“ — sogar das Odern unserer guten alten Zeit
2043 1587 3213 1651 Dreieinigkeit wird bloß die arme Elvira wirklich das
3203 1635 3357 1695 liste.
2032 1630 3212 1700 Opfer des überschätzten Herzensknichers. Mir dagegen hat
851 1635 2025 1708 haben Sie wieder eingeführt — in Ihrem Burgtheater an¬
3206 1664 3405 1740 Nummer
2042 1675 3202 1742 man dreitausend Siege nachgesagt, die ich im ewigen Zwei¬
853 1678 2027 1747 gesetzt sei. Dies las ich fünf Minuten vor Beginn der Vor¬
3199 1730 3407 1804 eine erfa
845 1730 2028 1798 stellung, mußte mich also beeilen, um rechtzeitig einzutreffen
2034 1729 2998 1806 kampf der Geschlechter errungen haben soll. ...
3213 1772 3407 1842 ein Sig
856 1764 2039 1844 für dieses Vergnügen, das ich mir nicht entgehen lassen
2121 1779 2469 1859 „Na, na .
3221 1820 3407 1884 Frau m
847 1825 2037 1885 wollte. Nun, von einem Fahrplan bin ich ja nicht ab¬
2126 1828 3210 1895 „Sie zucken die Achsel. Sie haben recht, man kann eine
3210 1872 3405 1929 Anina v
850 1873 2027 1940 hängig. Knapp vor dem Aufgehen des Vorhangs kam ich
2039 1867 3206 1944 Null abschneiden von der erstaunlichen Ziffer, dann bleiben
3217 1918 3406 1978 Laune d
849 1919 2019 1967 an und setzte mich in einer Loge, natürlich wieder ganz un¬
2028 1933 3204 1997 aber immer noch dreihundert, und das ist eine Leistung,
3213 1966 3382 2024 wenden
845 1964 2028 2021 bemerkt, hinter ein paar Herren, die, obwohl in kostbares
2024 1984 3204 2042 per bacco, deren sich ein Ehrenmann — Sie nennen mich
3208 2013 3407 2074 bewohne
838 2020 2018 2081 Tuch gekleidet, wie Hausknechte aussahen oder wie zwei
2026 2021 3203 2091 sehr hübsch einen Ehrenmann auf Sicht — wohl rühmen
3213 2062 3392 2118 abredet.
837 2058 2027 2120 paysaus endimanchés. Sie langweilten sich sträflich, wo
2028 2070 3209 2124 darf. Ja, das habe ich dem Daponte gesagt, als ich ihn,
3207 2108 3405 2172 Aninas,
839 2104 1955 2189 ein seiner Kopf, wie ich, sich bestens unterhalten mußte“.
2029 2118 3212 2182 den ich schon in Venedig kannte, hier in Wien wieder
3213 2155 3405 2216 martet.
936 2175 2018 2248 Der Dichter bot dem Weithergereisten eine Erfrischung
2027 2171 3200 2232 antraf. Der Dilettantenarbeit seines Don Juan habe ich
3198 2204 3406 2263 und wen
2021 2214 3201 2281 das Lebenswerk eines wirklichen Künstlers gegenübergestellt,
834 2195 1622 2269 an. Dieser wehrte jedoch lächelnd ab.
3206 2252 3399 2310 klärt, da
2036 2263 3206 2327 eines Großmeisters der ars amandi. Wenigstens in der
932 2244 2019 2333 „Ich bin ja transzendental und habe dergleichen nicht
3204 2297 3405 2362 diese Na
2027 2310 2843 2380 Liebe habe ich immer bei Sicht bezahlt.“
841 2313 2021 2380 mehr nötig, nähre mich bloß noch von geistiger Speise, wie
3195 2348 3398 2408 aber gib
849 2349 2036 2433 sie mir etwa Ihr Lustspiel spendete. Sie haben mich gut
2108 2370 3199 2450 Der Dichter versuchte eine Bemerkung anzubringen,
3198 2383 3406 2454 Dieser w
842 2399 2015 2460 getroffen. Vortrefflichster, so gut, daß ich wahrhaftig selber
2020 2397 2601 2496 doch er fiel ihm ins Wort:
3204 2440 3380 2497 Munde
847 2456 2033 2516 Freude an mir fand. Ich hoffe auch, daß ich in dieser
2125 2454 3203 2538 „Bitte, mich gütigst ausreden zu lassen. Was mich in
3208 2482 3406 2551 Kopf, de
833 2502 2022 2565 Schilderung den Wienern gefallen werde, wie mir die Wiener
2022 2519 3196 2576 meiner Transzendenz am schwersten drückt, ist das ewige
838 2555 2021 2600 von jeher gefallen haben. Ich bin nicht zum erstenmal in
2030 2568 3201 2650 Schweigen, und so bin ich froh, wieder einmal die eigene
3204 2581 3406 2654 das Liel
838 2593 2025 2660 Ihrer Stadt. Hier war ja auch mein Bruder ansässig, der
2012 2616 2577 2693 Stimme hören zu können.“
3213 2629 3338 2693 eilen.
829 2626 2028 2718 berühmte Schlachtenmaler. Er starb in der Brühl, während
2099 2666 2556 2745 „Ich wollte nur ...
3290 2648 3406 2739 „3
841 2693 2031 2750 mein älterer Bruder in Dresden als Professor und Direktor
3285 2721 3399 2782 „Ne
2109 2698 3209 2794 „Sie wollten mich darauf aufmerksam machen, daß ich
837 2733 2027 2801 der Kunstakademie aus dem Leben schied. Sie sehen, wir
3201 2742 3404 2830 dem Lau
2019 2756 3199 2834 bis jetzt weniger von Ihrem Lustspiel als von mir selbst ge¬
844 2789 2015 2853 waren alle Künstler, ich freilich der größte unter den
3200 2816 3397 2877 als ein
2029 2817 3193 2888 sprochen. Allein Ihr Werk, mein hochzuvenerierender Bruder
827 2828 1969 2911 Geschwistern, ein Lebens= und Liebeskünstler, wie die Ku..
3192 2866 3404 2930 gar zum
2025 2856 3205 2930 in Apoll, denn ich war ja auch ein Dichter, Ihr Werk ist so
832 2851 2012 2938 Kn. . . — wie heißt das nur in Ihrer Sprache — die
3284 2903 3405 2976 „Si
2015 2912 3201 2976 duftig, daß man fürchten muß, es könnte, wie die Blume
838 2937 2012 2989 Kulturgeschichte keinen zweiten aufzuweisen hat. Dieser viel¬
3296 2961 3407 3025 „Ge
2007 2956 3199 3027 durch Berührung, durch Besprechung zu Schaden kommen.
832 2983 2021 3039 besungene Don Juan mit seinen mille e tr#e ist ein Stümpr
3205 2993 3407 3078 wichlung
2014 3009 3198 3080 Dabei will ich weiter gar nicht untersuchen, was Sie an
829 3005 2028 3085 gegen mich, und das habe ich dem Daponte, der für Mozart
810 3044 3391 3156 den Don Giovanni dichtete, auch gesagt. Von diesen Tausend= Figuren und Simationen etwa von mir übernehmen konnten, will ja
