3392 4256
1176 134 3040 304 über Uraufführungen
581 271 944 462 ED
1171 291 3027 426 und Meuerwerbungen¬
1621 474 1892 575 S
572 570 3074 708 scher /Verlag Theaterabteilung BerinW
490 583 577 708 3
1361 683 2224 764 Bülowstraße 90
1119 809 2381 903 Ukerne Vearnuren IR Ausl.4 Vor.
1114 875 2407 949 Holland Internan Büro Aufübrungs= n ürbederech. Amnsterdam Jan Mllemn Prouwereplein 29.
2406 801 3105 984 Bericht Nr. 102
1145 898 2425 971 — Oesterreich: Dr. O. F. Eirich, Wien II, Praterstr. 38. — Baltikum: P. Reldner, Riga. — Schweden:
491 846 1068 1037 Mai 1920
1120 943 2406 1017 Gusta Linden, Gotenbura, Olof Wisksgaten 4. — Schweiz: M. Kantorowitz, Zürich, Oufourstr. 44.
1309 983 2203 1069 Tschechoslowakal: Hans Demet, Drad, Deussches Landestbeater.
1314 1207 2220 1361 Das neue Lustspiel
952 1434 1778 1641 von Arthur
2002 1424 2571 1637 chnitzler
1738 1862 2712 2060 Awestelt
980 1879 1265 2017 ie
2039 2158 2305 2338 in
2618 2120 3032 2353 paa
950 2153 2003 2360 Casanova
560 2149 872 2337 oder
1518 2351 2011 2516 hatte bei seiner
612 2548 2918 2712 Araufführung am Burgtheater in Wien
1282 2725 2275 2919 großen Erfolg
1433 2976 2121 3144 Einzelne Blätterstimmen:
1893 3093 3038 3219 Humor und Witz und Geist vollführen hier ein
610 3122 1746 3227 Keine Sekunde der Langeweile in den drei Versalten.
2502 3167 3041 3266 (Wiener Theaterzeitung)
1805 3166 2127 3271 Wettlaufspiel.
1221 3204 1759 3317 (Der neue Tag, Wien)
496 3205 1136 3313 Der Erfolg war sehr groß.
1897 3238 3053 3350 In diesem Lustspiel gelangt Schnitzlers eigenste Art
612 3292 1754 3384 Die Nooität brachte dem Dichter zum Schluß großen
1816 3319 3050 3406 zu einer vollendeten Einheit und damit auch zu dem
502 3361 1755 3495 Beifall und zahlreiche Hervorrufe. (Wiener Volkszeitung)
1831 3384 2682 3504 seinsten und reifsten Werk seiner Kunst.
2577 3421 3050 3529 (Berliner Tageblatt)
614 3465 1755 3545 Die drei Akte des Schnitzlerschen Lustspiels werden
1893 3497 3046 3597 Die Probleme Anatols kehren wieder. Darin zeigt
519 3536 1753 3625 in einer Folge gespielt. So konnte der Dichter erst zum
1824 3587 3042 3671 sich der Meister, daß es mit immer neuer Grazie, immer
510 3620 1644 3708 Schluß vielmals für den herzlichen Beifall danken.
2487 3635 3053 3759 (Neue Züricher Zeitung)
1817 3648 2401 3772 neuer Schönheit geschieht.
1167 3655 1758 3776 (Neue freie Presse, Wien)
1956 3835 3032 3958 Hannover, Deutsches Theater — Königs¬
501 3838 1933 3965 Weitere Annahmen: Berlin, Deutsches Theater —
1195 3943 1962 4058 berg, Neues Schauspielhaus.
