3344 4320
2380 122 2863 223 box 33/5
230 126 2250 237 28. Die Schuesternoder Casanova in sna
1608 1054 2476 1109 o wimmelt, sind die Figuren genommen, die
2485 1061 3322 1126 und =worte, alles was Schnitzler sagen wollte
1618 1106 2470 1170 das Spiel beleben, und sogar er selbst er¬
914 1048 1467 1183 Feuilleton.
2489 1107 3316 1178 zum Ausdruck bringt. Aber eben da liegt's
1632 1146 2488 1220 scheint, der große Lebenskünstler, der Vielge¬
2486 1153 3329 1221 er sagt es. Alles was Handlung war, alle
1630 1199 2476 1253 liebte und Vielgeschmähte, der Erotiker von
2480 1209 3317 1267 was lebendiges Leben hieß und Erlebnis de
968 1199 1412 1295 Burgtheater.
1627 1252 2486 1304 Geburt und Profession, der heitere Gegen¬
2485 1258 3318 1317 Menschen war, ist zu Ende und sie ziehen die
835 1262 1623 1365 „Die Schwestern“ oder „Cdbano¬
1618 1299 2477 1357 spieler des düsteren Don Juan, das Kind der
2484 1300 3330 1377 schmerzlichen Konsequenzen ihrer Taten
745 1333 1620 1401 da in Spa“, Lustspiel von Arthur
1615 1343 2484 1409 Welt, das mehr Frauen glücklich gemacht hat
2493 1355 3326 1416 Schön, aber undramatisch. Anina wird Schwe
754 1393 1622 1454 S##len drei Akte in Einem. — Zwei
1615 1399 2477 1458 als unglücklich, und mit der Hölle der Liebe
2492 1397 3317 1469 ster der leichtsinnigen Baronin, wird soga
758 1436 1613 1490 Stunden lang währt die holde Täuschung.
1625 1445 2475 1500 nichts zu tun hatte, wie sein düsterer Gegen¬
2499 1454 3323 1517 Schwester einer noch leichtsinnigeren Tänze
745 1477 1626 1554 Eigentlich nicht ganz zwei Stunden. Man er¬
1620 1488 2476 1566 spieler, sondern nur mit ihren Himmeln. Die
2491 1499 3317 1566 rin, die plötzlich auftaucht, um Casanova zu
749 1536 1624 1594 wacht ein bißchen zu früh. Diese kleine Dich¬
1618 1539 2484 1608 galante Liebe einer galanten Zeit wird
2486 1548 3326 1615 holen. Der junge Liebende wird ein schmerz
756 1578 1614 1655 tung erinnert ein wenig an das Distichon
1620 1591 2478 1657 lebendig, der alles Metaphysische fernblieb,
2485 1594 3328 1662 lich Erkennender, das „Entweder=Oder“ des
748 1637 1613 1686 von Schiller: Im Hexameter steigt des Spring¬
1619 1629 2481 1704 die aufgeklärt war und nicht unglücklich sein
2483 1642 3323 1704 Gefühlslehens verliert seine Unbedingtheit
750 1687 1615 1744 quells flüssige Säule — Im Pentameter drauf
1621 1680 2473 1751 konnte und es höchstens bis zu einer gewissen
2491 1697 3328 1761 der Aschermittwoch der großen Desillusion
741 1736 1610 1799 fällt sie melodisch herab. Der dritte Akt dieser
1624 1734 2473 1795 schmerzlichen Ironie brachte. Lebenskünstler
2487 1745 3330 1816 und der Weltklugheit ist gekommen. Casanovc
1620 1782 2472 1849 und Liebeskünstler, ohne Leidenschaft und
749 1775 1611 1849 graziösen Arbeit, die alle Qualitäten auf¬
2484 1794 3327 1853 lehrt die Jugend. Der Jüngling wird zum
751 1835 1609 1898 weist, die man von dem Kulturniveau Arthur
1621 1831 2451 1900 ohne Tragik, die geborenen Lustspielhelden.
2493 1823 3327 1916 Mann, der zwischen der leichten Baronin
749 1874 1611 1942 Schnitzlers erwarten darf, ist der Pentameter.
1692 1874 2473 1945 Ein Baron, der keiner ist, lebt vom Spiel
2487 1892 3317 1965 zwischen der ehemals keuschen Anina und
755 1928 1613 1994 Sie fällt melodisch herab. Der Dichter hat
1616 1931 2478 1994 und lebt von seiner Frau. Bald drückt er ein
2487 1935 3333 2007 der treulos=treuen Tänzerin nur mehr Nuan
740 1974 1624 2039 diesmal nicht in den Busen gegriffen, wenig¬
1624 1980 2469 2042 Auge zu und ist ein bequemer Gatte, bald er¬
2479 1987 3332 2063 cen, aber keine Wesensunterschiede findet
745 2025 1610 2095 stens nicht in seinen eigenen. Man hat so
1624 2030 2476 2100 innert er sich wieder, daß er ein Ehrenmann
2478 2027 3321 2102 Dem Dichter war es um die trübe Weisheit
750 2073 1609 2135 seine Zeiten, wo man den Griff in den eigenen
1625 2065 2484 2142 ist und der Degen fliegt aus der Scheide. Ein
2481 2083 3321 2158 dieses melancholisch reizenden Schlusses zu
752 2125 1611 2190 Busen gerne vermeidet. Sei es, daß man ihn
1609 2118 2480 2193 junges Paar, zwei Liebende auf der Flucht,
2473 2138 3319 2197 tun, der Zuschauer hätte es lieber gesehen
735 2176 1609 2237 nicht so wohlgesüllt vermutet, wie es nötig
1614 2179 2473 2250 knapp vor der Heirat. Beide noch mit einem
2481 2188 3318 2252 wenn das Stück scheinbar übermütig geschlos
744 2224 1618 2286 wäre, sei es, daß er zu wohlgefüllt ist und
1625 2223 2474 2292 Hauch von bürgerlicher Anständigkeit und
2488 2238 3315 2304 sen hätte, mit der Empörung des zwiefach ge¬
745 2268 1607 2343 man den Griff als allzu schmerzlich empfände.
1619 2274 2478 2343 von der Morgenkühle einer reinen Jugend.
2486 2291 3316 2354 liebten Casanova, der sich trotzdem als betro¬
745 2321 1600 2391 In beiden Fällen gebietet einerseits die Klug¬
1613 2325 2471 2393 Und zwischen diesen beiden Paaren Casa¬
2488 2336 3325 2398 gener Betrüger fühlt. Der Zuschauer hätte
749 2362 1608 2433 heit, anderseits die Wehleidigkeit, si.h an
1622 2372 2481 2446 nova. Die leichtsinnige Frau erwartet ihn und
2476 2379 3323 2458 lieber alle Schnitzler= und Weltweisheit im
741 2422 1603 2486 einem Stoff zu machen, der von außen kommt
1622 2426 2471 2490 ein Irrtum führt ihn zur kindlichen Anina,
2479 2437 3313 2500 ahnenden Gemüte erlebt und im Nachhall
749 2469 1604 2515 und den man mit sicherer Hand mit Kunstver¬
1618 2474 2467 2529 die schuldlos schuldig wird, vom Rausch der
2477 2481 3323 2552 seiner Seele nach Hause getragen, statt diesch
742 2510 1610 2587 stand und reicher Erfahrung, mit Klugheit
1613 2527 2468 2576 Stunde überwältigt. Sie weiß, in wessen Ar¬
2476 2535 3329 2601 Worte überdeutlich von der Bühne gesprochen
746 2563 1602 2627 und Geschmack spielend und spielerisch be¬
1607 2565 2473 2638 men sie lag, Casanova weiß es nicht. Später
2480 2586 3319 2642 zu hören. Mit der öffentlichen Diskussion
747 2612 1606 2671 wältigt. Man will eben nicht immer den
1610 2624 2479 2696 erfährt's der jugendliche Bräutigam und stürzt
2474 2639 3316 2700 und Perkussion des Problems erlahmte die
740 2662 1608 2723 Kampf mit dem Gott ausfechten, der einen
1610 2677 2465 2735 aus allen Himmeln, kann nicht begreifen,
2477 2673 3333 2749 Phantasie und erstarkte der kritische Verstand.
735 2714 1603 2781 manchmal segnet oder auch nicht. Auch Goethe
1604 2722 2473 2774 kann nicht verzeihen, kommt über die schuldige
2477 2733 3333 2805 Denn wer das Stück verstanden hat, dem er
749 2765 1597 2836 griff einstmals nach den Mémoires des
1609 2777 2471 2834 Schuldlosigkeit seiner Geliebten nicht hinweg.
2472 2780 3318 2851 machen diese Dinge von selbst und fordern
746 2804 1608 2875 Baumarchais, und es wurde der „Clavigo“
1596 2813 2467 2869 Das Problem, das Hoffmannsthal in seinem
2475 2822 3318 2895 Rechenschaft, unb wer es nicht verstanden hat
738 2853 1603 2938 Wer wollte es einem Schnitzler verweigern,
1613 2870 2469 2939 Jugendwerkchen „Gestern“ in aller Kürze an¬
2478 2875 3324 2937 dem bleiben die schönsten und klügsten Worte
732 2909 1613 2982 was einem Goethe gestattet, und ihm das
1609 2920 2472 2985 geschlagen, wird hier etwas länglich noch
2482 2928 3306 2993 nichts als tönendes Erz und klingende Schel
738 2956 1604 3033 leichte Spiel sofort ins Merkbüchlein einkerben?
1605 2967 2470 3031 einmal durchgeführt. Man erwartet den
2480 2977 3323 3043 len, weil er die Liebe nicht hat, die jedes
810 3007 1608 3074 Aus der großen Fundgrube Casanova,
1598 3006 2467 3085 Schluß früher, als er tatsächlich eintritt, ob¬
2468 3017 3330 3094 Werk eines Dichters fordert, hinker dessen
721 3039 3326 3164 wo es von lebendigen Komödiengestalten nur wohl gerade dieser Schluß alle Dichterwerte Wirklichkeiten immer noch neue Unspirklich¬
