3344 4352
485 84 592 149 E
853 100 1452 163 e
732 147 1580 217 duttore dertunato rappresenterchbe unn de¬
1625 162 2420 222 di giocatore, & tratteggiata con qualehe
2596 159 2683 232 d
739 195 933 264 Jusione.
1587 199 1752 262 glsto.
766 219 1583 300 Eppure à qualche autore drammatico
1610 213 2443 296 II magglor difetto nella figurazione del
734 268 1575 338 riesei di cogliere assai felicemente qualehe
1592 279 2447 335 carattere sta nell’a#er fatto di Casanova
2523 277 2732 360 7 20
728 333 1573 377 lato della sua ricca personalità di avventu¬
1591 328 2456 395 un innamerato romantico (conte pot#rn es¬
2510 326 2686 400 8
1594 368 2456 426 ser diversamente, se l’antore & spagnto¬
736 366 1580 431 riere galaute: la figura di Casanova, che
2478 365 2732 435 eent
734 412 1580 465 cosl hene s’inqundra nel suo secolo cor¬
1583 411 2732 469 lo?), sospiroso c madrigaleggiante, mentte riato general
729 450 1580 510 rotto e filosolo, la flgura di questo liberti¬
1580 457 2725 502 le euratteristiche dell'avrenturiero 6on ap-Juizio di impe
2445 495 2733 548 chiesn parrot
733 502 1579 553 no che 6 anche religioso, di questo dfara¬
1593 503 2438 554 punto T’elegante einismo, 1 buon umore
2451 530 2730 596 Pintelligente
723 530 1581 612 butto sedlucentissimo, di quest’nomo di
1594 552 2437 596 nelie pin terribili contingenze della vila,
2439 574 2734 631 ti nen soltat
739 594 2434 642 grande lingegno completamente sprovvi- Jla padronanza di sc, la rapidità di decisio¬
2439 614 2722 670 tonacie gli
737 622 2434 686 sto di senso morale (un Aretino del Sette-Jue, la volubilità. I.'Azertis ha sceneggiato,
2444 652 2719 703 due finestre
1595 679 2431 726 con qualche scontaminaziones (sccondo
730 668 1581 737 cento) non poteva far a meno di sedurte la
2444 684 2725 744 archinentn. (
731 705 1383 767 fantasia degli autort di teatro.
1583 710 2431 775 l'uso, quando si porta alla ribalta un per¬
2441 723 2715 786 nelle paroti
772 729 1600 807 E sin nella prima metd dell'’Ottocento
1598 749 2437 822 scnaggio storico) un episodio di quelle
2434 767 2736 833 nentre. Un
1593 796 2441 858 aavventure d’amore e di viaggion, delle
737 798 1582 851 abbiamo un randeville francese di Varin,
2444 803 2715 866 ehri come 61
2444 825 2732 899 personale pre
1599 846 2435 907 quali Casanova parla nei capitoli 13.0, 14.0
739 852 1579 894 Etienne Arago e Desverger, intitolato:
2448 885 2731 938 nnova prova
736 885 1584 958 Casanova an fort Saint-André, rappresen¬
1601 888 2437 944 15.0 della II.a parte delle Memorie: e
2442 925 2737 975 Governo alle
1597 918 2438 993 cioe l’igcontro col vecchio capitauo unghe¬
727 931 1588 991 tato al eThtatre du Vandevilles nel 1836.
2444 961 2723 1016 danneggiate
1592 973 2443 1036 rese, al quale porta via la bella amante
737 980 1578 1032 Accenneremno appena a due libretti d’o¬
2446 999 2722 1057 a. proposito
737 1019 1585 1082 werz intitolati 8 Casosena, l'uno musicato
1598 1012 2443 1079 francese, Eurichetta jc il aue dolore per
2448 1036 2731 1092 1913 il Gorei
1601 1062 2439 1119 doverla abbandenare a Ginevra, dove l'a¬
739 1069 1589 1113 dal m.6 Alberto Lortzing nel 1841, l'altro
2435 1078 2711 1144 in linen di
734 1101 1583 1152 dal m.o Pulvermacher nel 18oo; e ricorde¬
1600 1114 2042 1173 veva accompagnata.
2444 1112 2728 1175 pliamento de
737 1152 1588 1210 remo di passata la commedia del pocta
2451 1158 2724 1208 Tembergu, m.
1626 1132 2447 1222 Qualche pennellata di colore d assai se¬
2457 1192 2726 1250 vori furono !
736 1188 1589 1242 viennese lIngo von Hefmann thal: D’as¬
1590 1193 2446 1258 licc: c qualche episodio comico, qualche
2442 1223 2730 1291 II nostro Ge
737 1238 1580 1300 venturicro e la cantante (1800), nella qua¬
1592 1242 2443 1302 particolare nella pittura dell’ambiente set¬
2442 1268 2728 1328 delle auterit
743 1276 1575 1348 Je Casanova appare come personaggio se.
1598 1285 2444 1346 tecentesco, 6 reso con gusto é con eviden¬
2456 1310 2734 1364 dendo per ol
737 1316 1583 1371 condiario in un intrigo galante, mostran¬
1592 1326 2442 1391 za rappresentativa ;ma nel suo complesso
2453 1350 2726 1411 armonin al
740 1367 1583 1438 do la sua avidità sentimentale e la sia
1587 1372 2442 1438 l’opera risulta slegata e frammentaria,
2652 1386 2702 1439 0
2448 1387 2668 1443 polazione
737 1409 1251 1477 ardente sete di piaceri.
1593 1420 2216 1476 senza continuità di interesse.
2452 1428 2706 1491 di Gorizia.
774 1440 1595 1517 Non ehbe lieta sorte una commedia sto¬
1628 1443 2447 1529 II Casanova amatore fortunato, gioca¬
733 1505 1586 1561 rica in z atti: La morale di Casanova, de¬
1595 1504 2454 1563 tore di vantaggio, sempre pronto a cam¬
736 1544 1589 1599 vuta alla collaborazione di Sem Benelli e
2495 1528 2740 1623 dli affres
1599 1554 2442 1606 biar progetti quando possa ricavarne qual¬
727 1585 1587 1649 Giulio De Frenzi (alias: on. Federzoni):
1600 1570 2461 1646 che piacere o qualche utile, é tratteggiato
732 1638 1594 1691 fu rappresentata una sol volta al Teatro
2484 1628 2712 1694 II restaur,
1602 1630 2450 1694 con un certo buon gusto; ma l’avventuric¬
734 1674 1590 1739 del Corsos di Bologna da Ermete Novelli,
2457 1676 2709 1736 Recco nella
1592 1682 2447 1745 ro senza scrupoli, einico e sinistro, l’uomo
2456 1716 2715 1774 un fatto con
735 1713 1231 1785 1 2; febbraio del 1000.
1592 1727 2449 1779 ricco di espedienti truffaldini, il filosolo
2458 1749 2718 1824 no stati esc
777 1758 1593 1828 Ed ehbe scarso successo auche 17 Ma¬
1589 1769 2452 1842 materialista impcciato di religione, é qui
2447 1798 2695 1854 genti con
735 1809 1585 1874 trimonio di Casanora, commedlia in 4 atti
1597 1820 1981 1873 del tutto assente.
2458 1837 2689 1892 Comitato 1
746 1856 1592 1912 di Ugo Ojetti c Renato Simoni, rappresen¬
1633 1834 2447 1919 E si puó concludere, auche dopo questa
2456 1864 2714 1929 guerra. Am
748 1910 1588 1967 tata al Carignanos di Torino, il 25 geu¬
1594 1898 2440 1969 nnova commedia, che l’opera nella quale
2454 1914 2708 1984 ie opere ors
745 1939 1595 1998 naio del roro dalla compagnia Di Lorenzo
1604 1954 2438 2012 Giacomo Casanova appaia vivo alla scena,
2454 1946 2695 2016 re Si sono
746 1991 1596 2038 Falconi. Ma questa volta il pubblico fu
1608 1997 2127 2064 resta ancora da scriversi.
2444 1985 2704 2050 gevoli affrei
2433 2030 2706 2100 schitto. Qu
743 2031 1600 2090 soverchiamente severo, che la commedia ha
2074 2028 2426 2115 CESARE LEVI
2500 2066 2685 2124 prof.
744 2079 1601 2133 delle scene gustosissime, e la figura del
2499 2102 2698 2170 ergio Se
740 2118 1598 2191 protagonista balza con grande rilicvo dal
1630 2118 2454 2185 (1) Arthur Schnitzler: Die Schwestern,
2462 2152 2675 2199 p## in au
736 2169 1589 2226 quadro: soprattutto poi & ben caratteriz¬
1602 2172 2441 2225 Ein Lustsniel in Versen. Drei akte in ei¬
2451 2177 2686 2243 hano lode
743 2215 1603 2266 zato il secolo drivolo e corrotto del quale
1598 2214 2451 2280 nem. (Berlin, S. Fischer, 1919) in 16.0, pa¬
2457 2221 2689 2287 ti di tu¬
745 2247 1597 2314 Casanova & in certo qual modo T’espo¬
1595 2254 1819 2314 gine 109.
2449 2260 2687 2321 te generals
749 2299 917 2364 nente.
2444 2301 2689 2364 Flla chiel¬
2448 2325 2683 2396 venendo es
789 2316 1610 2407 Nei quattro atti della commedia di Ojet¬
1619 2328 2435 2431 Chateaubriand al suo editere
2444 2382 2655 2436 di tutta
749 2385 1601 2440 ti e Simoni sono sceneggiati gli cpisodi e¬
2050 2393 2437 2478 PARIGI, ottobre
2450 2406 2687 2473 noltre rits
746 2423 1615 2500 rotico-galanti che Casanova racconta nella
2451 2456 2667 2512 fresco in
1634 2442 2455 2519 (Camillo) (Caro eignore, ecccci in vendi¬
738 2474 1605 2530 IV.a parte delle sue Memoric, parlando
2456 2495 2674 2562 la primit#
1597 2507 2446 2564 ta: iin qui, l'affare ei presenta bene. Se non
747 2517 1597 2578 di Nuove avventurer, e cioc della sua re¬
1610 2553 2451 2599 avete tirato troppe copie, sarebbe utile po¬
747 2557 1602 2612 Jazione con la signorina C. C. c dei suoi
1609 2584 2457 2638 ter fare al piu presto una seconda edizione.
749 2605 1602 2668 rapporti con l’ambasciatore di Francia
1617 2627 2449 2680 lo sono pronto u introdurre, in questa ée¬
2447 2562 2677 2696 I“ Ktade
745 2650 1607 2711 Bernio: opportunamente gli autori hanno
1608 2663 2453 2715 conda edizione alcuni brani che tolsi prima.
750 2699 1595 2746 messo al primo piano la figura del Bra¬
1600 2688 2465 2753 Vogliate dirmi a quel punto siamo, Sapete
2490 2695 2671 2775 (Camills
748 2744 1605 2794 gadin, protettore e amico di Casanova si¬
1605 2741 2451 2804 benissimo che, sccondo il vecchio adagio,
2456 2758 2664 2814 ferenze (
740 2782 1590 2845 no al momento del suo arresto per ondine
1610 2777 2434 2835 abisogna battere il ferro mentre é caldon.
2443 2794 2670 2849 deve nom
749 2825 1129 2882 dell'Inquisizione.
1634 2832 2441 2885 Questa dettera dello Chateaubriand al suo
2451 2839 2667 2902 berto I
1610 2871 2453 2923 editore é del 9 maggio 1844. Du ersa ei rile¬
794 2862 1605 2922 Commedia ricca di colore, nella varietà
2464 2871 2663 2929 nuele, re
1614 2903 2457 2958 vache il metoco di annunziare nuove edi¬
2465 2908 2666 2967 no trover
735 2918 1592 2984 dei suoi quadri scenici, alla quale sol nuc¬
1614 2945 2447 3005 zieni mentre lo precedenti non crano an¬
2458 2951 2666 3003 dei college
752 2951 1602 3009 teum certn ientenz di svolgimento; mu
1612 2986 2450 3054 cora esaurite, non appartiene eoltanto al
2457 2984 2669 3042 che ne ##
753 3006 1608 3055 11 suo dialogo ha un fresco sapore dialet¬
2445 3017 2684 3087 re dei b#
1610 3029 1903 3095 nestri giorni.
751 3051 1597 3097 tale, e conserva tutta la grazia e l'aroma
1992 3057 2166 3116 — —
2441 3065 2698 3127 chin conoe
747 3086 1615 3136 delle frasi veneziane piü caratteristiche:
1643 3094 2694 3163 La Banca per i lavori di costruzione a Pra¬ bet. Vittis
749 3131 1611 3185 & felicemente imitato dal dialogo goldonia¬
1602 3142 2698 3216 ga eren una süecursale a Pilsen che eost-dell’alstit
738 3171 1598 3233 no. Poiché la commedia & stata gia pubbli¬
1610 3187 2660 3253 tuirà la 33.a specialità di banca stabili acolleghi:
745 3221 1602 3283 cata molti anni or sono (Milano, Trevcs,
2437 3207 2685 3289 gina di T.
1610 3229 1932 3293 in questa citta.
753 3260 1610 3328 roro), non istaremo a seguirne lo svolgi¬
2369 3268 2439 3338 — —1
738 3311 1456 3369 mento nei suoi quattro quadri.
787 3336 1618 3422 Forse questa comnmedlia storica, scritta
751 3380 1620 3459 da due autori di grande buon gusto, po¬
748 3438 1609 3496 trebbe oggi esser ripresa con qualche for¬
1613 3346 2679 3528 Rivoluzione e
754 3476 1607 3526 tuna. Certamente questo di Ojetti e Simo¬
752 3527 1617 3596 ni é il miglior Casanova che abbiame ve¬
1904 3518 2688 3608 Proprietà letterarta - Riprode
751 3568 1150 3632 duto alla ribalta.
787 3594 1620 3666 Quasi contemnporanenmente appaiono al¬
1700 3617 2481 3703 Arrestare il comandante? + disse lo
745 3655 1610 3716 Ja ribalta una commedlia in versi di Mau¬
2537 3654 2702 3741 Varat
1613 3664 2481 3734 aintante stupito. Ma gli miscro pubitamen¬
762 3692 1615 3762 rice Rostand: Casanova (rappresentata al
1625 3708 2479 3773 te le loro mani enlie spalle, tostlo che Gio¬
2485 3723 2698 3789 lchius:
761 3747 1607 3799 -Bouffes Parisieus il 24 febbraio 1010, con
1613 3761 2700 3833 vanni Paolo Vallier ebbe comandato pilvarono so.
762 3782 1608 3850 mediocre successo), el una commedlia in 1
1609 3800 1974 3859 imperiosamente:
2465 3801 2690 3862 u Bruto:
753 3832 1599 3882 atto e 3 quadri, in verst, del eclehre serit¬
1756 3817 2452 3887 ve lo ordino in nome della legte!
2547 3831 2709 3897 Citta
762 3873 1596 3931 tore viennese Arthur Schnitzler: Le sorel¬
1604 3878 2462 3949 L’accusato Vallier sarh tradotto Momani da¬
2460 3869 2685 3940 tun testa
1621 3921 2150 3971 ranti alla Corte Marzialo!
758 3923 1285 3985 1e o Casanova a Spa (1).
2496 3924 2705 3984 T frase
1643 3933 2715 4032 Eil euo sguandlo si abbasso venso ie vart“ çamgra owf
796 3939 1617 4024 Nella commedia todesca il ceichte avren¬
1612 3998 1781 4060 Sparse:
2449 4004 2696 4061 nistro od
756 4004 1459 4074 turicro non ha la parte principale.
1711 4024 2083 4102 Conducetelo via!
2457 4044 2694 4100 In patrin
800 4021 1619 4098 In un albergo di Spa si ritrovano una
1647 4049 2456 4128 Glacomo Vallier cammind trali due no¬
2460 4073 2703 4138 sensibilità
766 4086 1614 4150 giovane ragazn fertarese, Anina, che 6
765 4130 2719 4187 stata selotta dal su mnante, Andrea BasImini verso la porta. Al momensto di pas-vanni Pae¬
