<?xml version="1.0" encoding="UTF-8" standalone="yes"?>
<PcGts xmlns="http://schema.primaresearch.org/PAGE/gts/pagecontent/2013-07-15" xmlns:xsi="http://www.w3.org/2001/XMLSchema-instance" xsi:schemaLocation="http://schema.primaresearch.org/PAGE/gts/pagecontent/2013-07-15 http://schema.primaresearch.org/PAGE/gts/pagecontent/2013-07-15/pagecontent.xsd">
    <Metadata>
        <Creator>prov=University of Rostock/Institute of Mathematics/CITlab/Gundram Leifert/gundram.leifert@uni-rostock.de:name=ONB_Newseye_GT_M1+(htr_id=10810)::::v=2.4.2
prov=University of Rostock/Institute of Mathematics/CITlab/Tobias Gruening/tobias.gruening@uni-rostock.de:name=de.uros.citlab.module.baseline2polygon.B2PSeamMultiOriented:v=2.4.2
prov=University of Rostock/Institute of Mathematics/CITlab/Tobias Gruening/tobias.gruening@uni-rostock.de:name=/mnt/transkribus/LA/DEA/URO/LA_news_onb_att.pb:de.uros.citlab.segmentation.CITlab_LA_ML:v=2.4.2
Transkribus</Creator>
        <Created>2019-10-07T11:09:15.881+02:00</Created>
        <LastChange>2019-10-07T19:32:32.102+02:00</LastChange>
        <TranskribusMetadata docId="223958" pageId="9493826" pageNr="104" tsid="16425293" status="IN_PROGRESS" userId="40391" imgUrl="https://files.transkribus.eu/Get?id=WJHDLHHLIYMBRTPVJWPHXLAO&amp;fileType=view" xmlUrl="https://files.transkribus.eu/Get?id=KVIPZCEKEZBBGPTUUMRNTYPC" imageId="6184053"/>
    </Metadata>
    <Page imageFilename="223958_0104.jpeg" imageWidth="3392" imageHeight="4352">
        <ReadingOrder>
            <OrderedGroup id="ro_1711443810111" caption="Regions reading order">
                <RegionRefIndexed index="0" regionRef="r1"/>
                <RegionRefIndexed index="1" regionRef="r2"/>
            </OrderedGroup>
        </ReadingOrder>
        <TextRegion orientation="0.0" id="r1" custom="readingOrder {index:0;}">
            <Coords points="295,131 295,4114 1526,4114 1526,131"/>
            <TextLine id="r1l1" custom="readingOrder {index:0;}">
                <Coords points="417,173 1345,164 1345,135 1129,124 417,126"/>
                <Baseline points="425,156 470,158 516,159 561,161 607,161 653,162 698,162 744,162 789,162 835,162 881,161 926,160 972,159 1017,159 1063,158 1109,157 1154,156 1200,155 1245,155 1291,154 1337,154"/>
                <TextEquiv>
                    <Unicode></Unicode>
                </TextEquiv>
            </TextLine>
            <TextLine id="r1l2" custom="readingOrder {index:1;}">
                <Coords points="293,218 1294,225 1489,204 1489,174 292,167"/>
                <Baseline points="301,214 360,214 419,214 478,213 537,213 596,213 655,213 714,212 773,212 832,212 891,211 950,211 1009,210 1068,209 1127,209 1186,208 1245,207 1304,206 1363,205 1422,204 1481,203"/>
                <TextEquiv>
                    <Unicode>swöhnlich beim Jugendwerk märchenhafter Einbildung. Von</Unicode>
                </TextEquiv>
            </TextLine>
            <TextLine id="r1l3" custom="readingOrder {index:2;}">
                <Coords points="295,285 1446,272 1497,236 294,222"/>
                <Baseline points="302,262 361,261 420,261 480,261 539,261 598,261 658,261 717,261 776,261 836,261 895,261 954,261 1014,260 1073,260 1132,259 1192,258 1251,257 1310,256 1370,253 1429,251 1489,249"/>
                <TextEquiv>
                    <Unicode>Schnit###erwartet man seit Jahren vergeblich den großen</Unicode>
                </TextEquiv>
            </TextLine>
            <TextLine id="r1l4" custom="readingOrder {index:3;}">
                <Coords points="287,336 1496,319 1496,263 287,283"/>
                <Baseline points="295,315 354,314 414,313 473,312 533,312 593,312 652,311 712,311 772,311 831,311 891,311 951,310 1010,310 1070,310 1130,309 1189,308 1249,307 1309,306 1368,304 1428,302 1488,300"/>
                <TextEquiv>
                    <Unicode>Wurf, „das Stück“, das er uns noch schuldig ist. Was er uns</Unicode>
                </TextEquiv>
            </TextLine>
            <TextLine id="r1l5" custom="readingOrder {index:4;}">
                <Coords points="300,362 697,388 1504,365 1504,328 299,313"/>
                <Baseline points="308,364 367,364 426,364 486,363 545,363 605,362 664,362 723,361 783,361 842,360 902,360 961,359 1020,358 1080,357 1139,357 1199,356 1258,355 1317,354 1377,353 1436,352 1496,351"/>
                <TextEquiv>
                    <Unicode>bringt, sind Worte, nichts als Wocte. Schöne Worte, zum</Unicode>
                </TextEquiv>
            </TextLine>
            <TextLine id="r1l6" custom="readingOrder {index:5;}">
                <Coords points="287,415 1380,402 1500,437 1499,348 1377,388 287,362"/>
                <Baseline points="295,413 354,412 414,411 474,410 534,409 594,409 653,408 713,408 773,408 833,407 893,407 952,407 1012,406 1072,406 1132,405 1192,404 1251,403 1311,402 1371,401 1431,399 1491,397"/>
                <TextEquiv>
                    <Unicode>Teil auch geistvolle Worte. Abgz. Worte ohne Tat. Der</Unicode>
                </TextEquiv>
            </TextLine>
            <TextLine id="r1l7" custom="readingOrder {index:6;}">
                <Coords points="301,460 1317,470 1474,460 1494,425 301,431"/>
                <Baseline points="309,461 367,460 426,460 485,459 544,459 603,458 662,458 721,458 780,458 839,458 898,458 956,457 1015,457 1074,457 1133,456 1192,455 1251,454 1310,453 1369,450 1428,449 1487,446"/>
                <TextEquiv>
                    <Unicode>neueste Schnitzler#ist ein Schäferspiel. Im zierlich ziseli###ten</Unicode>
                </TextEquiv>
            </TextLine>
            <TextLine id="r1l8" custom="readingOrder {index:7;}">
                <Coords points="297,528 1507,510 1507,442 296,487"/>
                <Baseline points="304,508 363,508 423,508 483,508 543,507 602,507 662,507 722,507 782,506 841,506 901,505 961,505 1021,504 1080,503 1140,503 1200,502 1260,501 1319,501 1379,500 1439,499 1499,498"/>
                <TextEquiv>
                    <Unicode>Casanovastil schreitet, nein, Rtänzelt es daher, in Perrücke und</Unicode>
                </TextEquiv>
            </TextLine>
            <TextLine id="r1l9" custom="readingOrder {index:8;}">
                <Coords points="295,569 1493,560 1462,509 295,524"/>
                <Baseline points="303,558 362,559 421,559 480,559 539,558 598,558 657,557 716,557 775,556 834,555 894,554 953,553 1012,552 1071,552 1130,551 1189,550 1248,550 1307,550 1366,549 1425,549 1485,550"/>
                <TextEquiv>
                    <Unicode>Kniehosen, mit halben#hlösten Brüsten und laxer Moral,</Unicode>
                </TextEquiv>
            </TextLine>
            <TextLine id="r1l10" custom="readingOrder {index:9;}">
                <Coords points="293,636 1496,603 1467,554 935,589 293,569"/>
                <Baseline points="301,609 360,608 419,607 478,606 538,606 597,605 656,605 716,604 775,604 834,604 894,603 953,603 1012,603 1071,602 1131,602 1190,601 1249,600 1309,600 1368,599 1427,597 1487,596"/>
                <TextEquiv>
                    <Unicode>lächelnd, wie ein, mter Scherz und wichtigtuend, wie eine</Unicode>
                </TextEquiv>
            </TextLine>
            <TextLine id="r1l11" custom="readingOrder {index:10;}">
                <Coords points="292,658 1491,675 1507,627 291,637"/>
                <Baseline points="299,658 359,658 419,657 479,657 539,657 599,656 659,656 719,655 779,655 839,654 899,653 959,653 1019,652 1079,651 1139,650 1199,650 1259,649 1319,648 1379,647 1439,646 1499,645"/>
                <TextEquiv>
                    <Unicode>Weltweisheit. Obzwar keine solche dahintersteckt. Der alternde</Unicode>
                </TextEquiv>
            </TextLine>
            <TextLine id="r1l12" custom="readingOrder {index:11;}">
                <Coords points="297,702 1497,704 1496,664 1445,654 871,686 297,659"/>
                <Baseline points="305,706 364,707 423,707 482,707 541,707 601,706 660,706 719,705 778,705 837,704 897,703 956,703 1015,702 1074,701 1133,700 1193,699 1252,698 1311,697 1370,696 1429,695 1489,695"/>
                <TextEquiv>
                    <Unicode>Casanova hatssich in einer äußerlich vornehmen, innerlich</Unicode>
                </TextEquiv>
            </TextLine>
            <TextLine id="r1l13" custom="readingOrder {index:12;}">
                <Coords points="303,761 1471,765 1512,756 1511,699 1383,729 302,715"/>
                <Baseline points="311,753 370,754 430,755 489,755 549,755 609,755 668,755 728,754 787,754 847,753 907,753 966,752 1026,751 1085,750 1145,749 1205,748 1264,747 1324,747 1383,746 1443,745 1503,745"/>
                <TextEquiv>
                    <Unicode>verlumpten Gesellschaft zusammengefunden, die eventuell auch</Unicode>
                </TextEquiv>
            </TextLine>
            <TextLine id="r1l14" custom="readingOrder {index:13;}">
                <Coords points="308,817 894,789 1505,828 1504,753 308,766"/>
                <Baseline points="316,806 375,805 434,804 493,804 552,803 611,803 670,802 729,802 788,801 847,801 906,801 965,800 1024,800 1083,799 1142,798 1201,798 1260,797 1319,796 1378,795 1437,794 1496,793"/>
                <TextEquiv>
                    <Unicode>falsch spielt und mit Kokotten herumreist. Hat in einer ver¬</Unicode>
                </TextEquiv>
            </TextLine>
            <TextLine id="r1l15" custom="readingOrder {index:14;}">
                <Coords points="310,877 1435,866 1507,827 309,817"/>
                <Baseline points="317,854 376,854 435,854 494,854 553,854 612,853 671,853 730,852 789,851 848,851 908,850 967,850 1026,849 1085,848 1144,847 1203,847 1262,846 1321,846 1380,846 1439,846 1499,845"/>
                <TextEquiv>
                    <Unicode>spielten Nacht ein junges Weib eingefangen, das er überfiel,</Unicode>
                </TextEquiv>
            </TextLine>
            <TextLine id="r1l16" custom="readingOrder {index:15;}">
                <Coords points="303,908 1512,914 1512,848 303,880"/>
                <Baseline points="312,904 371,904 431,903 490,903 550,902 610,902 669,902 729,901 789,901 848,900 908,900 968,899 1027,899 1087,898 1147,898 1206,898 1266,897 1326,897 1385,897 1445,897 1505,896"/>
                <TextEquiv>
                    <Unicode>als es einer liebessüchtigen Mondnacht zum Opfer fiel, in</Unicode>
                </TextEquiv>
            </TextLine>
            <TextLine id="r1l17" custom="readingOrder {index:16;}">
                <Coords points="301,963 1507,953 1507,912 1448,901 301,911"/>
                <Baseline points="310,954 369,954 428,954 488,953 547,953 607,952 666,952 726,951 785,950 845,950 904,949 963,948 1023,947 1082,947 1142,946 1201,946 1261,945 1320,945 1380,945 1439,945 1499,945"/>
                <TextEquiv>
                    <Unicode>der es auf den Geliebten wartete. Und geile Lump glaubte die</Unicode>
                </TextEquiv>
            </TextLine>
            <TextLine id="r1l18" custom="readingOrder {index:17;}">
                <Coords points="301,1015 1510,1007 1443,952 301,976"/>
                <Baseline points="310,1003 369,1003 429,1004 488,1004 548,1004 608,1003 667,1003 727,1002 787,1001 846,1000 906,999 966,999 1025,998 1085,997 1145,996 1204,995 1264,995 1324,994 1383,994 1443,994 1503,994"/>
                <TextEquiv>
                    <Unicode>lers wichtige Frage darum: Der geile Lump glaubte die</Unicode>
                </TextEquiv>
            </TextLine>
            <TextLine id="r1l19" custom="readingOrder {index:18;}">
                <Coords points="310,1067 1474,1058 1514,1010 309,1017"/>
                <Baseline points="317,1052 376,1052 435,1052 495,1052 554,1051 614,1051 673,1050 733,1050 792,1049 852,1048 911,1048 970,1047 1030,1046 1089,1045 1149,1045 1208,1044 1268,1044 1327,1044 1387,1044 1446,1044 1506,1044"/>
                <TextEquiv>
                    <Unicode>Freundin zu besitzen, wer ist nun der Geprellte? Die ihn</Unicode>
                </TextEquiv>
            </TextLine>
            <TextLine id="r1l20" custom="readingOrder {index:19;}">
                <Coords points="307,1115 1505,1102 1465,1055 307,1067"/>
                <Baseline points="315,1100 374,1101 433,1101 492,1101 551,1101 610,1100 669,1100 728,1099 787,1099 846,1098 906,1097 965,1097 1024,1096 1083,1095 1142,1095 1201,1095 1260,1094 1319,1094 1378,1094 1437,1094 1497,1095"/>
                <TextEquiv>
                    <Unicode>erwartete und die er zu besitzen glaubte, oder die er besaß,</Unicode>
                </TextEquiv>
            </TextLine>
            <TextLine id="r1l21" custom="readingOrder {index:20;}">
                <Coords points="299,1161 1463,1161 1512,1103 298,1120"/>
                <Baseline points="306,1152 365,1151 425,1150 485,1150 545,1149 605,1148 665,1148 725,1147 785,1147 845,1146 905,1146 964,1145 1024,1145 1084,1144 1144,1144 1204,1144 1264,1144 1324,1144 1384,1144 1444,1144 1504,1144"/>
                <TextEquiv>
                    <Unicode>weil er sie nicht erkannte. Natürlich dreht der gewissenlose</Unicode>
                </TextEquiv>
            </TextLine>
            <TextLine id="r1l22" custom="readingOrder {index:21;}">
                <Coords points="306,1208 1400,1188 1443,1219 1513,1163 305,1157"/>
                <Baseline points="313,1202 372,1202 432,1201 491,1201 551,1200 611,1200 670,1199 730,1199 790,1198 849,1198 909,1197 969,1197 1028,1196 1088,1196 1148,1196 1207,1195 1267,1194 1327,1194 1386,1193 1446,1192 1506,1192"/>
                <TextEquiv>
                    <Unicode>Schlaukopf die Frage schließlich so, daß eigentlich er der Be¬</Unicode>
                </TextEquiv>
            </TextLine>
            <TextLine id="r1l23" custom="readingOrder {index:22;}">
                <Coords points="304,1267 907,1246 1095,1270 1181,1225 1077,1197 799,1228 521,1195 303,1221"/>
                <Baseline points="312,1247 355,1248 398,1248 441,1248 484,1249 527,1249 570,1249 613,1248 656,1248 699,1248 742,1247 785,1247 828,1246 871,1246 914,1245 957,1245 1000,1244 1043,1244 1086,1244 1129,1244 1172,1244"/>
                <TextEquiv>
                    <Unicode>trogene sei, weil er keine von beiden besaß.</Unicode>
                </TextEquiv>
            </TextLine>
            <TextLine id="r1l24" custom="readingOrder {index:23;}">
                <Coords points="410,1308 1478,1305 1503,1264 410,1265"/>
                <Baseline points="418,1296 471,1296 525,1296 579,1296 633,1297 687,1297 741,1297 795,1297 849,1296 903,1296 957,1296 1010,1296 1064,1296 1118,1295 1172,1295 1226,1294 1280,1294 1334,1294 1388,1293 1442,1292 1496,1292"/>
                <TextEquiv>
                    <Unicode>Ein Spiel mit Worten, wie man sieht, zierlich ge¬</Unicode>
                </TextEquiv>
            </TextLine>
            <TextLine id="r1l25" custom="readingOrder {index:24;}">
                <Coords points="301,1354 1467,1357 1511,1293 301,1330"/>
                <Baseline points="309,1351 368,1350 428,1349 488,1348 547,1347 607,1347 667,1346 726,1346 786,1346 846,1346 906,1345 965,1345 1025,1345 1085,1344 1144,1344 1204,1343 1264,1343 1323,1342 1383,1340 1443,1339 1503,1337"/>
                <TextEquiv>
                    <Unicode>rubert und watteauisch gefärbt, inhaltslos, manchmal bereits</Unicode>
                </TextEquiv>
            </TextLine>
            <TextLine id="r1l26" custom="readingOrder {index:25;}">
                <Coords points="302,1403 1463,1404 1515,1351 301,1354"/>
                <Baseline points="309,1404 368,1402 428,1400 488,1399 548,1398 608,1397 668,1396 728,1396 788,1396 848,1396 908,1395 967,1395 1027,1395 1087,1395 1147,1394 1207,1394 1267,1393 1327,1392 1387,1390 1447,1388 1507,1386"/>
                <TextEquiv>
                    <Unicode>gefährlich langweilig, weil gar zu viel geredet wird und nichts</Unicode>
                </TextEquiv>
            </TextLine>
            <TextLine id="r1l27" custom="readingOrder {index:26;}">
                <Coords points="305,1467 1514,1447 1513,1408 1368,1393 304,1429"/>
                <Baseline points="313,1454 372,1453 432,1452 491,1451 551,1450 611,1449 670,1448 730,1448 789,1447 849,1447 909,1446 968,1446 1028,1445 1087,1445 1147,1444 1207,1444 1266,1444 1326,1443 1385,1443 1445,1442 1505,1442"/>
                <TextEquiv>
                    <Unicode>getan. Zuletzt scheints fast, als fühlte der Dichter selbst die</Unicode>
                </TextEquiv>
            </TextLine>
            <TextLine id="r1l28" custom="readingOrder {index:27;}">
                <Coords points="306,1505 1358,1514 1507,1498 1507,1444 306,1465"/>
                <Baseline points="314,1499 373,1498 432,1498 491,1497 551,1497 610,1497 669,1496 728,1496 788,1495 847,1495 906,1495 965,1495 1025,1494 1084,1494 1143,1494 1202,1494 1262,1493 1321,1493 1380,1493 1439,1493 1499,1492"/>
                <TextEquiv>
                    <Unicode>Schwäche seiner dramatischen Argumentation, denn er schwätzt</Unicode>
                </TextEquiv>
            </TextLine>
            <TextLine id="r1l29" custom="readingOrder {index:28;}">
                <Coords points="302,1566 1295,1564 1514,1526 1284,1488 751,1518 301,1489"/>
                <Baseline points="309,1550 368,1550 428,1549 488,1549 548,1548 608,1548 667,1547 727,1547 787,1546 847,1545 907,1545 966,1544 1026,1543 1086,1543 1146,1543 1206,1542 1265,1542 1325,1542 1385,1542 1445,1542 1505,1542"/>
                <TextEquiv>
                    <Unicode>plätschernd darauf los, um Schlußstimmung zu schaffen. Sie</Unicode>
                </TextEquiv>
            </TextLine>
            <TextLine id="r1l30" custom="readingOrder {index:29;}">
                <Coords points="310,1605 1406,1609 1507,1555 309,1570"/>
                <Baseline points="318,1600 377,1600 436,1600 495,1600 554,1600 613,1600 672,1599 731,1598 790,1598 849,1597 909,1596 968,1595 1027,1594 1086,1594 1145,1593 1204,1592 1263,1591 1322,1591 1381,1590 1440,1590 1500,1590"/>
                <TextEquiv>
                    <Unicode>will sich aber nicht einstellen und die ganze Chose endet mit</Unicode>
                </TextEquiv>
            </TextLine>
            <TextLine id="r1l31" custom="readingOrder {index:30;}">
                <Coords points="306,1651 1514,1643 1420,1594 306,1604"/>
                <Baseline points="314,1650 373,1650 433,1650 492,1650 552,1650 612,1649 671,1649 731,1648 790,1647 850,1646 910,1645 969,1645 1029,1644 1088,1643 1148,1643 1208,1643 1267,1642 1327,1642 1386,1642 1446,1643 1506,1644"/>
                <TextEquiv>
                    <Unicode>einer beinahe lächerlich wirkenden moralischen Wendung, die</Unicode>
                </TextEquiv>
            </TextLine>
            <TextLine id="r1l32" custom="readingOrder {index:31;}">
                <Coords points="307,1721 1519,1713 1518,1660 1477,1653 306,1651"/>
                <Baseline points="314,1700 373,1700 433,1700 493,1700 553,1699 613,1699 673,1698 732,1698 792,1697 852,1697 912,1696 972,1696 1032,1695 1092,1695 1151,1694 1211,1693 1271,1693 1331,1692 1391,1692 1451,1692 1511,1691"/>
                <TextEquiv>
                    <Unicode>dem lasziven Stückchen ansteht, wie ein Vorhemdchen einem</Unicode>
                </TextEquiv>
            </TextLine>
            <TextLine id="r1l33" custom="readingOrder {index:32;}">
                <Coords points="307,1764 1478,1754 1519,1713 307,1721"/>
                <Baseline points="315,1749 374,1750 434,1750 494,1750 554,1749 614,1749 673,1749 733,1748 793,1748 853,1747 913,1746 972,1746 1032,1745 1092,1745 1152,1744 1212,1743 1271,1743 1331,1742 1391,1742 1451,1742 1511,1741"/>
                <TextEquiv>
                    <Unicode>Schweinchen. Halten zu Gnaden Herr Dichter! Aber wenn</Unicode>
                </TextEquiv>
            </TextLine>
            <TextLine id="r1l34" custom="readingOrder {index:33;}">
                <Coords points="309,1803 1428,1811 1512,1764 309,1776"/>
                <Baseline points="318,1803 377,1802 436,1800 495,1800 555,1798 614,1798 673,1797 733,1796 792,1796 851,1795 911,1795 970,1795 1029,1794 1088,1794 1148,1794 1207,1794 1266,1794 1326,1794 1385,1794 1444,1794 1504,1794"/>
                <TextEquiv>
                    <Unicode>man durch drei Akte so starke Dinge sagt, wie sie die graziöse</Unicode>
                </TextEquiv>
            </TextLine>
            <TextLine id="r1l35" custom="readingOrder {index:34;}">
                <Coords points="299,1863 1527,1847 1340,1795 298,1794"/>
                <Baseline points="307,1853 367,1852 428,1850 488,1849 549,1848 610,1847 670,1847 731,1846 791,1846 852,1846 913,1846 973,1845 1034,1845 1094,1845 1155,1845 1216,1845 1276,1845 1337,1845 1397,1844 1458,1844 1519,1843"/>
                <TextEquiv>
                    <Unicode>verlumpte Bande plappert, die uns da vorgeführt wird, dann</Unicode>
                </TextEquiv>
            </TextLine>
            <TextLine id="r1l36" custom="readingOrder {index:35;}">
                <Coords points="300,1891 392,1922 1520,1901 1472,1848 300,1864"/>
                <Baseline points="308,1902 368,1902 428,1901 488,1901 548,1900 609,1900 669,1899 729,1898 789,1897 849,1896 910,1895 970,1894 1030,1893 1090,1893 1150,1892 1211,1892 1271,1892 1331,1892 1391,1892 1451,1893 1512,1894"/>
                <TextEquiv>
                    <Unicode>Inimmt sich der Ruf der wiederkehrenden Geliebten ungefähr</Unicode>
                </TextEquiv>
            </TextLine>
            <TextLine id="r1l37" custom="readingOrder {index:36;}">
                <Coords points="293,1971 1521,1932 1191,1900 402,1927 292,1891"/>
                <Baseline points="301,1953 361,1952 422,1951 482,1950 543,1949 603,1948 664,1947 724,1947 785,1946 845,1946 906,1945 967,1945 1027,1944 1088,1944 1148,1943 1209,1943 1269,1943 1330,1942 1390,1942 1451,1942 1512,1941"/>
                <TextEquiv>
                    <Unicode>faus, wie das „pstl pst!“ gewisser Damen von der Kärntner¬</Unicode>
                </TextEquiv>
            </TextLine>
            <TextLine id="r1l38" custom="readingOrder {index:37;}">
                <Coords points="317,2015 1515,1994 1490,1937 1396,1978 1214,1938 317,1966"/>
                <Baseline points="325,2002 384,2001 443,2001 502,2000 561,2000 620,1999 679,1999 738,1999 797,1998 856,1998 916,1997 975,1997 1034,1997 1093,1996 1152,1995 1211,1995 1270,1994 1329,1993 1388,1992 1447,1991 1507,1989"/>
                <TextEquiv>
                    <Unicode>straße. Wenn man schon graue Haare kriegt, darf man nicht</Unicode>
                </TextEquiv>
            </TextLine>
            <TextLine id="r1l39" custom="readingOrder {index:38;}">
                <Coords points="307,2085 1516,2035 1504,1993 845,2031 306,1999"/>
                <Baseline points="315,2054 374,2053 434,2051 493,2050 553,2050 613,2049 672,2048 732,2048 792,2047 851,2047 911,2047 971,2046 1030,2046 1090,2046 1150,2045 1209,2045 1269,2044 1329,2043 1388,2042 1448,2041 1508,2040"/>
                <TextEquiv>
                    <Unicode>mit Moral scherzen. Man gerät in Gefahr, nicht ernst ge¬</Unicode>
                </TextEquiv>
            </TextLine>
            <TextLine id="r1l40" custom="readingOrder {index:39;}">
                <Coords points="308,2104 1457,2112 1522,2087 1522,2033 308,2084"/>
                <Baseline points="317,2103 376,2101 436,2100 496,2100 556,2099 616,2098 676,2098 735,2097 795,2097 855,2096 915,2096 975,2096 1035,2095 1095,2095 1154,2095 1214,2094 1274,2094 1334,2094 1394,2093 1454,2092 1514,2092"/>
                <TextEquiv>
                    <Unicode>nommen zu werden. Der gereifte Dichter muß zugreifen, nicht</Unicode>
                </TextEquiv>
            </TextLine>
            <TextLine id="r1l41" custom="readingOrder {index:40;}">
                <Coords points="308,2170 1421,2169 1517,2146 1517,2087 785,2130 745,2099 308,2104"/>
                <Baseline points="317,2150 376,2149 436,2148 495,2147 555,2147 615,2147 674,2147 734,2147 794,2147 853,2147 913,2148 973,2148 1032,2148 1092,2148 1152,2147 1211,2147 1271,2146 1331,2145 1390,2143 1450,2141 1510,2139"/>
                <TextEquiv>
                    <Unicode>tändeln. Besser daneben greifen, als nichtssagende Fingerser¬</Unicode>
                </TextEquiv>
            </TextLine>
            <TextLine id="r1l42" custom="readingOrder {index:41;}">
                <Coords points="307,2223 321,2222 329,2214 345,2217 362,2212 370,2217 388,2204 397,2208 404,2202 445,2213 462,2206 462,2170 441,2173 418,2156 379,2163 356,2158 338,2164 321,2153 306,2157"/>
                <Baseline points="314,2195 342,2196 370,2195 398,2194 426,2194 455,2196"/>
                <TextEquiv>
                    <Unicode>tigkeit.</Unicode>
                </TextEquiv>
            </TextLine>
            <TextLine id="r1l43" custom="readingOrder {index:42;}">
                <Coords points="410,2246 1471,2266 1515,2205 409,2203"/>
                <Baseline points="418,2253 472,2255 526,2257 581,2258 635,2258 690,2258 744,2257 799,2256 853,2255 908,2254 962,2252 1016,2251 1071,2249 1125,2248 1180,2247 1234,2247 1289,2247 1343,2247 1398,2249 1452,2250 1507,2254"/>
                <TextEquiv>
                    <Unicode>Graziöser Dialog, geistreiche Wendungen weist auch dieses</Unicode>
                </TextEquiv>
            </TextLine>
            <TextLine id="r1l44" custom="readingOrder {index:43;}">
                <Coords points="304,2321 1513,2310 1513,2266 1416,2254 304,2260"/>
                <Baseline points="312,2307 371,2306 431,2306 490,2305 550,2304 610,2304 669,2303 729,2303 789,2303 848,2302 908,2302 968,2302 1027,2301 1087,2301 1147,2301 1206,2300 1266,2300 1326,2299 1385,2298 1445,2298 1505,2297"/>
                <TextEquiv>
                    <Unicode>Stück auf, zu plaudern verstand Schnitzler ja immer. Aber</Unicode>
                </TextEquiv>
            </TextLine>
            <TextLine id="r1l45" custom="readingOrder {index:44;}">
                <Coords points="309,2381 1509,2350 1508,2312 1454,2307 309,2323"/>
                <Baseline points="317,2354 376,2355 435,2355 494,2356 553,2356 612,2356 671,2356 731,2356 790,2355 849,2355 908,2354 967,2353 1026,2353 1085,2352 1145,2351 1204,2350 1263,2349 1322,2348 1381,2348 1440,2347 1500,2346"/>
                <TextEquiv>
                    <Unicode>man geht unbefriedigt don dannen, weil man sich von sei¬</Unicode>
                </TextEquiv>
            </TextLine>
            <TextLine id="r1l46" custom="readingOrder {index:45;}">
                <Coords points="309,2402 1509,2407 1496,2347 309,2358"/>
                <Baseline points="317,2405 376,2406 435,2406 494,2406 553,2405 613,2405 672,2405 731,2405 790,2405 849,2404 909,2404 968,2403 1027,2402 1086,2402 1145,2401 1205,2400 1264,2399 1323,2398 1382,2396 1441,2395 1501,2394"/>
                <TextEquiv>
                    <Unicode>nem oft verherrlichten Namen und von der starken Reklame</Unicode>
                </TextEquiv>
            </TextLine>
            <TextLine id="r1l47" custom="readingOrder {index:46;}">
                <Coords points="309,2451 1521,2448 1511,2389 1403,2429 308,2400"/>
                <Baseline points="317,2457 376,2457 436,2457 496,2457 556,2457 616,2457 675,2456 735,2456 795,2455 855,2454 915,2453 974,2452 1034,2452 1094,2451 1154,2450 1214,2449 1273,2448 1333,2447 1393,2446 1453,2445 1513,2444"/>
                <TextEquiv>
                    <Unicode>mehr versprach. Die Heiterkeit, welche das hübsche Wort aus¬</Unicode>
                </TextEquiv>
            </TextLine>
            <TextLine id="r1l48" custom="readingOrder {index:47;}">
                <Coords points="308,2518 1523,2520 1505,2446 307,2451"/>
                <Baseline points="316,2510 379,2509 442,2509 505,2507 568,2506 631,2506 694,2505 757,2504 820,2503 883,2502 947,2501 1010,2500 1073,2500 1136,2499 1199,2499 1262,2498 1325,2498 1388,2498 1451,2498 1515,2498"/>
                <TextEquiv>
                    <Unicode>löst, ist noch kein Erfolg, noch weniger aber ein Ehrenzeichen</Unicode>
                </TextEquiv>
            </TextLine>
            <TextLine id="r1l49" custom="readingOrder {index:48;}">
                <Coords points="303,2582 1464,2567 1518,2508 302,2520"/>
                <Baseline points="310,2560 370,2558 430,2556 490,2555 550,2553 610,2552 670,2552 730,2551 790,2550 850,2550 910,2550 970,2549 1030,2549 1090,2549 1150,2549 1210,2548 1270,2548 1330,2548 1390,2547 1450,2547 1510,2546"/>
                <TextEquiv>
                    <Unicode>für den wirklichen Dichter. Schnitzler hat immer den großen</Unicode>
                </TextEquiv>
            </TextLine>
            <TextLine id="r1l50" custom="readingOrder {index:49;}">
                <Coords points="311,2614 1321,2595 1522,2628 1484,2561 1362,2553 310,2577"/>
                <Baseline points="319,2609 378,2608 438,2606 498,2605 557,2604 617,2603 677,2602 736,2601 796,2600 856,2600 916,2599 975,2599 1035,2598 1095,2598 1154,2598 1214,2598 1274,2598 1333,2597 1393,2597 1453,2597 1513,2597"/>
                <TextEquiv>
                    <Unicode>Fehler gezeigt, hübsche Redewendungen über starke Gedanken</Unicode>
                </TextEquiv>
            </TextLine>
            <TextLine id="r1l51" custom="readingOrder {index:50;}">
                <Coords points="300,2659 1367,2664 1509,2621 300,2631"/>
                <Baseline points="309,2660 368,2659 428,2659 487,2658 547,2658 607,2657 666,2656 726,2655 785,2654 845,2653 905,2653 964,2652 1024,2651 1083,2650 1143,2650 1203,2649 1262,2648 1322,2648 1381,2648 1441,2647 1501,2647"/>
                <TextEquiv>
                    <Unicode>zu stellen, er darf sich nicht wundern, wenn man sich ent¬</Unicode>
                </TextEquiv>
            </TextLine>
            <TextLine id="r1l52" custom="readingOrder {index:51;}">
                <Coords points="295,2694 402,2731 1524,2688 1476,2653 295,2678"/>
                <Baseline points="303,2711 363,2708 424,2707 484,2706 545,2704 606,2704 666,2703 727,2702 787,2702 848,2702 909,2702 969,2701 1030,2701 1090,2701 1151,2701 1212,2700 1272,2700 1333,2699 1393,2698 1454,2697 1515,2695"/>
                <TextEquiv>
                    <Unicode>täuscht abwendet und bedauert, daß er wieder einmal zu Gast!</Unicode>
                </TextEquiv>
            </TextLine>
            <TextLine id="r1l53" custom="readingOrder {index:52;}">
                <Coords points="314,2777 1514,2755 1513,2707 1384,2702 314,2725"/>
                <Baseline points="322,2759 381,2758 440,2757 499,2756 558,2755 617,2754 676,2753 736,2753 795,2752 854,2751 913,2750 972,2749 1031,2749 1090,2748 1150,2748 1209,2747 1268,2747 1327,2747 1386,2747 1445,2747 1505,2747"/>
                <TextEquiv>
                    <Unicode>lud, ohne zu befriedigen, wenn man kopfschüttelnd meint, er</Unicode>
                </TextEquiv>
            </TextLine>
            <TextLine id="r1l54" custom="readingOrder {index:53;}">
                <Coords points="303,2805 1407,2810 1497,2803 1515,2757 302,2775"/>
                <Baseline points="310,2808 369,2807 429,2806 489,2805 549,2804 609,2803 669,2803 728,2802 788,2802 848,2801 908,2801 968,2800 1028,2800 1088,2800 1147,2800 1207,2800 1267,2799 1327,2799 1387,2799 1447,2799 1507,2799"/>
                <TextEquiv>
                    <Unicode>werde „das Stück“ wohl niemals schreiben. Vielleicht spornt</Unicode>
                </TextEquiv>
            </TextLine>
            <TextLine id="r1l55" custom="readingOrder {index:54;}">
                <Coords points="314,2860 1519,2877 1505,2797 314,2823"/>
                <Baseline points="322,2860 381,2859 440,2858 500,2857 559,2856 619,2855 678,2855 738,2854 797,2854 857,2853 916,2853 975,2853 1035,2852 1094,2852 1154,2851 1213,2851 1273,2850 1332,2849 1392,2848 1451,2847 1511,2846"/>
                <TextEquiv>
                    <Unicode>ihn das an, sich doch noch zu bemühen, sein mit den Anfängen</Unicode>
                </TextEquiv>
            </TextLine>
            <TextLine id="r1l56" custom="readingOrder {index:55;}">
                <Coords points="313,2922 393,2929 526,2898 593,2918 639,2896 712,2923 879,2912 879,2880 803,2862 644,2878 599,2861 521,2876 313,2864"/>
                <Baseline points="322,2910 349,2907 376,2905 404,2905 431,2903 459,2902 486,2902 514,2902 541,2901 569,2902 596,2902 623,2902 651,2902 678,2902 706,2903 733,2903 761,2903 788,2903 816,2903 843,2902 871,2902"/>
                <TextEquiv>
                    <Unicode>gegebenes Wort einzulösen.</Unicode>
                </TextEquiv>
            </TextLine>
            <TextLine id="r1l57" custom="readingOrder {index:56;}">
                <Coords points="432,2961 1391,2945 1523,2981 1494,2901 432,2917"/>
                <Baseline points="439,2950 492,2952 546,2953 600,2954 654,2954 708,2955 761,2955 815,2955 869,2954 923,2954 977,2953 1030,2953 1084,2952 1138,2952 1192,2951 1246,2950 1299,2950 1353,2950 1407,2950 1461,2950 1515,2950"/>
                <TextEquiv>
                    <Unicode>Die Aufführung zählt nicht zu den besten. Vor allem</Unicode>
                </TextEquiv>
            </TextLine>
            <TextLine id="r1l58" custom="readingOrder {index:57;}">
                <Coords points="307,3021 1512,3002 1500,2952 461,2976 307,2947"/>
                <Baseline points="316,3006 375,3004 434,3004 494,3003 553,3002 612,3002 672,3002 731,3002 790,3001 850,3001 909,3001 968,3001 1028,3001 1087,3001 1146,3000 1206,3000 1265,2999 1324,2998 1384,2997 1443,2996 1503,2994"/>
                <TextEquiv>
                    <Unicode>fehlt Herrn Treßler für den klassisch gewordenen Herzens¬</Unicode>
                </TextEquiv>
            </TextLine>
            <TextLine id="r1l59" custom="readingOrder {index:58;}">
                <Coords points="313,3069 1509,3067 1521,2999 312,3019"/>
                <Baseline points="320,3054 379,3054 439,3053 498,3053 558,3053 618,3053 677,3053 737,3052 797,3052 856,3052 916,3052 976,3051 1035,3051 1095,3051 1155,3050 1214,3050 1274,3049 1334,3049 1393,3048 1453,3047 1513,3047"/>
                <TextEquiv>
                    <Unicode>brecher die süße Liebenswürdigkeit Waldens, dem wohl die</Unicode>
                </TextEquiv>
            </TextLine>
            <TextLine id="r1l60" custom="readingOrder {index:59;}">
                <Coords points="306,3099 1450,3112 1511,3064 305,3077"/>
                <Baseline points="314,3108 373,3106 433,3105 492,3104 552,3103 611,3103 671,3102 730,3102 790,3101 849,3101 909,3100 968,3100 1028,3100 1087,3099 1147,3099 1206,3099 1266,3099 1325,3099 1385,3099 1444,3098 1504,3098"/>
                <TextEquiv>
                    <Unicode>Rolle auf den Leib geschrieben wurde. Treßler ist mehr Ca¬</Unicode>
                </TextEquiv>
            </TextLine>
            <TextLine id="r1l61" custom="readingOrder {index:60;}">
                <Coords points="303,3164 1431,3170 1516,3148 1516,3091 302,3118"/>
                <Baseline points="311,3159 370,3158 430,3157 490,3157 550,3156 610,3156 670,3155 730,3155 790,3154 850,3154 910,3153 969,3153 1029,3153 1089,3152 1149,3151 1209,3151 1269,3150 1329,3150 1389,3149 1449,3148 1509,3147"/>
                <TextEquiv>
                    <Unicode>gliostro, wie Casanova, zu schwer für so viel Leichtlebigkeit.</Unicode>
                </TextEquiv>
            </TextLine>
            <TextLine id="r1l62" custom="readingOrder {index:61;}">
                <Coords points="320,3216 1521,3195 1486,3157 320,3167"/>
                <Baseline points="328,3208 387,3208 446,3208 505,3207 565,3207 624,3206 683,3206 743,3205 802,3204 861,3204 921,3203 980,3203 1039,3202 1098,3202 1158,3201 1217,3201 1276,3200 1336,3200 1395,3200 1454,3200 1514,3200"/>
                <TextEquiv>
                    <Unicode>Frl. Aknay, auffallend hübsch in der kleidsamen Tracht, auch</Unicode>
                </TextEquiv>
            </TextLine>
            <TextLine id="r1l63" custom="readingOrder {index:62;}">
                <Coords points="315,3264 1161,3243 1522,3279 1521,3203 314,3216"/>
                <Baseline points="322,3257 381,3257 441,3257 500,3257 560,3256 620,3256 679,3255 739,3254 798,3254 858,3253 918,3252 977,3251 1037,3251 1096,3250 1156,3249 1216,3249 1275,3248 1335,3248 1394,3248 1454,3248 1514,3248"/>
                <TextEquiv>
                    <Unicode>recht beredt in ihrer sinnigen Geste des Anfangs, verliert</Unicode>
                </TextEquiv>
            </TextLine>
            <TextLine id="r1l64" custom="readingOrder {index:63;}">
                <Coords points="325,3320 1510,3307 1481,3256 324,3262"/>
                <Baseline points="332,3311 390,3309 448,3308 507,3307 565,3306 624,3305 682,3305 741,3304 799,3304 858,3304 916,3303 974,3303 1033,3303 1091,3303 1150,3302 1208,3302 1267,3301 1325,3301 1384,3300 1442,3299 1501,3298"/>
                <TextEquiv>
                    <Unicode>später den festgehaltenen Faden und reißt ihn zu etzt wirkungs¬</Unicode>
                </TextEquiv>
            </TextLine>
            <TextLine id="r1l65" custom="readingOrder {index:64;}">
                <Coords points="316,3375 1521,3378 1521,3309 315,3322"/>
                <Baseline points="324,3359 383,3358 442,3357 502,3356 561,3355 621,3355 680,3354 740,3353 799,3352 859,3351 918,3350 977,3349 1037,3349 1096,3348 1156,3348 1215,3347 1275,3347 1334,3347 1394,3347 1453,3348 1513,3348"/>
                <TextEquiv>
                    <Unicode>los ab. Immerhin hat die junge Künstlerin hübsche Momente,</Unicode>
                </TextEquiv>
            </TextLine>
            <TextLine id="r1l66" custom="readingOrder {index:65;}">
                <Coords points="316,3409 1467,3417 1533,3409 1533,3342 316,3374"/>
                <Baseline points="325,3407 385,3407 445,3407 505,3406 565,3406 625,3405 685,3404 745,3403 805,3402 865,3401 925,3400 985,3400 1045,3399 1105,3399 1165,3398 1225,3399 1285,3399 1345,3400 1405,3401 1465,3402 1525,3404"/>
                <TextEquiv>
                    <Unicode>die für die Zukunft sogar vielsprechend si.d. Fr.</Unicode>
                </TextEquiv>
            </TextLine>
            <TextLine id="r1l67" custom="readingOrder {index:66;}">
                <Coords points="317,3454 1476,3467 1520,3414 317,3422"/>
                <Baseline points="326,3456 385,3455 444,3455 503,3455 563,3454 622,3454 681,3453 741,3453 800,3452 859,3452 919,3451 978,3451 1037,3450 1096,3450 1156,3450 1215,3450 1274,3450 1334,3450 1393,3450 1452,3450 1512,3451"/>
                <TextEquiv>
                    <Unicode>Albach-Retty spricht entzückend und ist auch in starken</Unicode>
                </TextEquiv>
            </TextLine>
            <TextLine id="r1l68" custom="readingOrder {index:67;}">
                <Coords points="308,3498 1525,3514 1524,3449 308,3476"/>
                <Baseline points="316,3508 376,3507 436,3506 496,3505 556,3504 616,3503 676,3503 736,3502 796,3502 856,3502 916,3502 976,3501 1036,3501 1096,3501 1156,3501 1216,3501 1276,3501 1336,3501 1396,3501 1456,3500 1517,3500"/>
                <TextEquiv>
                    <Unicode>Worten immer die graziöse Weltdame, der selbst das läster¬</Unicode>
                </TextEquiv>
            </TextLine>
            <TextLine id="r1l69" custom="readingOrder {index:68;}">
                <Coords points="320,3565 1453,3567 1522,3552 1522,3516 319,3505"/>
                <Baseline points="327,3556 386,3556 445,3556 505,3555 564,3555 624,3555 683,3555 742,3555 802,3554 861,3554 921,3554 980,3554 1039,3554 1099,3553 1158,3553 1218,3552 1277,3552 1336,3551 1396,3550 1455,3550 1515,3548"/>
                <TextEquiv>
                    <Unicode>hafte Wort ansteht. Herr Schott zeigt dankenswerte Grazie</Unicode>
                </TextEquiv>
            </TextLine>
            <TextLine id="r1l70" custom="readingOrder {index:69;}">
                <Coords points="315,3603 1365,3620 1533,3601 1533,3534 1438,3578 467,3558 315,3590"/>
                <Baseline points="322,3606 382,3605 442,3604 502,3602 562,3601 623,3601 683,3600 743,3600 803,3600 863,3599 924,3599 984,3599 1044,3599 1104,3600 1164,3600 1225,3600 1285,3601 1345,3601 1405,3602 1465,3602 1526,3603"/>
                <TextEquiv>
                    <Unicode>und leichtbewegliche Eleganz, Herr Danegger spricht gut</Unicode>
                </TextEquiv>
            </TextLine>
            <TextLine id="r1l71" custom="readingOrder {index:70;}">
                <Coords points="316,3660 1528,3669 1527,3610 1434,3604 315,3615"/>
                <Baseline points="324,3656 383,3656 443,3655 503,3655 563,3654 623,3653 682,3653 742,3652 802,3651 862,3651 922,3650 981,3649 1041,3649 1101,3648 1161,3648 1221,3648 1280,3648 1340,3648 1400,3649 1460,3649 1520,3650"/>
                <TextEquiv>
                    <Unicode>und Herr Heine opfert sich für einen nichtssagenden Rai¬</Unicode>
                </TextEquiv>
            </TextLine>
            <TextLine id="r1l72" custom="readingOrder {index:71;}">
                <Coords points="311,3717 1531,3724 1530,3668 1459,3655 310,3668"/>
                <Baseline points="319,3705 379,3706 439,3706 499,3706 559,3706 619,3706 679,3705 740,3704 800,3703 860,3702 920,3701 980,3700 1040,3699 1100,3698 1161,3698 1221,3697 1281,3697 1341,3698 1401,3699 1461,3700 1522,3702"/>
                <TextEquiv>
                    <Unicode>sonneur, der viel spricht. Sowie sich Frl. Marberg für eine</Unicode>
                </TextEquiv>
            </TextLine>
            <TextLine id="r1l73" custom="readingOrder {index:72;}">
                <Coords points="317,3756 1422,3767 1525,3709 317,3719"/>
                <Baseline points="326,3759 385,3757 445,3755 504,3753 564,3752 623,3751 683,3750 742,3750 802,3749 861,3749 921,3749 981,3749 1040,3749 1100,3749 1159,3749 1219,3749 1278,3749 1338,3749 1397,3749 1457,3749 1517,3749"/>
                <TextEquiv>
                    <Unicode>kurze, ebenso nichtssagende Kokottenrollé opfert. Im Grunde</Unicode>
                </TextEquiv>
            </TextLine>
            <TextLine id="r1l74" custom="readingOrder {index:73;}">
                <Coords points="314,3810 1523,3812 1523,3770 1364,3754 314,3760"/>
                <Baseline points="322,3807 381,3806 441,3805 500,3804 560,3803 620,3803 679,3802 739,3802 799,3802 858,3802 918,3801 978,3801 1037,3801 1097,3801 1157,3801 1216,3800 1276,3800 1336,3799 1395,3799 1455,3798 1515,3797"/>
                <TextEquiv>
                    <Unicode>haben sie alle nicht viel zu sagen, obzwar sie viel sprechen,</Unicode>
                </TextEquiv>
            </TextLine>
            <TextLine id="r1l75" custom="readingOrder {index:74;}">
                <Coords points="314,3866 1506,3860 1517,3807 314,3827"/>
                <Baseline points="322,3854 381,3854 440,3853 500,3853 559,3853 618,3853 678,3852 737,3852 796,3852 856,3851 915,3851 974,3851 1034,3850 1093,3850 1152,3850 1212,3849 1271,3849 1330,3849 1390,3849 1449,3849 1509,3849"/>
                <TextEquiv>
                    <Unicode>opfern sich alle für eine recht undankbare Aufgabe. Man hankte</Unicode>
                </TextEquiv>
            </TextLine>
            <TextLine id="r1l76" custom="readingOrder {index:75;}">
                <Coords points="314,3922 1453,3911 1515,3897 1515,3861 314,3871"/>
                <Baseline points="322,3904 381,3904 440,3904 499,3903 559,3903 618,3902 677,3902 736,3901 796,3901 855,3900 914,3900 973,3899 1033,3899 1092,3898 1151,3898 1210,3897 1270,3897 1329,3897 1388,3897 1447,3897 1507,3897"/>
                <TextEquiv>
                    <Unicode>ihnen, wofür sich Schnitzler bedankte und das Publikum ap¬</Unicode>
                </TextEquiv>
            </TextLine>
            <TextLine id="r1l77" custom="readingOrder {index:76;}">
                <Coords points="318,3959 1387,3961 1516,3914 318,3921"/>
                <Baseline points="326,3954 385,3953 444,3952 503,3951 562,3950 621,3950 680,3950 739,3949 798,3949 857,3949 916,3949 975,3949 1034,3949 1093,3949 1152,3949 1211,3949 1270,3949 1329,3948 1388,3947 1447,3947 1507,3945"/>
                <TextEquiv>
                    <Unicode>plaudierte lachend, weil es einsah, daß man es mit dem viel¬</Unicode>
                </TextEquiv>
            </TextLine>
            <TextLine id="r1l78" custom="readingOrder {index:77;}">
                <Coords points="317,4003 1532,4024 1532,3956 317,3960"/>
                <Baseline points="325,4000 385,4000 445,4000 505,3999 565,3999 625,3999 685,3999 745,3999 805,3999 865,3999 925,3999 985,3999 1045,3999 1105,3999 1165,3998 1225,3998 1285,3998 1345,3997 1405,3996 1465,3995 1525,3994"/>
                <TextEquiv>
                    <Unicode>verheißenden Titel eigentlich gefoppt hat. Bewundernswertes</Unicode>
                </TextEquiv>
            </TextLine>
            <TextLine id="r1l79" custom="readingOrder {index:78;}">
                <Coords points="319,4051 1522,4051 1522,4016 1379,4003 554,4032 319,4004"/>
                <Baseline points="327,4048 386,4049 445,4050 505,4050 564,4051 623,4051 683,4051 742,4051 801,4051 861,4051 920,4051 979,4050 1039,4050 1098,4050 1157,4050 1217,4050 1276,4049 1335,4049 1395,4050 1454,4050 1514,4050"/>
                <TextEquiv>
                    <Unicode>leistete der Garderobier in den kostbaren Roben und fein¬</Unicode>
                </TextEquiv>
            </TextLine>
            <TextLine id="r1l80" custom="readingOrder {index:79;}">
                <Coords points="311,4120 1462,4119 1517,4051 311,4082"/>
                <Baseline points="319,4103 378,4103 438,4103 497,4103 557,4103 616,4103 676,4103 735,4103 795,4102 854,4102 914,4102 973,4102 1033,4101 1092,4101 1152,4100 1211,4100 1271,4100 1330,4099 1390,4099 1449,4098 1509,4098"/>
                <TextEquiv>
                    <Unicode>gefalteten Jabots. Man glaubte sich bei Watteau zu Besuch</Unicode>
                </TextEquiv>
            </TextLine>
            <TextEquiv>
                <Unicode>
swöhnlich beim Jugendwerk märchenhafter Einbildung. Von
Schnit###erwartet man seit Jahren vergeblich den großen
Wurf, „das Stück“, das er uns noch schuldig ist. Was er uns
bringt, sind Worte, nichts als Wocte. Schöne Worte, zum
Teil auch geistvolle Worte. Abgz. Worte ohne Tat. Der
neueste Schnitzler#ist ein Schäferspiel. Im zierlich ziseli###ten
Casanovastil schreitet, nein, Rtänzelt es daher, in Perrücke und
Kniehosen, mit halben#hlösten Brüsten und laxer Moral,
lächelnd, wie ein, mter Scherz und wichtigtuend, wie eine
Weltweisheit. Obzwar keine solche dahintersteckt. Der alternde
Casanova hatssich in einer äußerlich vornehmen, innerlich
verlumpten Gesellschaft zusammengefunden, die eventuell auch
falsch spielt und mit Kokotten herumreist. Hat in einer ver¬
spielten Nacht ein junges Weib eingefangen, das er überfiel,
als es einer liebessüchtigen Mondnacht zum Opfer fiel, in
der es auf den Geliebten wartete. Und geile Lump glaubte die
lers wichtige Frage darum: Der geile Lump glaubte die
Freundin zu besitzen, wer ist nun der Geprellte? Die ihn
erwartete und die er zu besitzen glaubte, oder die er besaß,
weil er sie nicht erkannte. Natürlich dreht der gewissenlose
Schlaukopf die Frage schließlich so, daß eigentlich er der Be¬
trogene sei, weil er keine von beiden besaß.
Ein Spiel mit Worten, wie man sieht, zierlich ge¬
rubert und watteauisch gefärbt, inhaltslos, manchmal bereits
gefährlich langweilig, weil gar zu viel geredet wird und nichts
getan. Zuletzt scheints fast, als fühlte der Dichter selbst die
Schwäche seiner dramatischen Argumentation, denn er schwätzt
plätschernd darauf los, um Schlußstimmung zu schaffen. Sie
will sich aber nicht einstellen und die ganze Chose endet mit
einer beinahe lächerlich wirkenden moralischen Wendung, die
dem lasziven Stückchen ansteht, wie ein Vorhemdchen einem
Schweinchen. Halten zu Gnaden Herr Dichter! Aber wenn
man durch drei Akte so starke Dinge sagt, wie sie die graziöse
verlumpte Bande plappert, die uns da vorgeführt wird, dann
Inimmt sich der Ruf der wiederkehrenden Geliebten ungefähr
faus, wie das „pstl pst!“ gewisser Damen von der Kärntner¬
straße. Wenn man schon graue Haare kriegt, darf man nicht
mit Moral scherzen. Man gerät in Gefahr, nicht ernst ge¬
nommen zu werden. Der gereifte Dichter muß zugreifen, nicht
tändeln. Besser daneben greifen, als nichtssagende Fingerser¬
tigkeit.
Graziöser Dialog, geistreiche Wendungen weist auch dieses
Stück auf, zu plaudern verstand Schnitzler ja immer. Aber
man geht unbefriedigt don dannen, weil man sich von sei¬
nem oft verherrlichten Namen und von der starken Reklame
mehr versprach. Die Heiterkeit, welche das hübsche Wort aus¬
löst, ist noch kein Erfolg, noch weniger aber ein Ehrenzeichen
für den wirklichen Dichter. Schnitzler hat immer den großen
Fehler gezeigt, hübsche Redewendungen über starke Gedanken
zu stellen, er darf sich nicht wundern, wenn man sich ent¬
täuscht abwendet und bedauert, daß er wieder einmal zu Gast!
lud, ohne zu befriedigen, wenn man kopfschüttelnd meint, er
werde „das Stück“ wohl niemals schreiben. Vielleicht spornt
ihn das an, sich doch noch zu bemühen, sein mit den Anfängen
gegebenes Wort einzulösen.
Die Aufführung zählt nicht zu den besten. Vor allem
fehlt Herrn Treßler für den klassisch gewordenen Herzens¬
brecher die süße Liebenswürdigkeit Waldens, dem wohl die
Rolle auf den Leib geschrieben wurde. Treßler ist mehr Ca¬
gliostro, wie Casanova, zu schwer für so viel Leichtlebigkeit.
Frl. Aknay, auffallend hübsch in der kleidsamen Tracht, auch
recht beredt in ihrer sinnigen Geste des Anfangs, verliert
später den festgehaltenen Faden und reißt ihn zu etzt wirkungs¬
los ab. Immerhin hat die junge Künstlerin hübsche Momente,
die für die Zukunft sogar vielsprechend si.d. Fr.
Albach-Retty spricht entzückend und ist auch in starken
Worten immer die graziöse Weltdame, der selbst das läster¬
hafte Wort ansteht. Herr Schott zeigt dankenswerte Grazie
und leichtbewegliche Eleganz, Herr Danegger spricht gut
und Herr Heine opfert sich für einen nichtssagenden Rai¬
sonneur, der viel spricht. Sowie sich Frl. Marberg für eine
kurze, ebenso nichtssagende Kokottenrollé opfert. Im Grunde
haben sie alle nicht viel zu sagen, obzwar sie viel sprechen,
opfern sich alle für eine recht undankbare Aufgabe. Man hankte
ihnen, wofür sich Schnitzler bedankte und das Publikum ap¬
plaudierte lachend, weil es einsah, daß man es mit dem viel¬
verheißenden Titel eigentlich gefoppt hat. Bewundernswertes
leistete der Garderobier in den kostbaren Roben und fein¬
gefalteten Jabots. Man glaubte sich bei Watteau zu Besuch</Unicode>
            </TextEquiv>
        </TextRegion>
        <TextRegion orientation="0.0" id="r2" custom="readingOrder {index:1;}">
            <Coords points="1691,270 1691,4109 3098,4109 3098,270"/>
            <TextLine id="r2l1" custom="readingOrder {index:0;}">
                <Coords points="1915,285 2059,321 2145,279 2602,330 2943,308 2943,272 2872,241 2713,242 2569,196 2433,224 2372,275 2197,219 2152,248 2017,219 1915,244"/>
                <Baseline points="1923,292 1973,292 2024,292 2074,292 2125,293 2175,293 2226,293 2276,294 2327,295 2377,295 2428,296 2479,297 2529,297 2580,298 2630,299 2681,299 2731,300 2782,300 2832,300 2883,300 2934,300"/>
                <TextEquiv>
                    <Unicode>Aus dem Kunstleben.</Unicode>
                </TextEquiv>
            </TextLine>
            <TextLine id="r2l2" custom="readingOrder {index:1;}">
                <Coords points="1999,370 2110,393 2842,390 2842,339 2633,321 2310,351 1999,323"/>
                <Baseline points="2006,371 2047,373 2088,373 2130,374 2171,375 2213,375 2254,375 2295,375 2337,375 2378,375 2420,375 2461,375 2502,375 2544,375 2585,375 2627,375 2668,375 2709,376 2751,376 2792,377 2834,379"/>
                <TextEquiv>
                    <Unicode>Wochenschau auf Wiener Bühnen.</Unicode>
                </TextEquiv>
            </TextLine>
            <TextLine id="r2l3" custom="readingOrder {index:2;}">
                <Coords points="1941,435 2959,440 3018,426 3018,388 1941,392"/>
                <Baseline points="1949,425 2002,426 2055,426 2108,427 2161,428 2214,428 2267,429 2320,429 2373,429 2426,430 2480,430 2533,430 2586,430 2639,431 2692,431 2745,431 2798,431 2851,431 2904,430 2957,430 3011,430"/>
                <TextEquiv>
                    <Unicode>Die einzige Schauspielnenheit dieser Woche brachte das</Unicode>
                </TextEquiv>
            </TextLine>
            <TextLine id="r2l4" custom="readingOrder {index:3;}">
                <Coords points="1838,484 3010,496 3020,443 1838,425"/>
                <Baseline points="1845,472 1903,472 1961,473 2020,473 2078,474 2136,474 2195,475 2253,476 2311,476 2370,477 2428,477 2486,478 2545,478 2603,478 2661,478 2720,478 2778,478 2836,478 2895,477 2953,476 3012,475"/>
                <TextEquiv>
                    <Unicode>[Burgtheater, wo man Artur Schnitzlers Lustspiel</Unicode>
                </TextEquiv>
            </TextLine>
            <TextLine id="r2l5" custom="readingOrder {index:4;}">
                <Coords points="1842,552 3016,518 2841,474 1842,474"/>
                <Baseline points="1849,521 1906,521 1964,522 2022,522 2080,522 2138,522 2196,522 2254,522 2312,522 2370,521 2428,521 2485,521 2543,521 2601,521 2659,521 2717,521 2775,521 2833,521 2891,522 2949,522 3007,522"/>
                <TextEquiv>
                    <Unicode>„Die Schwestern“ aufführte. le###chlung viel</Unicode>
                </TextEquiv>
            </TextLine>
            <TextLine id="r2l6" custom="readingOrder {index:5;}">
                <Coords points="1845,572 2733,594 3008,573 3008,538 1845,540"/>
                <Baseline points="1853,568 1910,569 1967,569 2024,570 2082,570 2139,570 2196,570 2254,570 2311,570 2368,570 2426,570 2483,569 2540,569 2597,569 2655,569 2712,569 2769,569 2827,569 2884,569 2941,570 2999,570"/>
                <TextEquiv>
                    <Unicode>Worte zu verlieren, lohnt wirklich nicht der Mühe. Sie zeigt kei¬</Unicode>
                </TextEquiv>
            </TextLine>
            <TextLine id="r2l7" custom="readingOrder {index:6;}">
                <Coords points="1844,628 2923,636 3013,623 3013,560 2719,597 1844,595"/>
                <Baseline points="1852,615 1909,615 1967,616 2025,617 2082,617 2140,617 2198,617 2255,617 2313,617 2371,617 2429,616 2486,616 2544,616 2602,615 2659,615 2717,615 2775,615 2832,615 2890,615 2948,615 3006,616"/>
                <TextEquiv>
                    <Unicode>nerlei literarische Qualitäten und ihr) Thema — eine Liebes¬</Unicode>
                </TextEquiv>
            </TextLine>
            <TextLine id="r2l8" custom="readingOrder {index:7;}">
                <Coords points="1846,670 3004,673 2972,624 1846,627"/>
                <Baseline points="1854,664 1911,664 1968,664 2025,664 2082,664 2139,664 2196,664 2253,664 2310,663 2367,663 2425,663 2482,662 2539,662 2596,662 2653,662 2710,662 2767,662 2824,662 2881,663 2938,663 2996,664"/>
                <TextEquiv>
                    <Unicode>nacht, die der „berühmte“ Frauenjäger Casangya bei einer an¬</Unicode>
                </TextEquiv>
            </TextLine>
            <TextLine id="r2l9" custom="readingOrder {index:8;}">
                <Coords points="1841,723 3004,706 2813,666 1841,663"/>
                <Baseline points="1849,709 1906,710 1963,711 2021,711 2078,711 2135,711 2193,711 2250,711 2307,711 2365,711 2422,711 2479,711 2537,711 2594,710 2651,710 2709,710 2766,710 2823,709 2881,709 2938,709 2996,709"/>
                <TextEquiv>
                    <Unicode>dere: Geliebten zubringt, ass bei jener, der sein Besuch ver¬</Unicode>
                </TextEquiv>
            </TextLine>
            <TextLine id="r2l10" custom="readingOrder {index:9;}">
                <Coords points="1842,749 3013,775 3013,700 2881,730 1842,722"/>
                <Baseline points="1851,755 1908,755 1966,756 2024,756 2082,756 2139,757 2197,757 2255,758 2313,758 2370,758 2428,759 2486,759 2544,759 2601,759 2659,759 2717,759 2775,759 2832,759 2890,758 2948,758 3006,757"/>
                <TextEquiv>
                    <Unicode>meint war — ist so unerquicklich undganrüchig, daß das Stück</Unicode>
                </TextEquiv>
            </TextLine>
            <TextLine id="r2l11" custom="readingOrder {index:10;}">
                <Coords points="1841,797 3003,820 3003,785 2938,769 1841,778"/>
                <Baseline points="1849,803 1906,803 1963,803 2020,803 2078,803 2135,803 2192,803 2249,804 2307,804 2364,804 2421,804 2478,804 2536,804 2593,804 2650,804 2707,804 2765,805 2822,805 2879,805 2936,805 2994,805"/>
                <TextEquiv>
                    <Unicode>lediglich Empfindungen des Ekelscund Widerwillens wachzuru¬</Unicode>
                </TextEquiv>
            </TextLine>
            <TextLine id="r2l12" custom="readingOrder {index:11;}">
                <Coords points="1858,865 3000,851 2976,813 1858,811"/>
                <Baseline points="1865,850 1921,851 1977,852 2034,853 2090,853 2146,853 2203,853 2259,854 2315,854 2372,854 2428,853 2484,853 2541,853 2597,853 2653,853 2710,853 2766,853 2822,853 2879,853 2935,854 2992,854"/>
                <TextEquiv>
                    <Unicode>fen vermag. Es ist ganz unbegreiflich, daß das Burgtheater, das</Unicode>
                </TextEquiv>
            </TextLine>
            <TextLine id="r2l13" custom="readingOrder {index:12;}">
                <Coords points="1845,904 3008,915 3008,875 2946,859 1845,864"/>
                <Baseline points="1853,899 1910,899 1967,900 2025,900 2082,900 2139,900 2197,900 2254,900 2311,900 2369,900 2426,900 2483,900 2541,900 2598,900 2655,900 2713,900 2770,900 2827,900 2885,901 2942,901 3000,901"/>
                <TextEquiv>
                    <Unicode>unter seiner früheren Le###ng dem Ansinnen, dieses Stück auf¬</Unicode>
                </TextEquiv>
            </TextLine>
            <TextLine id="r2l14" custom="readingOrder {index:13;}">
                <Coords points="1847,955 3013,967 2978,905 1847,905"/>
                <Baseline points="1855,945 1912,945 1969,945 2027,945 2084,945 2142,945 2199,945 2257,945 2314,945 2372,946 2429,946 2486,946 2544,946 2601,946 2659,946 2716,947 2774,947 2831,947 2889,948 2946,948 3004,948"/>
                <TextEquiv>
                    <Unicode>zuführen, tapferen Werstand geleistet hat, nun doch danach</Unicode>
                </TextEquiv>
            </TextLine>
            <TextLine id="r2l15" custom="readingOrder {index:14;}">
                <Coords points="1845,993 2998,1009 2998,966 2865,948 1845,963"/>
                <Baseline points="1853,995 1909,994 1966,994 2023,994 2080,994 2137,994 2194,994 2250,994 2307,994 2364,995 2421,995 2478,995 2535,995 2592,995 2648,995 2705,995 2762,995 2819,994 2876,994 2933,993 2990,992"/>
                <TextEquiv>
                    <Unicode>griff. Allen Freunden dieser Bühne, allen Freunden des deut¬</Unicode>
                </TextEquiv>
            </TextLine>
            <TextLine id="r2l16" custom="readingOrder {index:15;}">
                <Coords points="1848,1044 3011,1054 3010,990 1848,1005"/>
                <Baseline points="1856,1040 1913,1041 1970,1041 2027,1041 2085,1041 2142,1042 2199,1042 2257,1042 2314,1042 2371,1041 2429,1041 2486,1041 2543,1041 2600,1041 2658,1041 2715,1040 2772,1040 2830,1040 2887,1040 2944,1040 3002,1039"/>
                <TextEquiv>
                    <Unicode>schen Theaters, allen reinlich denkenden Menschen, die von der</Unicode>
                </TextEquiv>
            </TextLine>
            <TextLine id="r2l17" custom="readingOrder {index:16;}">
                <Coords points="1844,1093 2995,1103 2972,1051 1844,1051"/>
                <Baseline points="1851,1085 1907,1087 1964,1088 2021,1089 2078,1090 2135,1090 2191,1090 2248,1090 2305,1090 2362,1089 2419,1089 2475,1089 2532,1088 2589,1088 2646,1088 2703,1088 2759,1089 2816,1090 2873,1091 2930,1092 2987,1095"/>
                <TextEquiv>
                    <Unicode>Sendung und den Aufgaben deutscher Schauspielkunst noch</Unicode>
                </TextEquiv>
            </TextLine>
            <TextLine id="r2l18" custom="readingOrder {index:17;}">
                <Coords points="3013,1129 3034,1127 3040,1130 3052,1116 3054,1118 3057,1116 3062,1121 3073,1120 3071,1083 3060,1086 3054,1083 3047,1086 3041,1093 3027,1095 3024,1099 3021,1097 3011,1098"/>
                <Baseline points="3021,1121 3065,1119"/>
                <TextEquiv>
                    <Unicode>1</Unicode>
                </TextEquiv>
            </TextLine>
            <TextLine id="r2l19" custom="readingOrder {index:18;}">
                <Coords points="1849,1145 2998,1144 2998,1103 2952,1098 1849,1094"/>
                <Baseline points="1857,1137 1913,1136 1970,1136 2026,1136 2083,1136 2140,1136 2196,1136 2253,1137 2310,1137 2366,1137 2423,1138 2480,1138 2536,1138 2593,1138 2650,1138 2706,1138 2763,1138 2820,1138 2876,1137 2933,1137 2990,1136"/>
                <TextEquiv>
                    <Unicode>irgendwie ideale Vorstellungen hegen, muß dieser Abend ein</Unicode>
                </TextEquiv>
            </TextLine>
            <TextLine id="r2l20" custom="readingOrder {index:19;}">
                <Coords points="1842,1183 3005,1196 3005,1143 1842,1148"/>
                <Baseline points="1849,1181 1906,1183 1963,1184 2021,1184 2078,1185 2135,1185 2193,1185 2250,1184 2307,1184 2365,1184 2422,1183 2479,1183 2537,1182 2594,1182 2651,1182 2709,1182 2766,1183 2823,1183 2881,1184 2938,1185 2996,1187"/>
                <TextEquiv>
                    <Unicode>Greuel gewesen sein. Erfoeulich an der Aufführung war einzig,</Unicode>
                </TextEquiv>
            </TextLine>
            <TextLine id="r2l21" custom="readingOrder {index:20;}">
                <Coords points="1838,1250 3001,1250 3015,1187 1838,1201"/>
                <Baseline points="1846,1230 1904,1231 1962,1232 2020,1232 2078,1232 2136,1232 2194,1232 2252,1231 2310,1231 2368,1230 2426,1230 2484,1229 2542,1229 2600,1229 2658,1229 2716,1229 2774,1230 2832,1231 2890,1232 2948,1234 3007,1236"/>
                <TextEquiv>
                    <Unicode>daß sie herzlich schwachen Beifall fand und daß sich selbst die</Unicode>
                </TextEquiv>
            </TextLine>
            <TextLine id="r2l22" custom="readingOrder {index:21;}">
                <Coords points="1849,1292 3003,1292 3003,1236 1849,1242"/>
                <Baseline points="1857,1281 1913,1280 1970,1280 2027,1279 2084,1279 2141,1278 2198,1278 2255,1278 2312,1278 2369,1278 2426,1278 2482,1278 2539,1278 2596,1278 2653,1278 2710,1278 2767,1279 2824,1279 2881,1280 2938,1280 2995,1281"/>
                <TextEquiv>
                    <Unicode>gleichrassigen Freunde des Dichters, die sonst jeden Anlaß be¬</Unicode>
                </TextEquiv>
            </TextLine>
            <TextLine id="r2l23" custom="readingOrder {index:22;}">
                <Coords points="1834,1328 2910,1351 2989,1342 2989,1275 1834,1292"/>
                <Baseline points="1843,1327 1899,1327 1956,1327 2013,1327 2070,1326 2127,1326 2184,1326 2241,1326 2298,1326 2355,1325 2412,1325 2468,1325 2525,1325 2582,1325 2639,1325 2696,1325 2753,1326 2810,1326 2867,1326 2924,1327 2981,1327"/>
                <TextEquiv>
                    <Unicode>nüten, ihm Huldigungn zuzujubeln, diesmal mit ihrer De</Unicode>
                </TextEquiv>
            </TextLine>
            <TextLine id="r2l24" custom="readingOrder {index:23;}">
                <Coords points="1846,1381 2990,1401 2963,1330 1846,1346"/>
                <Baseline points="1854,1373 1910,1374 1966,1374 2023,1374 2079,1374 2136,1374 2192,1374 2248,1373 2305,1373 2361,1372 2418,1372 2474,1371 2530,1371 2587,1371 2643,1371 2700,1370 2756,1371 2812,1371 2869,1371 2925,1372 2982,1373"/>
                <TextEquiv>
                    <Unicode>geisterung nicht hervorwagten, die den auch übel genug auf</Unicode>
                </TextEquiv>
            </TextLine>
            <TextLine id="r2l25" custom="readingOrder {index:24;}">
                <Coords points="1844,1415 2238,1425 2238,1383 2083,1391 2045,1378 2019,1393 1918,1394 1889,1380 1844,1391"/>
                <Baseline points="1853,1419 1878,1418 1903,1417 1928,1417 1953,1417 1979,1417 2004,1417 2029,1417 2054,1417 2079,1417 2105,1418 2130,1418 2155,1418 2180,1418 2205,1418 2231,1417"/>
                <TextEquiv>
                    <Unicode>Platze gewesen wäre.</Unicode>
                </TextEquiv>
            </TextLine>
            <TextLine id="r2l26" custom="readingOrder {index:25;}">
                <Coords points="2674,1431 2736,1432 2752,1423 2770,1432 2801,1419 2821,1430 2857,1424 2924,1433 2965,1418 2965,1384 2948,1394 2892,1384 2878,1399 2833,1380 2808,1392 2797,1383 2743,1392 2711,1380 2674,1383"/>
                <Baseline points="2682,1424 2707,1422 2732,1422 2757,1421 2782,1421 2807,1422 2832,1422 2857,1422 2882,1422 2907,1422 2932,1422 2957,1421"/>
                <TextEquiv>
                    <Unicode>Hofbiedeg.</Unicode>
                </TextEquiv>
            </TextLine>
            <TextLine id="r2l27" custom="readingOrder {index:26;}">
                <Coords points="2950,1470 2999,1476 3015,1467 3033,1469 3038,1462 3045,1466 3051,1458 3056,1462 3072,1459 3062,1378 3038,1378 3003,1396 2995,1391 2967,1425 2955,1418 2943,1421"/>
                <Baseline points="2954,1446 2980,1444 3007,1441 3034,1436 3061,1431"/>
                <TextEquiv>
                    <Unicode></Unicode>
                </TextEquiv>
            </TextLine>
            <TextLine id="r2l28" custom="readingOrder {index:27;}">
                <Coords points="2953,1543 2971,1542 2977,1547 2990,1543 2997,1550 3009,1544 3020,1549 3034,1541 3053,1544 3056,1474 3019,1480 3002,1473 2974,1488 2955,1483"/>
                <Baseline points="2961,1536 2989,1535 3017,1537 3045,1538"/>
                <TextEquiv>
                    <Unicode>—</Unicode>
                </TextEquiv>
            </TextLine>
            <TextLine id="r2l29" custom="readingOrder {index:28;}">
                <Coords points="1983,1573 3098,1618 3099,1564 2865,1526 2735,1521 2675,1561 2364,1508 2253,1538 1985,1505"/>
                <Baseline points="1992,1558 2049,1560 2107,1562 2165,1563 2223,1565 2281,1566 2339,1569 2396,1571 2454,1573 2512,1575 2570,1576 2628,1579 2686,1581 2743,1583 2801,1585 2859,1587 2917,1590 2975,1592 3033,1594 3091,1596"/>
                <TextEquiv>
                    <Unicode>In der vom Burgtheater vorbereitenden Auf¬</Unicode>
                </TextEquiv>
            </TextLine>
            <TextLine id="r2l30" custom="readingOrder {index:29;}">
                <Coords points="1821,1586 3106,1663 3108,1609 3027,1601 1821,1565"/>
                <Baseline points="1828,1596 1891,1600 1955,1604 2018,1607 2082,1610 2145,1613 2209,1615 2272,1617 2336,1620 2399,1622 2463,1623 2526,1625 2590,1628 2653,1630 2717,1632 2780,1634 2844,1636 2907,1639 2971,1642 3034,1644 3098,1648"/>
                <TextEquiv>
                    <Unicode>führung“ von Strindbergs „Königin Christine“ wird</Unicode>
                </TextEquiv>
            </TextLine>
            <TextLine id="r2l31" custom="readingOrder {index:30;}">
                <Coords points="1824,1681 2008,1652 2118,1680 2329,1661 2627,1695 2668,1680 2670,1641 1876,1601 1826,1620"/>
                <Baseline points="1834,1652 1875,1652 1916,1653 1958,1654 1999,1655 2040,1656 2082,1657 2123,1658 2164,1660 2206,1662 2247,1664 2288,1665 2330,1667 2371,1668 2412,1670 2454,1671 2495,1673 2536,1674 2578,1675 2619,1675 2661,1676"/>
                <TextEquiv>
                    <Unicode>Fyzu“Medelsky die Titelrolle spielen.</Unicode>
                </TextEquiv>
            </TextLine>
            <TextLine id="r2l32" custom="readingOrder {index:31;}">
                <Coords points="1947,1700 1957,1699 1958,1697 1968,1699 1969,1697 1977,1696 1971,1655 1962,1656 1961,1658 1956,1657 1950,1663 1942,1664"/>
                <Baseline points="1953,1689 1968,1687"/>
                <TextEquiv>
                    <Unicode>3</Unicode>
                </TextEquiv>
            </TextLine>
            <TextLine id="r2l33" custom="readingOrder {index:32;}">
                <Coords points="1994,1714 3005,1769 3089,1766 3091,1732 2858,1668 2394,1698 1996,1653"/>
                <Baseline points="2002,1707 2058,1712 2115,1717 2172,1721 2229,1724 2285,1726 2342,1728 2399,1729 2456,1730 2513,1732 2569,1733 2626,1734 2683,1735 2740,1737 2797,1739 2853,1741 2910,1744 2967,1748 3024,1752 3081,1758"/>
                <TextEquiv>
                    <Unicode>Artur Schnit#l#shat für die weie Aufführungen</Unicode>
                </TextEquiv>
            </TextLine>
            <TextLine id="r2l34" custom="readingOrder {index:33;}">
                <Coords points="1816,1752 2569,1812 3033,1815 3088,1767 1818,1717"/>
                <Baseline points="1824,1753 1886,1756 1949,1758 2012,1761 2075,1764 2137,1767 2200,1769 2263,1772 2326,1775 2388,1776 2451,1779 2514,1781 2577,1784 2639,1786 2702,1788 2765,1791 2828,1793 2890,1795 2953,1797 3016,1800 3079,1802"/>
                <TextEquiv>
                    <Unicode>seines neuen Lustspiels „Die Schwestgul### urgtheater aus</Unicode>
                </TextEquiv>
            </TextLine>
            <TextLine id="r2l35" custom="readingOrder {index:34;}">
                <Coords points="1817,1811 3079,1864 3090,1826 1819,1752"/>
                <Baseline points="1825,1797 1887,1800 1950,1804 2013,1807 2076,1811 2139,1813 2201,1816 2264,1819 2327,1821 2390,1824 2453,1826 2515,1828 2578,1831 2641,1833 2704,1835 2767,1838 2829,1840 2892,1843 2955,1845 3018,1848 3081,1850"/>
                <TextEquiv>
                    <Unicode>dem Verlauf der Premie##c wertvölle Erfahrung gezogen. Das</Unicode>
                </TextEquiv>
            </TextLine>
            <TextLine id="r2l36" custom="readingOrder {index:35;}">
                <Coords points="1822,1845 3008,1910 3096,1900 3098,1862 1823,1810"/>
                <Baseline points="1829,1844 1895,1848 1961,1852 2027,1855 2094,1858 2160,1862 2226,1865 2292,1868 2359,1871 2425,1874 2491,1876 2557,1879 2624,1882 2690,1885 2756,1887 2822,1890 2889,1893 2955,1896 3021,1899 3088,1902"/>
                <TextEquiv>
                    <Unicode>Stück wird nicht mehr ohne Pause gespielt. Vor dem Austritt</Unicode>
                </TextEquiv>
            </TextLine>
            <TextLine id="r2l37" custom="readingOrder {index:36;}">
                <Coords points="1812,1884 2346,1919 2381,1957 3079,1967 3082,1900 1813,1859"/>
                <Baseline points="1820,1891 1882,1896 1945,1900 2007,1904 2070,1908 2133,1911 2195,1914 2258,1918 2320,1920 2383,1923 2446,1925 2508,1927 2571,1930 2633,1932 2696,1935 2759,1938 2821,1940 2884,1943 2946,1946 3009,1949 3072,1952"/>
                <TextEquiv>
                    <Unicode>Casanonas fällt der Vorhang, und erst die letzte: zwei Aufzüge,</Unicode>
                </TextEquiv>
            </TextLine>
            <TextLine id="r2l38" custom="readingOrder {index:37;}">
                <Coords points="1815,1947 1868,1967 1970,1945 1995,1972 2279,1972 2312,2002 2412,1998 2417,1915 2298,1940 2251,1918 1818,1904"/>
                <Baseline points="1823,1941 1852,1943 1881,1946 1910,1948 1939,1950 1968,1952 1997,1953 2027,1955 2056,1956 2085,1958 2114,1958 2143,1959 2172,1961 2201,1962 2231,1963 2260,1965 2289,1967 2318,1968 2347,1970 2376,1972 2406,1975"/>
                <TextEquiv>
                    <Unicode>werden in einem gespielt. I.“</Unicode>
                </TextEquiv>
            </TextLine>
            <TextLine id="r2l39" custom="readingOrder {index:38;}">
                <Coords points="1779,2272 2935,2342 2936,2311 2784,2307 2735,2266 1780,2237"/>
                <Baseline points="1787,2273 1844,2274 1901,2276 1958,2277 2015,2278 2072,2280 2129,2282 2186,2284 2243,2286 2300,2288 2357,2291 2414,2294 2471,2297 2528,2300 2585,2303 2642,2307 2699,2312 2756,2317 2813,2322 2870,2327 2927,2333"/>
                <TextEquiv>
                    <Unicode>[Verschiebung der Memtere  Sn—</Unicode>
                </TextEquiv>
            </TextLine>
            <TextLine id="r2l40" custom="readingOrder {index:39;}">
                <Coords points="2779,2310 2796,2310 2801,2307 2818,2312 2828,2307 2839,2312 2865,2310 2865,2269 2833,2267 2822,2275 2806,2274 2798,2267 2779,2270"/>
                <Baseline points="2786,2303 2821,2304 2856,2303"/>
                <TextEquiv>
                    <Unicode>ers</Unicode>
                </TextEquiv>
            </TextLine>
            <TextLine id="r2l41" custom="readingOrder {index:40;}">
                <Coords points="1695,2321 2880,2360 2489,2298 1697,2284"/>
                <Baseline points="1704,2315 1762,2317 1820,2318 1879,2319 1937,2321 1996,2323 2054,2324 2112,2325 2171,2327 2229,2329 2288,2331 2346,2332 2404,2335 2463,2337 2521,2338 2580,2341 2638,2343 2696,2345 2755,2348 2813,2350 2872,2353"/>
                <TextEquiv>
                    <Unicode>„Schwestern“ im Burgskater.] Wie uns mittags aus</Unicode>
                </TextEquiv>
            </TextLine>
            <TextLine id="r2l42" custom="readingOrder {index:41;}">
                <Coords points="1693,2357 2886,2393 2887,2358 2790,2347 1694,2323"/>
                <Baseline points="1701,2357 1759,2359 1818,2361 1877,2363 1936,2365 1995,2366 2053,2368 2112,2370 2171,2371 2230,2373 2289,2374 2347,2376 2406,2377 2465,2379 2524,2381 2583,2383 2641,2384 2700,2386 2759,2388 2818,2391 2877,2393"/>
                <TextEquiv>
                    <Unicode>dem Burgtbegter gemeiden wird, kann die Prem</Unicode>
                </TextEquiv>
            </TextLine>
            <TextLine id="r2l43" custom="readingOrder {index:42;}">
                <Coords points="2987,2427 3011,2427 3018,2433 3027,2431 3042,2419 3050,2423 3058,2416 3063,2420 3077,2418 3084,2350 3076,2349 3056,2358 3043,2359 3024,2339 3015,2346 2995,2346"/>
                <Baseline points="2997,2404 3033,2403 3070,2411"/>
                <TextEquiv>
                    <Unicode>.</Unicode>
                </TextEquiv>
            </TextLine>
            <TextLine id="r2l44" custom="readingOrder {index:43;}">
                <Coords points="1691,2406 2132,2429 2209,2409 2347,2419 2348,2384 2317,2391 2296,2368 2265,2387 2018,2368 1989,2383 1959,2366 1904,2394 1841,2363 1692,2364"/>
                <Baseline points="1699,2398 1731,2400 1763,2402 1795,2404 1827,2405 1859,2407 1891,2408 1923,2410 1955,2411 1987,2412 2019,2413 2051,2413 2083,2414 2115,2414 2147,2414 2179,2415 2211,2415 2243,2415 2275,2415 2307,2415 2339,2414"/>
                <TextEquiv>
                    <Unicode>Lust'piels „Die Schwestern“###</Unicode>
                </TextEquiv>
            </TextLine>
            <TextLine id="r2l45" custom="readingOrder {index:44;}">
                <Coords points="2404,2436 2429,2446 2456,2429 2499,2452 2523,2432 2577,2447 2738,2425 2767,2446 2858,2445 2872,2443 2873,2412 2727,2406 2645,2383 2405,2385"/>
                <Baseline points="2412,2424 2437,2426 2462,2427 2487,2427 2512,2429 2537,2429 2563,2430 2588,2430 2613,2431 2638,2431 2663,2431 2688,2432 2714,2432 2739,2432 2764,2432 2789,2433 2814,2434 2839,2434 2865,2435"/>
                <TextEquiv>
                    <Unicode>e Mitt¬</Unicode>
                </TextEquiv>
            </TextLine>
            <TextLine id="r2l46" custom="readingOrder {index:45;}">
                <Coords points="1683,2456 2569,2512 2895,2483 2701,2432 1684,2415"/>
                <Baseline points="1691,2448 1750,2449 1810,2449 1870,2450 1930,2451 1990,2453 2049,2455 2109,2456 2169,2459 2229,2461 2289,2464 2348,2466 2408,2469 2468,2471 2528,2473 2588,2476 2647,2478 2707,2480 2767,2481 2827,2482 2887,2484"/>
                <TextEquiv>
                    <Unicode>woch nicht stattfinden. Dieü d# wurde</Unicode>
                </TextEquiv>
            </TextLine>
            <TextLine id="r2l47" custom="readingOrder {index:46;}">
                <Coords points="1688,2501 2301,2512 2302,2469 2204,2460 2123,2476 2020,2456 1996,2472 1818,2464 1798,2445 1765,2468 1734,2450 1689,2461"/>
                <Baseline points="1696,2489 1725,2489 1755,2490 1785,2490 1815,2491 1845,2491 1875,2492 1905,2492 1935,2493 1965,2494 1995,2494 2024,2495 2054,2495 2084,2496 2114,2497 2144,2498 2174,2499 2204,2500 2234,2501 2264,2502 2294,2503"/>
                <TextEquiv>
                    <Unicode>für Freitag den 26. d. angesetzt.</Unicode>
                </TextEquiv>
            </TextLine>
            <TextLine id="r2l48" custom="readingOrder {index:47;}">
                <Coords points="2509,2582 2550,2590 2604,2569 2683,2595 2721,2587 2756,2606 2802,2576 2894,2582 2898,2528 2806,2520 2712,2541 2666,2513 2589,2524 2557,2506 2514,2508"/>
                <Baseline points="2518,2555 2544,2557 2570,2560 2596,2561 2623,2563 2649,2564 2675,2566 2702,2568 2728,2569 2754,2571 2780,2573 2807,2575 2833,2576 2859,2578 2886,2579"/>
                <TextEquiv>
                    <Unicode></Unicode>
                </TextEquiv>
            </TextLine>
            <TextLine id="r2l49" custom="readingOrder {index:48;}">
                <Coords points="2075,2983 2125,2988 2155,2967 2176,2981 2236,2979 2256,2967 2279,2981 2342,2941 2339,2905 2305,2905 2277,2888 2242,2911 2189,2908 2160,2924 2069,2918"/>
                <Baseline points="2082,2974 2107,2972 2132,2970 2157,2967 2183,2964 2208,2961 2233,2958 2259,2955 2284,2954 2309,2952 2335,2953"/>
                <TextEquiv>
                    <Unicode>Z3Tt6.1920</Unicode>
                </TextEquiv>
            </TextLine>
            <TextLine id="r2l50" custom="readingOrder {index:49;}">
                <Coords points="2126,3049 2220,3071 2263,3062 2320,3085 2363,3061 2388,3081 2415,3068 2464,3078 2490,3061 2569,3072 2620,3056 2621,3021 2471,3007 2373,3030 2343,3002 2309,3021 2184,2999 2127,3016"/>
                <Baseline points="2134,3054 2159,3053 2184,3053 2209,3053 2234,3053 2259,3053 2284,3053 2310,3054 2335,3055 2360,3055 2385,3055 2410,3056 2435,3056 2461,3057 2486,3057 2511,3058 2536,3058 2561,3057 2586,3057 2612,3056"/>
                <TextEquiv>
                    <Unicode>Neues Wiener Journal</Unicode>
                </TextEquiv>
            </TextLine>
            <TextLine id="r2l51" custom="readingOrder {index:50;}">
                <Coords points="1958,3148 2873,3124 3072,3154 3071,3071 2890,3054 2561,3102 1958,3103"/>
                <Baseline points="1965,3133 2019,3133 2074,3133 2129,3133 2184,3133 2239,3133 2294,3133 2349,3132 2404,3132 2459,3131 2514,3131 2568,3131 2623,3130 2678,3130 2733,3129 2788,3129 2843,3129 2898,3129 2953,3129 3008,3130 3063,3130"/>
                <TextEquiv>
                    <Unicode>Im Burgtheater spielt morgen in dem Lustspiel</Unicode>
                </TextEquiv>
            </TextLine>
            <TextLine id="r2l52" custom="readingOrder {index:51;}">
                <Coords points="1803,3173 3055,3202 3042,3122 1803,3144"/>
                <Baseline points="1811,3182 1872,3182 1934,3183 1996,3183 2058,3184 2120,3184 2182,3183 2243,3183 2305,3182 2367,3182 2429,3181 2491,3181 2553,3180 2615,3179 2676,3178 2738,3177 2800,3177 2862,3176 2924,3175 2986,3175 3048,3174"/>
                <TextEquiv>
                    <Unicode>Die Reise in die Mädchenzeit“ an Stelle der erkrankten Frau</Unicode>
                </TextEquiv>
            </TextLine>
            <TextLine id="r2l53" custom="readingOrder {index:52;}">
                <Coords points="1787,3238 2885,3244 2982,3195 1787,3197"/>
                <Baseline points="1795,3229 1857,3230 1919,3231 1981,3231 2043,3232 2105,3232 2167,3232 2229,3231 2291,3231 2353,3230 2415,3230 2477,3229 2539,3228 2601,3227 2663,3227 2725,3226 2787,3225 2849,3225 2911,3224 2974,3224"/>
                <TextEquiv>
                    <Unicode>Devrient=Reinhold Fräulein Littitz die Rolle der Varonin.</Unicode>
                </TextEquiv>
            </TextLine>
            <TextLine id="r2l54" custom="readingOrder {index:53;}">
                <Coords points="1916,3284 3062,3296 3061,3199 2885,3245 1916,3246"/>
                <Baseline points="1924,3281 1980,3280 2037,3279 2093,3279 2150,3278 2206,3278 2263,3277 2319,3277 2376,3276 2432,3276 2489,3275 2545,3275 2602,3275 2658,3274 2715,3274 2771,3273 2828,3272 2884,3272 2941,3271 2997,3270 3054,3269"/>
                <TextEquiv>
                    <Unicode>(Z-Im Burgtheater findet Dienstag die Generalprobe</Unicode>
                </TextEquiv>
            </TextLine>
            <TextLine id="r2l55" custom="readingOrder {index:54;}">
                <Coords points="1806,3341 2958,3331 3046,3310 3046,3273 1805,3290"/>
                <Baseline points="1814,3327 1875,3326 1936,3326 1997,3325 2059,3325 2120,3325 2181,3324 2242,3324 2304,3324 2365,3323 2426,3323 2487,3322 2549,3322 2610,3321 2671,3321 2732,3320 2794,3319 2855,3318 2916,3317 2977,3316 3039,3314"/>
                <TextEquiv>
                    <Unicode>des vieraktigen Lustspiels „Die Tragödie des Eumenes“</Unicode>
                </TextEquiv>
            </TextLine>
            <TextLine id="r2l56" custom="readingOrder {index:55;}">
                <Coords points="1813,3382 3054,3379 3013,3327 1812,3333"/>
                <Baseline points="1821,3374 1882,3374 1943,3374 2004,3374 2066,3373 2127,3373 2188,3372 2249,3371 2311,3371 2372,3370 2433,3369 2494,3368 2556,3368 2617,3367 2678,3367 2739,3366 2801,3366 2862,3365 2923,3365 2984,3366 3046,3366"/>
                <TextEquiv>
                    <Unicode>von Thaddäus Rittner statt. Die Vorstellung ist für den</Unicode>
                </TextEquiv>
            </TextLine>
            <TextLine id="r2l57" custom="readingOrder {index:56;}">
                <Coords points="1813,3435 2938,3436 3058,3380 1812,3382"/>
                <Baseline points="1821,3424 1882,3424 1943,3424 2005,3423 2066,3423 2128,3422 2189,3421 2251,3421 2312,3420 2374,3419 2435,3418 2496,3417 2558,3416 2619,3415 2681,3414 2742,3413 2804,3412 2865,3411 2927,3411 2988,3410 3050,3410"/>
                <TextEquiv>
                    <Unicode>folgenden Tag zu erhöhten Preisen angesetzt. Sodann beginnen</Unicode>
                </TextEquiv>
            </TextLine>
            <TextLine id="r2l58" custom="readingOrder {index:57;}">
                <Coords points="1812,3481 2923,3476 3041,3425 1811,3430"/>
                <Baseline points="1819,3468 1879,3470 1940,3471 2001,3472 2061,3473 2122,3473 2183,3473 2243,3472 2304,3471 2365,3470 2426,3469 2486,3468 2547,3466 2608,3464 2668,3463 2729,3461 2790,3460 2850,3459 2911,3458 2972,3457 3033,3457"/>
                <TextEquiv>
                    <Unicode>die Proben zu Schnit##ns=Lustspiel „Die Schwestern“</Unicode>
                </TextEquiv>
            </TextLine>
            <TextLine id="r2l59" custom="readingOrder {index:58;}">
                <Coords points="1817,3536 3063,3533 3062,3472 2997,3461 1817,3477"/>
                <Baseline points="1825,3522 1886,3521 1948,3520 2009,3519 2071,3518 2132,3517 2194,3516 2255,3516 2317,3515 2378,3515 2440,3514 2501,3514 2563,3514 2624,3513 2686,3513 2747,3512 2809,3512 2870,3511 2932,3510 2993,3510 3055,3509"/>
                <TextEquiv>
                    <Unicode>In den Hauptrollen sind die Damen Aknay, Wohlgemuth, Retty</Unicode>
                </TextEquiv>
            </TextLine>
            <TextLine id="r2l60" custom="readingOrder {index:59;}">
                <Coords points="1809,3572 2994,3573 3052,3549 3052,3501 1808,3542"/>
                <Baseline points="1816,3568 1877,3566 1938,3565 2000,3564 2061,3563 2123,3562 2184,3562 2245,3561 2307,3561 2368,3560 2430,3560 2491,3559 2552,3559 2614,3559 2675,3558 2737,3558 2798,3558 2859,3557 2921,3556 2982,3556 3044,3555"/>
                <TextEquiv>
                    <Unicode>und die Herren Schott, Danegger, Heine, Treßler und Hans</Unicode>
                </TextEquiv>
            </TextLine>
            <TextLine id="r2l61" custom="readingOrder {index:60;}">
                <Coords points="1814,3624 2557,3597 3066,3631 3046,3548 1814,3580"/>
                <Baseline points="1822,3616 1883,3614 1945,3612 2007,3611 2069,3610 2131,3610 2192,3609 2254,3609 2316,3609 2378,3609 2440,3609 2501,3609 2563,3609 2625,3609 2687,3608 2749,3608 2810,3606 2872,3605 2934,3603 2996,3601 3058,3598"/>
                <TextEquiv>
                    <Unicode>Thimig beschäftigt. Daneben werden die Proben für die Neu¬</Unicode>
                </TextEquiv>
            </TextLine>
            <TextLine id="r2l62" custom="readingOrder {index:61;}">
                <Coords points="1804,3666 2524,3644 2743,3676 3064,3632 1804,3634"/>
                <Baseline points="1812,3664 1874,3663 1936,3662 1998,3661 2060,3660 2123,3659 2185,3659 2247,3658 2309,3658 2371,3658 2434,3658 2496,3658 2558,3657 2620,3657 2682,3656 2745,3656 2807,3655 2869,3654 2931,3653 2993,3652 3056,3650"/>
                <TextEquiv>
                    <Unicode>inszenierung des „Volksfeind“ mit Gorg Reimers</Unicode>
                </TextEquiv>
            </TextLine>
            <TextLine id="r2l63" custom="readingOrder {index:62;}">
                <Coords points="1813,3731 2202,3693 2239,3724 3065,3712 3064,3653 1812,3672"/>
                <Baseline points="1820,3710 1881,3709 1943,3709 2005,3708 2067,3708 2129,3707 2190,3707 2252,3706 2314,3706 2376,3706 2438,3705 2499,3705 2561,3704 2623,3704 2685,3703 2747,3703 2808,3702 2870,3701 2932,3700 2994,3699 3056,3698"/>
                <TextEquiv>
                    <Unicode>als Dr. Stockmann statlfinden. Das seit längerer Zeit nicht</Unicode>
                </TextEquiv>
            </TextLine>
            <TextLine id="r2l64" custom="readingOrder {index:63;}">
                <Coords points="1813,3774 3037,3758 3056,3713 1812,3728"/>
                <Baseline points="1821,3760 1882,3759 1943,3759 2005,3758 2066,3757 2127,3756 2189,3755 2250,3754 2311,3753 2373,3752 2434,3751 2495,3750 2557,3749 2618,3749 2679,3748 2741,3747 2802,3747 2863,3746 2925,3746 2986,3746 3048,3746"/>
                <TextEquiv>
                    <Unicode>gespielte Lustspiel „Doktor Klaus“ wird wieder in den</Unicode>
                </TextEquiv>
            </TextLine>
            <TextLine id="r2l65" custom="readingOrder {index:64;}">
                <Coords points="1818,3817 2957,3815 3066,3755 1818,3776"/>
                <Baseline points="1826,3805 1887,3805 1949,3805 2010,3804 2072,3804 2134,3803 2195,3803 2257,3802 2318,3801 2380,3801 2442,3800 2503,3799 2565,3798 2626,3797 2688,3796 2750,3795 2811,3795 2873,3794 2934,3793 2996,3793 3058,3792"/>
                <TextEquiv>
                    <Unicode>Spielplan ausgenommen. Die Rolle des Lubowski syielt Hugo</Unicode>
                </TextEquiv>
            </TextLine>
            <TextLine id="r2l66" custom="readingOrder {index:65;}">
                <Coords points="1819,3856 3062,3839 3031,3799 1819,3817"/>
                <Baseline points="1828,3853 1889,3853 1950,3852 2011,3852 2073,3851 2134,3850 2195,3850 2256,3849 2318,3849 2379,3848 2440,3848 2501,3847 2563,3846 2624,3846 2685,3845 2746,3844 2808,3844 2869,3843 2930,3842 2991,3841 3053,3840"/>
                <TextEquiv>
                    <Unicode>Thimig als Gast. — Am 5. März wird Schönherrs¬</Unicode>
                </TextEquiv>
            </TextLine>
            <TextLine id="r2l67" custom="readingOrder {index:66;}">
                <Coords points="1812,3936 2131,3882 3005,3904 3059,3897 3058,3839 1811,3875"/>
                <Baseline points="1819,3906 1880,3903 1942,3902 2003,3900 2065,3899 2127,3897 2188,3896 2250,3895 2311,3894 2373,3893 2435,3892 2496,3891 2558,3891 2619,3890 2681,3890 2743,3889 2804,3889 2866,3889 2927,3889 2989,3889 3051,3889"/>
                <TextEquiv>
                    <Unicode>„Frau Suittner“, das seit dem 4. September 1918 nicht mehr</Unicode>
                </TextEquiv>
            </TextLine>
            <TextLine id="r2l68" custom="readingOrder {index:67;}">
                <Coords points="1817,3958 2854,3959 3058,3943 3057,3895 1816,3921"/>
                <Baseline points="1825,3952 1886,3950 1947,3949 2008,3948 2069,3947 2131,3946 2192,3945 2253,3944 2314,3944 2375,3943 2437,3943 2498,3942 2559,3942 2620,3941 2681,3941 2743,3940 2804,3940 2865,3939 2926,3938 2987,3938 3049,3937"/>
                <TextEquiv>
                    <Unicode>gespielt worden ist, wiedet aufgeführt. Die Titelrolle spielt Frau¬</Unicode>
                </TextEquiv>
            </TextLine>
            <TextLine id="r2l69" custom="readingOrder {index:68;}">
                <Coords points="1824,4007 2829,3988 3028,4022 3058,3943 1823,3961"/>
                <Baseline points="1832,3997 1892,3997 1953,3997 2014,3996 2075,3996 2136,3995 2197,3994 2258,3993 2319,3992 2380,3991 2441,3990 2501,3989 2562,3989 2623,3988 2684,3987 2745,3987 2806,3987 2867,3986 2928,3987 2989,3987 3050,3987"/>
                <TextEquiv>
                    <Unicode>Bleibtren; feiner sind schäftigt die Damen Medelsky und Mayer</Unicode>
                </TextEquiv>
            </TextLine>
            <TextLine id="r2l70" custom="readingOrder {index:69;}">
                <Coords points="1814,4052 1955,4063 2043,4042 2055,4055 2087,4048 2132,4066 2151,4046 2221,4051 2220,4014 2150,4000 2057,3999 2031,4018 1961,4004 1814,4008"/>
                <Baseline points="1822,4042 1848,4044 1874,4046 1900,4046 1926,4047 1952,4047 1978,4047 2004,4046 2030,4046 2056,4046 2082,4045 2108,4045 2134,4044 2160,4044 2186,4044 2212,4045"/>
                <TextEquiv>
                    <Unicode>sowie Herr Paulsen.</Unicode>
                </TextEquiv>
            </TextLine>
            <TextLine id="r2l71" custom="readingOrder {index:70;}">
                <Coords points="1967,4130 3060,4116 3059,4054 2964,4039 1966,4062"/>
                <Baseline points="1974,4098 2027,4096 2081,4095 2135,4094 2189,4093 2243,4092 2297,4092 2350,4091 2404,4091 2458,4090 2512,4090 2566,4090 2620,4089 2674,4089 2727,4089 2781,4089 2835,4088 2889,4088 2943,4088 2997,4087 3051,4086"/>
                <TextEquiv>
                    <Unicode>Im Operntheater kammen morgen DirGe.</Unicode>
                </TextEquiv>
            </TextLine>
            <TextEquiv>
                <Unicode>Aus dem Kunstleben.
Wochenschau auf Wiener Bühnen.
Die einzige Schauspielnenheit dieser Woche brachte das
[Burgtheater, wo man Artur Schnitzlers Lustspiel
„Die Schwestern“ aufführte. le###chlung viel
Worte zu verlieren, lohnt wirklich nicht der Mühe. Sie zeigt kei¬
nerlei literarische Qualitäten und ihr) Thema — eine Liebes¬
nacht, die der „berühmte“ Frauenjäger Casangya bei einer an¬
dere: Geliebten zubringt, ass bei jener, der sein Besuch ver¬
meint war — ist so unerquicklich undganrüchig, daß das Stück
lediglich Empfindungen des Ekelscund Widerwillens wachzuru¬
fen vermag. Es ist ganz unbegreiflich, daß das Burgtheater, das
unter seiner früheren Le###ng dem Ansinnen, dieses Stück auf¬
zuführen, tapferen Werstand geleistet hat, nun doch danach
griff. Allen Freunden dieser Bühne, allen Freunden des deut¬
schen Theaters, allen reinlich denkenden Menschen, die von der
Sendung und den Aufgaben deutscher Schauspielkunst noch
1
irgendwie ideale Vorstellungen hegen, muß dieser Abend ein
Greuel gewesen sein. Erfoeulich an der Aufführung war einzig,
daß sie herzlich schwachen Beifall fand und daß sich selbst die
gleichrassigen Freunde des Dichters, die sonst jeden Anlaß be¬
nüten, ihm Huldigungn zuzujubeln, diesmal mit ihrer De
geisterung nicht hervorwagten, die den auch übel genug auf
Platze gewesen wäre.
Hofbiedeg.

—
In der vom Burgtheater vorbereitenden Auf¬
führung“ von Strindbergs „Königin Christine“ wird
Fyzu“Medelsky die Titelrolle spielen.
3
Artur Schnit#l#shat für die weie Aufführungen
seines neuen Lustspiels „Die Schwestgul### urgtheater aus
dem Verlauf der Premie##c wertvölle Erfahrung gezogen. Das
Stück wird nicht mehr ohne Pause gespielt. Vor dem Austritt
Casanonas fällt der Vorhang, und erst die letzte: zwei Aufzüge,
werden in einem gespielt. I.“
[Verschiebung der Memtere  Sn—
ers
„Schwestern“ im Burgskater.] Wie uns mittags aus
dem Burgtbegter gemeiden wird, kann die Prem
.
Lust'piels „Die Schwestern“###
e Mitt¬
woch nicht stattfinden. Dieü d# wurde
für Freitag den 26. d. angesetzt.

Z3Tt6.1920
Neues Wiener Journal
Im Burgtheater spielt morgen in dem Lustspiel
Die Reise in die Mädchenzeit“ an Stelle der erkrankten Frau
Devrient=Reinhold Fräulein Littitz die Rolle der Varonin.
(Z-Im Burgtheater findet Dienstag die Generalprobe
des vieraktigen Lustspiels „Die Tragödie des Eumenes“
von Thaddäus Rittner statt. Die Vorstellung ist für den
folgenden Tag zu erhöhten Preisen angesetzt. Sodann beginnen
die Proben zu Schnit##ns=Lustspiel „Die Schwestern“
In den Hauptrollen sind die Damen Aknay, Wohlgemuth, Retty
und die Herren Schott, Danegger, Heine, Treßler und Hans
Thimig beschäftigt. Daneben werden die Proben für die Neu¬
inszenierung des „Volksfeind“ mit Gorg Reimers
als Dr. Stockmann statlfinden. Das seit längerer Zeit nicht
gespielte Lustspiel „Doktor Klaus“ wird wieder in den
Spielplan ausgenommen. Die Rolle des Lubowski syielt Hugo
Thimig als Gast. — Am 5. März wird Schönherrs¬
„Frau Suittner“, das seit dem 4. September 1918 nicht mehr
gespielt worden ist, wiedet aufgeführt. Die Titelrolle spielt Frau¬
Bleibtren; feiner sind schäftigt die Damen Medelsky und Mayer
sowie Herr Paulsen.
Im Operntheater kammen morgen DirGe.</Unicode>
            </TextEquiv>
        </TextRegion>
    </Page>
</PcGts>
