3344 4320
2332 89 2788 194 box 33/5
170 133 2189 216 28. D ScheedeCasnein Sna
689 860 914 962 Der Po.
973 863 2332 979 st erfuhr im legten Jahre eine Aus=Hemden.. 93.000
2587 865 2816 953 217.000
567 939 2016 1002 gestaltung auch durch verschiedene gesetzgeberische Maß= Unterhosen
2583 917 2981 1012 192.000
2022 958 2228 1054 —.—
2386 969 2823 1047 —
1728 1039 2862 1099 War niemand da, der den Unwert der Arbeit erkannte? Und
2870 1034 3279 1106 ihrer Art sind. Si#
574 1040 1717 1136 Kunst, Wissenschaft und Leben.
1728 1087 2866 1157 niemand der sich getraute, dem Dichter ehrlich die Meinung
2866 1085 3252 1156 vollen Höhe ihres
672 1111 1733 1191 Burgtheater. Die Anekdote, nach der Artur Schnitzler.
1727 1141 2859 1204 zu sagen? Statt dessen probiert man's halt — und tut sich
2867 1137 3253 1209 schien diesmal nicht
570 1176 1721 1238 eeine Verskomödie „Die Schwestern“ zu bilden versuchte, hat
1728 1184 2871 1248 womöglich noch was drauf zugut, daß man doch einen Schnitz¬
2866 1182 3250 1250 Gast herum war
574 1229 1717 1297 sich nicht als glücklicher Griff erwiesen; und es ist dem Dichter
1732 1230 2870 1298 ler gegeben hat. Nein, das Vexdienst um ihn wäre gewesen,
2862 1237 3257 1290 Spuren Reiner=Stu
579 1279 1719 1333 auch der zechnische Griff nicht gelungen, der aus ihr wenig¬
1721 1284 2870 1336 ihn nicht zu geben und uns nicht die Erfahrung machen zu
2865 1288 3257 1359 nach dieser Aufführ
576 1321 1713 1394 stens alles fürs Theater herausholt, was darin stecken mag.
1725 1328 2862 1400 lassen, daß man sich bei Schnitzler so langweilen kann. M. M.
2861 1336 3261 1403 studierungen zweier
562 1370 1725 1433 Die Anekdote hat nicht novellenhafte Substanz genug, um
1831 1355 2864 1451 Volksoper. Manches früher einmal vom Schein großer
2868 1383 3254 1453 lustiges, dem Text
565 1430 1714 1492 eine tragkräftige Handlung für die Bühne zu ergeben. Casa¬
1717 1416 2872 1497 Erfolge umgebene Mitglied der einstigen Hofoper findet die
2866 1430 3246 1492 „Die Hochzeit bei
559 1469 1719 1534 nova (in Spa, wie der Untertitel versichert), in einer üblichen
1725 1479 2857 1534 Stätte seiner Wirksamkeit verschlossen, wenn es nach mehr¬
2860 1480 3263 1546 liche „Schöne Gala
562 1523 1716 1577 Rokokogartennacht von einer Schönen erwartet, irrt sich im
1713 1521 2868 1577 jähriger Abwesenheit nach Wien zurückkehrt. So ergeht es
2870 1530 3253 1592 Aufmachung vorgesch
567 1564 1713 1623 Fenster und bringt die Nacht mit einer anderen Schönen zu.
1726 1568 2872 1639 auch Frau Charles Cahier, die eben erst so wunderschön
2868 1582 3255 1647 Schöne, das einstige
571 1618 1714 1672 Nachdem man dies aus der Exposition entnommen und ein
1717 1619 2860 1696 im Lied von der Erde sang und nun, statt ein Wiedersehen
2868 1629 3255 1697 beiden Hauptpartien
564 1669 1709 1736 Streit zwischen den beiden Damen über künftige „Ansprüche“
1722 1668 2860 1744 mit dem Schauplatz ihres künstlerischen Aufstiegs zu feiern,
2863 1674 3260 1744 Attler und Weiner
566 1719 1724 1773 entbrennt — man hört ihn nicht gern an — erzählt der eine
1721 1722 2870 1786 ein Gastspiel in der Volksoper gibt, damit sie sich den Wie¬
2870 1727 3258 1804 Recht und Lazer um
561 1772 1716 1841 Gatte dem anderen den schwierigen Streitfall — man hört
1712 1759 2858 1833 nern als Tühnensängerin zeigen kann. Frau Cahier sang als
2962 1783 3264 1875 Beschädigunge
569 1808 1709 1875 das bereits bekannte nicht ##in noch einmal an. Danach en
1721 1804 2870 1889 Antrittsrolle die Carmen. Sie wählte damit eine Aufgabe,
2865 1822 3266 1921 Kämpfe in Dresden.
561 1869 1718 1928 zählen beide Gatten den schwierigen Streitfall dem Casanova
1722 1870 2863 1933 die an den Zauber persönlicher Darstellungskraft gebunden
2875 1905 3261 1967 Deutschland zählt an
603 1917 1715 1979 — es freut einen aber schon gar nicht, das noch ein drittesmal
1724 1919 2859 1980 ist. Mehr als jede andere. Bekanntlich ist die Partie der
2864 1954 3256 2016 dener Galerie, das d
558 1952 1722 2026 anzuhören ... Damit also bringt man die drei Akte hin.
1711 1959 2863 2036 Carmen den Sängerinnen aller Stimmgattungen zugänglich.
2862 1994 3266 2066 Es handelt sich um
575 2019 1716 2081 Casanova entscheidet das zuletzt so, daß eine dritte Dame
1712 2006 2856 2084 Ob hoher Copran oder tiefer Alt, jeder Frauenstimme ist
2861 2052 3248 2117 teren Schaffenszeit
556 2060 1716 2128 kommt, die ihn früher verschmäht hat und deren gegen¬
1710 2057 2856 2134 dank des maßvollen Umfangs der Partie die Carmen er¬
2860 2095 3261 2169 Kämpfen in Dresbe
565 2107 1713 2158 wärtiger Anspruch dadurch eine gewisse Legitimität besitzt.
1721 2095 2861 2182 reichbar. Und doch: Wie wenig wirklich glaubwürdige Carmen¬
2863 2145 3247 2214 galerie verirrt und
561 2142 1721 2224 Nein, man hat gar nicht gern zugehört. Es war nichts da,
1720 2158 2849 2229 Darstellerinnen gibt es. Das kommt, weil nur die wemgsten
2862 2192 3254 2266 Kugel ist durch das
570 2206 1719 2261 was einen Hauch aus amoureuser Kultuxwelt gab, nichts,
1712 2217 2852 2284 Schauspielerinnen über das weibliche Urnaturell verfügen,
2859 2246 3256 2315 bestehe allerdings 6#
557 2246 1717 2305 was die Anmut eines versunkenen Zeitalters nur einen
1712 2257 2861 2327 das die Rolle der Carmen erfordert. Ja, geht man nicht fehl,
2867 2300 3265 2364 maßen wieder gutzul
565 2302 1711 2366 Augenblick lang zum Leben aufrief. Eine der blässesten, hin¬
1712 2303 2852 2379 so zielen oft die berühmtesten Carmen=Darstellerinnen mit
2857 2346 3254 2411 dener Akademie als
560 2348 1715 2421 fülligsten Arbeiten Schnitzlers. Nichts so undelikates noch hat
1709 2359 2855 2416 ihrer Auffassung daneben. Die Emma Calve gibt sich in dieser
2855 2393 3264 2464 Koloschka hat an
567 2401 1713 2471 er geschrieben als die Streitszene zwischen den beiden Wei¬
1714 2399 2855 2457 Rolle als allerliebstes Barmädchen; nicht weit davon war die
2852 2443 3261 2509 gerichtet, der allen,
565 2447 1714 2507 bern vor dem Gatten der einen, in welches Bett Casanova
1723 2460 2852 2503 Sigrid Arnoldson in dieser Rolle; die Gemma Bellincio###
2859 2495 3257 2555 mit dem Schießprü
567 2500 1705 2557 gehört. Nicht ein Schatten von Rokoko=Anmut in diesen duft¬
1713 2502 2856 2561 spielte sogar beinahe die Dame von Welt und Frau Gutheil¬
2856 2539 3257 2626 Bitte unterbreitet, so
567 2544 1702 2612 losen, leer=rationalistischen Eindeutigkeiten. Und in den Rede¬
1721 2558 2861 2618 Schoder schöpft hier ihre Kunst aus des Volkes dämonischer
2855 2585 3258 2666 der Gemäldegalerie,
572 2591 1715 2673 wüsten, durch die man lechzt, gibt es nur verschüttete Oasen,
1708 2599 2860 2679 Majestät. Merkwürdigerweise ist gerade die Auffassung dieser
2866 2634 3260 2714 abhalten zu wollen,
557 2648 1708 2722 die gerade ahnen lassen, was lustspielhaftes Tempo wäre. Das
1714 2651 2846 2711 deutschen Darstellerin vie stilvollste, wenn auch nicht die
2862 2692 3024 2768 werde.
556 2685 1704 2737 Burgtheater hat dem Stück nicht viel Gunst zu schenken ge¬
1713 2695 2859 2775 glaubwürdigste. Letteres läßt wohl die Carmen der Frau
563 2742 1709 2819 wußt. Herr Treßler bemüht sich den Casanova glaubhaft
1704 2748 2865 2820 Cahier von sich behaupten. Auch bei ihr ist Dämonie der
564 2790 1705 2855 zu machen. Er stemmte unentwegt den rechten Absatz in den
1720 2799 2854 2852 Angelpunkt der Darstellung. Doch hier wandelt sich der
562 2844 1714 2911 Boden and fing zugeworfene Geldbeutel totsicher in der Luft
1719 2836 2868 2921 Dämon stellenweise wohl schon zur Bestie. Frau Cahier wehrt
2960 2835 3219 2934 Im großen
565 2890 1702 2949 auf. Damii meit er genug getan zu haben. Die beiden ver¬
1712 2900 3253 2989 sich der Soldatenhände, die sie greifen, nicht nur mit den 9. April eine Aufs
568 2942 1711 2997 führten Damen gaben Frau Retty, mit gleichgültiger alt¬
1716 2955 3259 3035 Händen, sie stößt auch mit den Füßen. Fehlte nur noch, daß Heinrich Mann stat
562 2991 1706 3038 gewohnter Uebung, und Frau Aknay, die so bildhüssch aus¬
1715 2996 3255 3079 sie auch beißt. Dennoch wirkt diese Carmen niemals kraß. (Titelrolle: Ida R#
565 3039 1705 3079 sah, daß man auf ihr Talent schwer, wenigstens solange sie
1706 3036 2861 3113 Denn sie wird gemildert durch die fesselnde Erscheinung der
2851 3055 3263 3143 liest Heinrich Mann
556 3081 1711 3152 nicht sprach. Dann freilich —. Es war ein Abend ohne jeden
1712 3093 2850 3166 Darsiellerin und die aus der Musik geschöpften Ausdrucks¬
2848 3105 3105 3200 Celler.
557 3138 2855 3238 künstlerischen Reiz. Man hätte ihn Somitzler ersparen können. werte, die künstlerisch in der Limie und durchaus originell in
2831 3154 2970 3239 10
