3344 4320
228 195 433 276 28
2378 151 2879 260 box 33/5
428 177 2277 292 Die Schwestern-oderCasanowsna
1239 590 1826 729 Schaubühne, r
2001 669 2185 759 1—
1452 694 1767 822 8WV 1920
912 783 1917 900 Die Schwestern von Alfred Polgar
945 886 2282 961 □raufführung im Burgtheater: „Die Schwestern“ oder „Casanova
1001 936 1904 1020 in Spa“, Lustspiel von ArthiuzSchnifzier
1002 972 2271 1060 Erster Akt. Casanova irrt sich im Fenster, steigt nachts
903 1024 2279 1085 statt in das Zimmer der ihn erwartenden Flaminia in das der
907 1085 2270 1153 braven Anina. Das perplexe Mädchen, obzwar in tiefer Liebe
908 1129 2266 1212 einem Dichter verbunden, unterliegt — die Seele ist Eines und
910 1183 2256 1268 das Nervensystem ist ein Andres! — der à-la-minute-Verführung.
912 1235 2266 1304 Andern Tags gesteht sie's dem Dichter, gleich Nora eine große
915 1281 2258 1355 Geste des Verstehens und Verzeihens erwartend. Der Dichter
909 1327 2280 1427 aber rast in Schmähung und Vorwürfen, worauf Anina sagt, sie
914 1384 1898 1451 sei mit ihm fertig und gehe nun zu Casanova.
999 1418 2265 1500 Zweiter Akt. Casanova, des Glaubens, er sei bei Flaminia
908 1485 2269 1536 gewesen und die Rache ihres Galans, eines bedenkenlosen Glücks¬
901 1539 2265 1594 ritters fürchtend, will fort. Von dem Dichter entlehnt er Geld
906 1568 2279 1658 zur Reise Der Dichter, im Verlauf dieser Darlehnsbesprechung
902 1633 2278 1704 den Irrtum erkennend, in dem sich der Marquis befindet, will nun
906 1684 2261 1747 gern seiner Anina verzeihen. Aber sie besteht auf ihrem Casa¬
903 1741 2273 1803 nova. Auch Flaminia besteht auf ihm. TIeftiger Konflikt zwischen
903 1771 2258 1860 den beiden Frauen. Der Dichter will zur Entscheidung der
896 1818 2266 1906 Frage, wer das höhere Anrecht auf Casanova habe — die Frau,
902 1872 2245 1940 die er de facto besessen, oder die, die er zu besitzen geglaubt —
903 1928 2265 2001 jenen Freund Flaminias, den Hochstapler. zum Schiedsrichter auf¬
899 1981 2269 2070 rufen. Der Hochstapler erklärt sich für inkompetent, schlägt
901 2017 1483 2091 Casanova als Richter vor.
997 2050 2265 2150 Dritter Akt. Casanova entscheidet (der Fall wird ihm in
901 2128 2265 2184 Form einer der Lösung harrenden Novelle vorgetragen), daß in
900 2173 2254 2259 der ganzen Sache eigentlich der Liebhaber der Betrogene sei.
901 2215 2265 2296 Dann fallen, zwischen den handelnden Personen, die Ver¬
895 2273 2265 2341 schleierungen der Tatsachen, es kommt zum Degenstreit der
903 2321 2273 2396 Männer gegen Casanova und zur Schlichtung durch eine plötzlich
903 2366 2261 2460 auftretende ältere Geliebte des Marquis, die ihn nach Wien ent¬
994 2434 2256 2535 Das Stück, in Versen geschrieben, ist durchsetzt von dem
903 2507 2252 2589 halb bittern, halb sentimentalen Skeptizismus, der dem Humor
895 2558 2262 2643 wie der Schwermut Schnitzlerscher Dichtungen ihre in bessern
904 2606 2259 2687 Kreisen hochgeschätzte Opalfarbe gibt. Es ist zum Teil frisch
901 2666 2253 2733 und lustig, zum Teil auch ohne Frage: weise. Die Erkenntnis,
897 2710 2255 2787 daß alle Frauen Schwestern, alle Männer Brüder in genitalibus,
904 2763 2250 2840 wird mit Sinn und Witz vorgetragen. Dennoch ist die Komödie
887 2813 2248 2885 nicht sehr erquicklich. Sie fängt als Problemstück an und
902 2861 2254 2933 wird ganz mechanisch zum Lustspiel umgebogen. Nach
902 2905 2253 2988 dem vielverheißenden ersten Akt wandeln sich die Menschen auf
899 2958 2248 3030 der Bühne plötzlich zu Puppen. Und das Ineinander von Per¬
892 3003 2252 3076 sönlichkeiten, Schicksalen, Trieben löst sich in ein weitläufiges
898 3057 2264 3124 artistisches Worte-Spiel. Die Meinung der Ausleger, solche
899 3094 2262 3178 Wandiung ins Leichte, Je-m’en-fichestische bewirke eben Casa¬
947 3145 1092 3205 404
976 3564 3032 3660 noves Erscheinung ist nicht stichhaltig, denn hiezu wäre es wohl
982 3646 3119 3753 nötig gewesen, den Casanova als wahrhaft, bezaubernde, das Dicke und
981 3737 3129 3825 grübe der Menschendinge in der essentiellen Schärfe seines bebensge
971 3829 3156 3916 fühls lockernde und Tösende Persönlichkeit zu zeigen. Er ist aber im
727 3895 3154 3972 Stück nur ein recht belangloser wenn auch körperlich wie geistig beweglicher
739 3967 3029 4042 beau (als solche stelit ihn auch Herr Tresser dar), der nicht viel väre,
738 4025 3051 4120 hiesse er nicht. Casanova, Ueberraschend ist die sonderbare Undelikatesse
726 4088 3084 4181 mancher Szenen. Der Eindruck wird wach, dass der Autor hier mitt Fäusten zu
