3392 4384
2459 209 2910 307 box 3375
293 255 2318 332 28. Die SchuesternodenGasanova in sna
341 897 1487 977 Aglohle für Gewerbenetriebe ganz eingestellt. Dagegen
187 963 1494 1033 geberechtigten werden vom 1. April angelangen auf Grund der Bezugs¬
216 1015 1450 1080 übuße zurscheine für Beniebszwcke die unter dem Bachstaben „“
2133 1012 3079 1110 Frau Mledeisky als „Königin
213 1069 638 1138 —
784 1077 1468 1132 —
2440 1087 2787 1178 Christine“.
196 1122 1493 1187 machen den deuen Schwierigkeiten gebührend merken zu lassen. War
2229 1129 3080 1234 Im Schönbrunner Schloßiheater
445 1171 1499 1249 Fau Retty zu imelligent, um physisch und unmora¬
184 1174 450 1242 hnerhin über¬
2152 1195 3081 1268 wird bemnächst Sirindbergs „Königin
451 1216 1502 1279 lisch mit dem insipiden Wridchen Flaminia übereinzu¬
217 1223 447 1308 Form mit
2151 1235 3080 1299 Christine“ zum erstenmale aufgeführt
442 1280 1504 1350 kommen, so überraschte Frl. Aknay als Anina durch
2162 1276 3085 1359 werden. Die Titelrolle spielt Frau Medelsky.
2252 1309 3080 1393 „Königin Christine“ ist in Wien schon
440 1321 1504 1384 eine entzückende Sprache der Erscheinung und des
216 1301 443 1391 r dürftigen
2157 1342 3079 1424 einigemale gewesent. Die Rolle der Christine
278 1378 1512 1448 könnte, Minenspiels. Wie sie halb entrückt von ihrer einzigen
2165 1382 3076 1463 haben Gertrad Cyjoldt und Emmy Schroth
216 1431 1502 1494 zu finden, Nacht erzählt und dabei Schauer und Taumel über
2163 1428 3079 1507 gespielt. Die erste Darstellerin der Christine
2173 1463 3089 1547 überhaupk sin Stockholm) wan# Strindbergs
184 1477 1496 1548 chen Bur= isre Züge geben, wie sie die Ersüllung noch einmal
2174 1520 2675 1588 Gattin Harriet Bosse.
187 1532 1501 1587 ehengst wie im Tacheeleben erlebt und mit Blicken, mit dem die
2522 1521 2947 1632 —
192 1634 1499 1707 essen wahre betend ansächtig an die Brust gelegten Armen als ihr
2230 1602 3022 1703 Die neue, Aktteilung der
179 1682 1503 1762 Dieses Motiv Wunder sinnlich sichtbar macht, erweist die geborene
2392 1682 2848 1792 „Schwestern“.
190 1737 1499 1809 der Pierre Schauspielerin. Die erzogene freilich, was das reine
2924 1718 3088 1806 seiner
2255 1739 2395 1836 Ar##
2414 1752 2629 1826 Saui
189 1785 445 1853 nur gestreift.
444 1779 1505 1844 deutsche Sprechen angeht, läßt manches zu wünschen
2215 1756 3098 1855 uzghenternovsfar, dei Lustpiel „Die
2223 1809 3109 1898 schwestern“, eine neue Aktteilung vor¬
188 1838 1507 1895 dieses Räisel übrig. Ein in leidenschaftlichen Momenten unbeherrsch¬
2225 1861 3098 1933 nommen. Das Stück wurde bisher in drei
2179 1855 2229 1936 4
183 1890 1502 1932 kursprüngliche barer magyarischer Anllang stört, ohne daß man ihn
2187 1911 3103 1969 Alten ohne Pause gespielt. Von der heutigen
188 1937 1499 1997 und Gebärde wie Mängel der Anmat sonst als Reiz empfinden
2207 1944 3099 2012 Vorstellung ab wird es nur zwei Akte haben.
2233 1985 3101 2050 Fit längerer Pause zwischen beiden. Der neue
186 1985 1505 2055 sch Versagte könnte. Herr Schott als Andrea redete schwulstig
2199 2008 2245 2052 #
2239 2007 3116 2091 ktschluß wurde vor dem Auftritt Casa¬
2186 2044 2257 2095 2
208 2045 1501 2087 wohl nie= übertrieben wie immer, Herr Danegger, dem uner¬
2235 2061 3096 2125 vas im bisherigen zweiten Akt eingesetzt
216 2087 1504 2151 Dem wirk= trägliche, aufgeblasene Schwätzer aufgehalst werden,
2184 2093 3106 2160 Diese veränderte Form erschien Schnitzler durch
218 2133 1504 2197 seiner trau¬ s##e#te den Glücksritter Santis nicht derb und dumm
2181 2140 3104 2223 den Anspruch des Publikums auf eine Er¬
2180 2188 2627 2277 holungspause bedingt.
211 2192 442 2258 Vorstellung
442 2186 1503 2259 und breist genug, Herr Heine als philosophierender
2514 2221 2838 2298 —
199 2240 1507 2302 Hauch von Alter hetzte seine Beise herunter, als drängte es ihn,
192 2290 1499 2363 wie ein elek= das Stück aus dem Wege zu räumen. Herr Hans
187 2339 456 2407 es entströmt
501 2344 1505 2410 himig als frecher, junger Kellner war zu natür¬
198 2390 455 2467 von einem
448 2394 1510 2461 lich anständig, Frl. Marberg als Teresa zu un¬
215 2439 456 2512 erschien er
443 2440 1504 2529 natürlich, um so naiv unauständig zu wirken, wie es
224 2497 442 2561 selbst um¬
459 2500 851 2569 ihnen gemeint war.
223 2545 441 2612 der Com¬
483 2526 1509 2615 Das Publitum saßte sich die drei ohne Pause ge¬
228 2596 444 2662 auch war.
445 2593 1501 2664 soielten Aufzüge hindurch in Geduld, gebot seiner
216 2647 443 2715 Beinen zu¬
454 2650 1523 2720 Lansweile Achtung und rief nach dem Schlusse mehr¬
196 2699 440 2766 nier zu setzen,
447 2693 976 2783 mals nach dem Verfasser.
196 2746 454 2817 aufzufangen
1083 2726 1491 2831 Otto Stoefsl.
2276 2727 3313 2837 Wiener Uraufführung. „Die Schwestern
225 2800 461 2884 geschrieben
2180 2791 3299 2863 oder Casanova in Spa“, ein Lustspielen Versen von
1931 2795 3297 2917 # Mi #ttur Schu## #Brgtheater seine
198 2853 453 2923 ne überwun¬
2184 2902 3300 2952 Uraufführung. Die Klonmen der Kritik vermerken
2188 2946 3296 3009 im allgemeihn, daß das an geistvollen Bemerkun¬
2181 3002 3298 3064 gen und 'witziger Dialektik reife Lustspiel eines-der
2187 3052 3318 3134 schwächeren Stücke des erfolgreichtAutorssdarstellt,.
