<?xml version="1.0" encoding="UTF-8" standalone="yes"?>
<PcGts xmlns="http://schema.primaresearch.org/PAGE/gts/pagecontent/2013-07-15" xmlns:xsi="http://www.w3.org/2001/XMLSchema-instance" xsi:schemaLocation="http://schema.primaresearch.org/PAGE/gts/pagecontent/2013-07-15 http://schema.primaresearch.org/PAGE/gts/pagecontent/2013-07-15/pagecontent.xsd">
    <Metadata>
        <Creator>prov=University of Rostock/Institute of Mathematics/CITlab/Gundram Leifert/gundram.leifert@uni-rostock.de:name=ONB_Newseye_GT_M1+(htr_id=10810)::::v=2.4.2
prov=University of Rostock/Institute of Mathematics/CITlab/Tobias Gruening/tobias.gruening@uni-rostock.de:name=de.uros.citlab.module.baseline2polygon.B2PSeamMultiOriented:v=2.4.2
prov=University of Rostock/Institute of Mathematics/CITlab/Tobias Gruening/tobias.gruening@uni-rostock.de:name=/mnt/transkribus/LA/DEA/URO/LA_news_onb_att.pb:de.uros.citlab.segmentation.CITlab_LA_ML:v=2.4.2
Transkribus</Creator>
        <Created>2019-10-07T11:09:20.893+02:00</Created>
        <LastChange>2019-10-07T19:50:08.783+02:00</LastChange>
        <TranskribusMetadata docId="223958" pageId="9493930" pageNr="125" tsid="16434867" status="IN_PROGRESS" userId="40391" imgUrl="https://files.transkribus.eu/Get?id=ECBCOKRHHSKFOUINIQUGNPDA&amp;fileType=view" xmlUrl="https://files.transkribus.eu/Get?id=IIAOYEAHGIWRTUHARNFLJBJU" imageId="6184157"/>
    </Metadata>
    <Page imageFilename="223958_0125.jpeg" imageWidth="3344" imageHeight="4320">
        <ReadingOrder>
            <OrderedGroup id="ro_1711443824684" caption="Regions reading order">
                <RegionRefIndexed index="0" regionRef="r1"/>
            </OrderedGroup>
        </ReadingOrder>
        <TextRegion orientation="0.0" id="r1" custom="readingOrder {index:0;}">
            <Coords points="283,184 283,4168 2899,4168 2899,184"/>
            <TextLine id="r1l1" custom="readingOrder {index:0;}">
                <Coords points="2449,223 2494,236 2597,226 2637,252 2695,229 2773,235 2821,215 2853,235 2911,217 2911,160 2839,144 2808,162 2690,154 2632,194 2605,169 2537,158 2507,176 2449,153"/>
                <Baseline points="2461,215 2486,215 2512,215 2538,216 2564,216 2589,216 2615,217 2641,217 2667,217 2692,218 2718,218 2744,218 2770,218 2795,218 2821,217 2847,217 2873,216 2899,214"/>
                <TextEquiv>
                    <Unicode>box 3375</Unicode>
                </TextEquiv>
            </TextLine>
            <TextLine id="r1l2" custom="readingOrder {index:1;}">
                <Coords points="270,247 2306,273 2305,203 2167,166 270,209"/>
                <Baseline points="283,242 383,246 483,249 584,251 684,252 785,253 885,253 986,253 1086,252 1187,251 1287,249 1387,248 1488,246 1588,245 1689,243 1789,242 1890,241 1990,240 2091,240 2191,241 2292,242"/>
                <TextEquiv>
                    <Unicode>28. Die Schuestern-oderCasanova insna</Unicode>
                </TextEquiv>
            </TextLine>
            <TextLine id="r1l3" custom="readingOrder {index:2;}">
                <Coords points="1511,390 1755,396 1800,368 1838,394 2451,398 2496,371 2399,337 1511,348"/>
                <Baseline points="1524,378 1574,378 1624,378 1675,378 1725,378 1776,378 1826,379 1877,379 1927,380 1978,381 2028,381 2079,382 2129,383 2180,384 2230,384 2281,385 2331,385 2382,386 2432,386 2483,386"/>
                <TextEquiv>
                    <Unicode>söhnung und neue Verwicklung; aber für den</Unicode>
                </TextEquiv>
            </TextLine>
            <TextLine id="r1l4" custom="readingOrder {index:3;}">
                <Coords points="1504,436 2456,441 2494,428 2495,376 1505,386"/>
                <Baseline points="1518,424 1566,423 1614,423 1662,422 1710,422 1758,422 1806,422 1855,422 1903,422 1951,423 1999,423 2047,424 2095,424 2143,425 2192,425 2240,426 2288,427 2336,428 2384,428 2432,429 2481,430"/>
                <TextEquiv>
                    <Unicode>großen Aventurier ist es, in der Stadt der Spiele,</Unicode>
                </TextEquiv>
            </TextLine>
            <TextLine id="r1l5" custom="readingOrder {index:4;}">
                <Coords points="805,457 853,466 888,448 923,458 968,444 1240,451 1257,446 1257,413 1232,418 1184,381 1136,387 1103,367 1061,385 1038,366 970,364 927,387 897,367 804,369"/>
                <Baseline points="817,447 842,444 867,442 892,440 917,439 942,438 968,437 993,436 1018,436 1043,436 1068,436 1093,436 1119,436 1144,437 1169,437 1194,438 1219,438 1245,439"/>
                <TextEquiv>
                    <Unicode>Feuilleton.</Unicode>
                </TextEquiv>
            </TextLine>
            <TextLine id="r1l6" custom="readingOrder {index:5;}">
                <Coords points="1509,472 2456,482 2487,434 1509,434"/>
                <Baseline points="1522,465 1569,465 1617,465 1664,465 1712,466 1759,466 1807,466 1854,467 1902,467 1949,467 1997,468 2045,468 2092,469 2140,469 2187,470 2235,470 2282,470 2330,471 2377,471 2425,471 2473,472"/>
                <TextEquiv>
                    <Unicode>unter Spielern Spiel. Die beiden Frauen, und</Unicode>
                </TextEquiv>
            </TextLine>
            <TextLine id="r1l7" custom="readingOrder {index:6;}">
                <Coords points="1515,514 2426,527 2495,477 1515,469"/>
                <Baseline points="1526,507 1573,508 1621,509 1669,510 1717,511 1764,511 1812,511 1860,512 1908,512 1955,512 2003,512 2051,512 2099,512 2146,512 2194,512 2242,512 2290,513 2337,513 2385,514 2433,515 2481,516"/>
                <TextEquiv>
                    <Unicode>etliche dazu, man darf an ihrer viele denken, sind</Unicode>
                </TextEquiv>
            </TextLine>
            <TextLine id="r1l8" custom="readingOrder {index:7;}">
                <Coords points="584,580 619,572 625,576 646,565 657,574 680,557 720,569 747,564 733,478 716,480 702,472 689,487 665,478 626,505 601,496 573,508"/>
                <Baseline points="594,564 621,560 648,556 675,552 702,547 730,542"/>
                <TextEquiv>
                    <Unicode>11.39</Unicode>
                </TextEquiv>
            </TextLine>
            <TextLine id="r1l9" custom="readingOrder {index:8;}">
                <Coords points="1511,552 2372,574 2483,550 2483,517 1511,512"/>
                <Baseline points="1523,549 1570,549 1617,550 1665,551 1712,551 1760,552 1807,553 1854,553 1902,554 1949,554 1997,554 2044,555 2091,555 2139,556 2186,556 2234,556 2281,556 2328,556 2376,556 2423,556 2471,556"/>
                <TextEquiv>
                    <Unicode>Schwestern, Schicksalsschwestern: keine, so entschei¬</Unicode>
                </TextEquiv>
            </TextLine>
            <TextLine id="r1l10" custom="readingOrder {index:9;}">
                <Coords points="825,550 860,568 916,561 968,574 989,561 1011,579 1029,564 1134,578 1159,563 1192,576 1247,564 1248,534 1210,539 1185,518 1172,526 1127,508 1027,522 987,499 934,511 874,497 826,522"/>
                <Baseline points="838,554 864,554 890,554 917,554 943,554 970,555 996,555 1022,555 1049,555 1075,555 1102,556 1128,556 1154,557 1181,557 1207,558 1234,559"/>
                <TextEquiv>
                    <Unicode>Kunst in Wien.</Unicode>
                </TextEquiv>
            </TextLine>
            <TextLine id="r1l11" custom="readingOrder {index:10;}">
                <Coords points="1506,604 2488,616 2488,556 1506,546"/>
                <Baseline points="1518,593 1565,593 1613,594 1661,595 1709,596 1757,596 1805,597 1853,598 1901,598 1949,599 1997,599 2044,600 2092,600 2140,600 2188,600 2236,600 2284,600 2332,600 2380,600 2428,599 2476,599"/>
                <TextEquiv>
                    <Unicode>det Casanova, keine hat ihm gehört, keine kann</Unicode>
                </TextEquiv>
            </TextLine>
            <TextLine id="r1l12" custom="readingOrder {index:11;}">
                <Coords points="794,618 819,610 857,635 910,618 988,638 1013,620 1083,620 1126,638 1261,610 1261,590 1166,563 1146,575 1028,565 983,580 910,563 890,578 839,548 827,558 794,545"/>
                <Baseline points="806,604 832,606 858,608 884,608 910,609 936,609 962,610 988,610 1014,609 1040,609 1066,609 1092,608 1118,608 1144,608 1170,607 1196,607 1222,607 1249,608"/>
                <TextEquiv>
                    <Unicode>Von Paul Stefan.</Unicode>
                </TextEquiv>
            </TextLine>
            <TextLine id="r1l13" custom="readingOrder {index:12;}">
                <Coords points="1515,642 2493,646 2493,601 1516,601"/>
                <Baseline points="1529,636 1576,636 1624,637 1671,637 1719,638 1766,639 1814,640 1861,640 1909,641 1956,642 2004,642 2052,643 2099,644 2147,644 2194,644 2242,644 2289,643 2337,643 2384,642 2432,641 2480,639"/>
                <TextEquiv>
                    <Unicode>ihm, keiner kann er je gehören. Denn es ist der</Unicode>
                </TextEquiv>
            </TextLine>
            <TextLine id="r1l14" custom="readingOrder {index:13;}">
                <Coords points="1042,696 1172,686 1240,703 1263,688 1358,706 1373,693 1444,698 1489,675 1489,627 1459,622 1424,648 1388,628 1331,648 1268,625 1207,648 1042,626"/>
                <Baseline points="1054,682 1080,684 1106,685 1133,685 1159,685 1185,685 1212,685 1238,685 1265,684 1291,683 1317,683 1344,683 1370,683 1396,683 1423,684 1449,684 1476,686"/>
                <TextEquiv>
                    <Unicode>Wien, Ende März.</Unicode>
                </TextEquiv>
            </TextLine>
            <TextLine id="r1l15" custom="readingOrder {index:14;}">
                <Coords points="1516,692 2501,683 2481,645 1516,646"/>
                <Baseline points="1529,685 1576,685 1624,684 1672,684 1720,684 1768,685 1816,685 1864,685 1912,685 1960,685 2008,685 2055,685 2103,685 2151,685 2199,685 2247,685 2295,684 2343,684 2391,683 2439,683 2487,682"/>
                <TextEquiv>
                    <Unicode>Fluch schon des ältesten Bezwingers, des Don</Unicode>
                </TextEquiv>
            </TextLine>
            <TextLine id="r1l16" custom="readingOrder {index:15;}">
                <Coords points="456,708 479,711 484,706 511,715 527,711 563,726 571,719 592,719 598,664 571,661 560,665 548,658 540,660 536,654 520,658 497,640 481,648 464,643"/>
                <Baseline points="470,705 497,710 524,712 551,715 578,719"/>
                <TextEquiv>
                    <Unicode>4</Unicode>
                </TextEquiv>
            </TextLine>
            <TextLine id="r1l17" custom="readingOrder {index:16;}">
                <Coords points="1523,733 2498,738 2498,683 1523,691"/>
                <Baseline points="1534,730 1581,729 1629,728 1676,728 1724,728 1771,727 1819,728 1866,728 1914,728 1961,728 2009,729 2056,729 2104,729 2151,729 2199,729 2246,729 2294,729 2341,729 2389,728 2436,727 2484,726"/>
                <TextEquiv>
                    <Unicode>Juan, daß er wohl Gewährung, aber nie Er¬</Unicode>
                </TextEquiv>
            </TextLine>
            <TextLine id="r1l18" custom="readingOrder {index:17;}">
                <Coords points="592,731 1499,748 1499,711 1419,695 592,691"/>
                <Baseline points="604,730 648,731 692,733 736,733 780,734 824,735 868,735 913,736 957,736 1001,736 1045,737 1089,737 1133,737 1177,737 1222,736 1266,736 1310,736 1354,736 1398,736 1442,736 1487,735"/>
                <TextEquiv>
                    <Unicode>Das Lustspiel „Die Schwestern oder Ca¬</Unicode>
                </TextEquiv>
            </TextLine>
            <TextLine id="r1l19" custom="readingOrder {index:18;}">
                <Coords points="1519,774 2489,783 2471,730 1519,731"/>
                <Baseline points="1532,770 1579,770 1626,770 1673,770 1720,770 1767,771 1814,771 1862,771 1909,772 1956,772 2003,772 2050,773 2097,773 2144,773 2192,773 2239,773 2286,772 2333,772 2380,771 2427,770 2475,769"/>
                <TextEquiv>
                    <Unicode>lösung und Vollendung finden kann. Und wenn</Unicode>
                </TextEquiv>
            </TextLine>
            <TextLine id="r1l20" custom="readingOrder {index:19;}">
                <Coords points="464,784 1511,784 1511,743 705,750 464,718"/>
                <Baseline points="476,775 527,776 578,777 629,778 680,779 731,780 782,780 833,781 884,781 935,782 987,782 1038,782 1089,782 1140,782 1191,782 1242,782 1293,782 1344,781 1395,781 1446,781 1498,780"/>
                <TextEquiv>
                    <Unicode> sanova iu Spa“, in drei Asten und in Verfen</Unicode>
                </TextEquiv>
            </TextLine>
            <TextLine id="r1l21" custom="readingOrder {index:20;}">
                <Coords points="1517,819 2492,835 2493,779 2450,774 1518,778"/>
                <Baseline points="1529,810 1576,810 1624,810 1671,811 1719,811 1766,812 1814,812 1861,813 1909,814 1956,815 2004,815 2052,816 2099,816 2147,817 2194,817 2242,817 2289,816 2337,816 2384,815 2432,813 2480,811"/>
                <TextEquiv>
                    <Unicode>es Schnitzlers Meisterschaft gibt, daß hier wirklich</Unicode>
                </TextEquiv>
            </TextLine>
            <TextLine id="r1l22" custom="readingOrder {index:21;}">
                <Coords points="442,848 839,817 1422,844 1510,822 1510,779 442,785"/>
                <Baseline points="455,820 507,821 559,822 611,823 663,824 715,825 767,826 819,827 871,828 923,829 976,829 1028,830 1080,830 1132,830 1184,829 1236,829 1288,828 1340,826 1392,825 1444,822 1497,820"/>
                <TextEquiv>
                    <Unicode>von Arthur Schnitlerwer lange vor der</Unicode>
                </TextEquiv>
            </TextLine>
            <TextLine id="r1l23" custom="readingOrder {index:22;}">
                <Coords points="1512,867 2452,873 2489,870 2490,835 1512,821"/>
                <Baseline points="1525,852 1572,852 1620,853 1667,853 1715,854 1762,855 1810,855 1857,856 1905,857 1952,857 2000,857 2048,858 2095,858 2143,858 2190,858 2238,858 2285,858 2333,858 2380,858 2428,857 2476,857"/>
                <TextEquiv>
                    <Unicode>einer, und nicht nur auf dem Theaterzettel, Casa¬</Unicode>
                </TextEquiv>
            </TextLine>
            <TextLine id="r1l24" custom="readingOrder {index:23;}">
                <Coords points="511,873 1510,880 1511,830 511,815"/>
                <Baseline points="522,864 570,865 619,866 668,867 717,868 766,869 814,869 863,870 912,870 961,870 1010,871 1058,871 1107,871 1156,870 1205,870 1254,870 1302,869 1351,869 1400,868 1449,867 1498,866"/>
                <TextEquiv>
                    <Unicode>Burgtheater= Uräufführung (bei S. Fischer) im</Unicode>
                </TextEquiv>
            </TextLine>
            <TextLine id="r1l25" custom="readingOrder {index:24;}">
                <Coords points="1510,904 2489,920 2490,872 1510,866"/>
                <Baseline points="1522,895 1569,896 1617,896 1665,897 1713,898 1761,898 1808,899 1856,899 1904,900 1952,900 2000,901 2047,901 2095,902 2143,902 2191,902 2239,902 2286,902 2334,901 2382,901 2430,900 2478,899"/>
                <TextEquiv>
                    <Unicode>nova ist, so ist er Schnitzler ganz besonders darin,</Unicode>
                </TextEquiv>
            </TextLine>
            <TextLine id="r1l26" custom="readingOrder {index:25;}">
                <Coords points="445,918 1505,919 1505,876 1440,869 445,853"/>
                <Baseline points="457,902 508,904 560,906 612,908 664,910 715,911 767,911 819,912 871,912 922,912 974,912 1026,912 1078,912 1129,911 1181,911 1233,910 1285,910 1336,909 1388,909 1440,909 1492,909"/>
                <TextEquiv>
                    <Unicode>K Druck erschienen. Der Dichter des „Anatol“ hat</Unicode>
                </TextEquiv>
            </TextLine>
            <TextLine id="r1l27" custom="readingOrder {index:26;}">
                <Coords points="1514,944 2288,952 2361,981 2502,945 2502,910 2349,903 1515,901"/>
                <Baseline points="1527,941 1575,940 1623,939 1671,939 1719,939 1767,939 1815,940 1863,941 1911,942 1959,943 2008,945 2056,946 2104,947 2152,948 2200,949 2248,949 2296,950 2344,950 2392,949 2440,949 2489,948"/>
                <TextEquiv>
                    <Unicode>daß er einen Casanova gestaltet hat, der saft Don</Unicode>
                </TextEquiv>
            </TextLine>
            <TextLine id="r1l28" custom="readingOrder {index:27;}">
                <Coords points="533,953 1505,969 1507,931 532,918"/>
                <Baseline points="545,955 592,955 640,955 687,955 735,956 782,956 830,956 877,956 925,956 972,956 1020,956 1068,956 1115,956 1163,956 1210,956 1258,955 1305,955 1353,954 1400,953 1448,952 1496,951"/>
                <TextEquiv>
                    <Unicode>sich, alternd und gereift, der -Gestalt Casa¬</Unicode>
                </TextEquiv>
            </TextLine>
            <TextLine id="r1l29" custom="readingOrder {index:28;}">
                <Coords points="457,984 477,981 486,987 498,985 487,915 470,918 462,914 457,918 447,919"/>
                <Baseline points="470,976 484,974"/>
                <TextEquiv>
                    <Unicode></Unicode>
                </TextEquiv>
            </TextLine>
            <TextLine id="r1l30" custom="readingOrder {index:29;}">
                <Coords points="1519,1010 1544,1018 1605,988 1685,999 1723,984 1748,997 1813,990 1846,1003 1891,988 1892,960 1866,965 1814,945 1804,955 1520,945"/>
                <Baseline points="1531,984 1557,983 1584,982 1611,981 1637,981 1664,981 1691,981 1717,982 1744,982 1771,983 1797,983 1824,984 1851,985 1878,986"/>
                <TextEquiv>
                    <Unicode>Juan sein könnte.</Unicode>
                </TextEquiv>
            </TextLine>
            <TextLine id="r1l31" custom="readingOrder {index:30;}">
                <Coords points="540,1001 1412,1016 1502,1009 1503,966 540,966"/>
                <Baseline points="553,996 599,996 646,997 693,998 740,998 787,998 833,998 880,998 927,999 974,999 1021,999 1067,999 1114,998 1161,998 1208,998 1255,999 1301,999 1348,999 1395,999 1442,999 1489,1000"/>
                <TextEquiv>
                    <Unicode>novas zugewendet. Die Probleme Schnitzlers, die</Unicode>
                </TextEquiv>
            </TextLine>
            <TextLine id="r1l32" custom="readingOrder {index:31;}">
                <Coords points="1562,1032 2497,1039 2497,992 2286,974 1563,992"/>
                <Baseline points="1576,1022 1621,1025 1666,1027 1712,1028 1757,1029 1803,1030 1848,1031 1893,1031 1939,1032 1984,1032 2030,1032 2075,1032 2120,1031 2166,1031 2211,1031 2257,1030 2302,1030 2347,1029 2393,1029 2438,1028 2484,1028"/>
                <TextEquiv>
                    <Unicode>Diese Gestalt wurde von Treßler verkörpert.</Unicode>
                </TextEquiv>
            </TextLine>
            <TextLine id="r1l33" custom="readingOrder {index:32;}">
                <Coords points="547,1045 1515,1054 1514,998 547,1005"/>
                <Baseline points="561,1037 608,1039 655,1040 702,1041 749,1042 796,1042 843,1042 890,1041 937,1041 984,1040 1031,1040 1078,1039 1125,1038 1172,1038 1219,1037 1266,1037 1313,1037 1360,1037 1407,1037 1454,1038 1502,1040"/>
                <TextEquiv>
                    <Unicode>Probleme Anatols, oder vielmehr die Motive die¬</Unicode>
                </TextEquiv>
            </TextLine>
            <TextLine id="r1l34" custom="readingOrder {index:33;}">
                <Coords points="1506,1076 2426,1087 2491,1077 2492,1039 1979,1029 1929,1054 1507,1026"/>
                <Baseline points="1519,1070 1567,1070 1615,1070 1663,1071 1711,1072 1759,1073 1807,1074 1855,1074 1903,1075 1951,1076 1999,1076 2047,1077 2095,1077 2143,1077 2191,1077 2239,1077 2287,1077 2335,1076 2383,1075 2431,1073 2479,1071"/>
                <TextEquiv>
                    <Unicode>Der Gaukler gelang, der Philosoph blieb ver¬</Unicode>
                </TextEquiv>
            </TextLine>
            <TextLine id="r1l35" custom="readingOrder {index:34;}">
                <Coords points="553,1093 1483,1088 1415,1043 553,1048"/>
                <Baseline points="566,1084 611,1084 656,1085 701,1085 746,1085 792,1085 837,1085 882,1085 927,1085 972,1085 1018,1084 1063,1084 1108,1084 1153,1083 1198,1083 1244,1083 1289,1082 1334,1082 1379,1081 1424,1081 1470,1080"/>
                <TextEquiv>
                    <Unicode>ser reizenden Anatol=Spiele kehren wieder —</Unicode>
                </TextEquiv>
            </TextLine>
            <TextLine id="r1l36" custom="readingOrder {index:35;}">
                <Coords points="1513,1127 2495,1114 2478,1081 2324,1093 2246,1065 2221,1088 1513,1077"/>
                <Baseline points="1525,1115 1572,1115 1620,1115 1668,1115 1716,1116 1764,1116 1812,1117 1860,1118 1908,1119 1956,1120 2004,1120 2051,1121 2099,1121 2147,1121 2195,1121 2243,1121 2291,1120 2339,1120 2387,1118 2435,1116 2483,1114"/>
                <TextEquiv>
                    <Unicode>borgen, der Bezwinger bezwang nicht; doch war es</Unicode>
                </TextEquiv>
            </TextLine>
            <TextLine id="r1l37" custom="readingOrder {index:36;}">
                <Coords points="533,1130 1043,1153 1511,1131 1510,1098 1453,1088 533,1090"/>
                <Baseline points="547,1129 594,1129 642,1130 689,1130 737,1130 784,1129 832,1129 879,1129 927,1129 974,1128 1022,1128 1070,1127 1117,1127 1165,1127 1212,1126 1260,1126 1307,1126 1355,1126 1402,1126 1450,1126 1498,1127"/>
                <TextEquiv>
                    <Unicode>kehren wieder. Darin zeigt sich der Künstler, darin</Unicode>
                </TextEquiv>
            </TextLine>
            <TextLine id="r1l38" custom="readingOrder {index:37;}">
                <Coords points="1516,1165 2486,1182 2486,1134 2419,1121 1517,1122"/>
                <Baseline points="1528,1157 1575,1158 1622,1158 1669,1159 1717,1159 1764,1160 1811,1160 1859,1161 1906,1161 1953,1162 2001,1163 2048,1163 2095,1163 2142,1164 2190,1164 2237,1164 2284,1164 2332,1164 2379,1164 2426,1163 2474,1163"/>
                <TextEquiv>
                    <Unicode>eine Leistung. Leistung war auch das Spiel der</Unicode>
                </TextEquiv>
            </TextLine>
            <TextLine id="r1l39" custom="readingOrder {index:38;}">
                <Coords points="549,1178 1011,1185 1059,1160 1172,1190 1506,1190 1506,1137 1478,1135 549,1133"/>
                <Baseline points="562,1169 608,1170 655,1171 701,1172 748,1173 795,1173 841,1173 888,1173 934,1173 981,1172 1028,1172 1074,1171 1121,1171 1167,1170 1214,1170 1261,1170 1307,1170 1354,1171 1400,1171 1447,1172 1494,1174"/>
                <TextEquiv>
                    <Unicode>der Meister, daß es mit immer neuer Grazie,</Unicode>
                </TextEquiv>
            </TextLine>
            <TextLine id="r1l40" custom="readingOrder {index:39;}">
                <Coords points="1512,1217 2386,1223 2487,1201 2487,1155 1512,1164"/>
                <Baseline points="1525,1202 1572,1202 1619,1201 1667,1201 1714,1201 1762,1201 1809,1202 1856,1202 1904,1202 1951,1203 1999,1203 2046,1204 2093,1204 2141,1205 2188,1205 2236,1206 2283,1206 2330,1206 2378,1207 2425,1206 2473,1206"/>
                <TextEquiv>
                    <Unicode>übrigen, besonders der Frau Aknay, die eine der</Unicode>
                </TextEquiv>
            </TextLine>
            <TextLine id="r1l41" custom="readingOrder {index:40;}">
                <Coords points="547,1224 1509,1225 1509,1184 1451,1177 547,1176"/>
                <Baseline points="559,1214 605,1214 652,1214 699,1214 746,1214 793,1214 840,1214 886,1214 933,1214 980,1213 1027,1213 1074,1213 1121,1213 1168,1213 1214,1214 1261,1214 1308,1214 1355,1214 1402,1215 1449,1215 1496,1216"/>
                <TextEquiv>
                    <Unicode>immer neuer Schönheit geschieht. Die Relativität,</Unicode>
                </TextEquiv>
            </TextLine>
            <TextLine id="r1l42" custom="readingOrder {index:41;}">
                <Coords points="1512,1249 2479,1265 2500,1205 1512,1214"/>
                <Baseline points="1524,1243 1572,1244 1620,1244 1668,1245 1716,1245 1764,1246 1812,1247 1860,1247 1908,1248 1956,1248 2005,1249 2053,1249 2101,1250 2149,1250 2197,1250 2245,1251 2293,1251 2341,1251 2389,1251 2437,1250 2486,1250"/>
                <TextEquiv>
                    <Unicode>Schicksalsschwestern sehr hübsch verkörperte, des</Unicode>
                </TextEquiv>
            </TextLine>
            <TextLine id="r1l43" custom="readingOrder {index:42;}">
                <Coords points="544,1271 1509,1280 1509,1225 1463,1220 544,1223"/>
                <Baseline points="557,1256 603,1257 650,1257 697,1257 744,1257 791,1258 838,1258 885,1258 932,1258 979,1258 1026,1258 1072,1258 1119,1258 1166,1258 1213,1258 1260,1257 1307,1257 1354,1257 1401,1256 1448,1256 1495,1255"/>
                <TextEquiv>
                    <Unicode>ja Belanglosigkeit des doch so schwer genommenen</Unicode>
                </TextEquiv>
            </TextLine>
            <TextLine id="r1l44" custom="readingOrder {index:43;}">
                <Coords points="1512,1300 2359,1296 2500,1324 2500,1271 2465,1251 1512,1250"/>
                <Baseline points="1525,1292 1573,1292 1621,1292 1669,1292 1717,1291 1765,1291 1813,1291 1862,1291 1910,1291 1958,1291 2006,1291 2054,1291 2102,1292 2150,1292 2199,1292 2247,1293 2295,1293 2343,1294 2391,1295 2439,1296 2488,1297"/>
                <TextEquiv>
                    <Unicode>jungen####ig und Heines. Der Erfolg beim</Unicode>
                </TextEquiv>
            </TextLine>
            <TextLine id="r1l45" custom="readingOrder {index:44;}">
                <Coords points="540,1304 1504,1322 1504,1267 540,1264"/>
                <Baseline points="553,1300 600,1301 647,1301 694,1302 741,1302 788,1303 835,1303 882,1303 929,1303 976,1303 1023,1303 1070,1303 1117,1303 1164,1302 1211,1302 1258,1302 1305,1302 1352,1302 1399,1302 1446,1302 1493,1302"/>
                <TextEquiv>
                    <Unicode>Einzelschicksals der Liebe, der Treue, ja auch nur</Unicode>
                </TextEquiv>
            </TextLine>
            <TextLine id="r1l46" custom="readingOrder {index:45;}">
                <Coords points="1505,1343 1935,1339 1935,1301 1905,1296 1807,1309 1782,1294 1762,1304 1631,1300 1611,1287 1505,1295"/>
                <Baseline points="1517,1337 1542,1336 1567,1335 1593,1334 1618,1334 1643,1334 1669,1334 1694,1334 1720,1334 1745,1334 1770,1334 1796,1334 1821,1334 1846,1334 1872,1334 1897,1334 1923,1333"/>
                <TextEquiv>
                    <Unicode>Parblikum war groß.</Unicode>
                </TextEquiv>
            </TextLine>
            <TextLine id="r1l47" custom="readingOrder {index:46;}">
                <Coords points="540,1357 1502,1351 1502,1311 1419,1299 540,1305"/>
                <Baseline points="553,1346 599,1346 646,1346 693,1346 740,1346 787,1346 833,1346 880,1346 927,1346 974,1346 1021,1345 1067,1345 1114,1345 1161,1344 1208,1344 1255,1344 1301,1344 1348,1344 1395,1344 1442,1343 1489,1343"/>
                <TextEquiv>
                    <Unicode>der Beständigkeit, dies alles spricht sich diesmal im</Unicode>
                </TextEquiv>
            </TextLine>
            <TextLine id="r1l48" custom="readingOrder {index:47;}">
                <Coords points="540,1391 1444,1408 1522,1400 1522,1340 1394,1370 539,1356"/>
                <Baseline points="551,1390 601,1390 651,1390 702,1390 752,1390 803,1390 853,1390 904,1390 954,1389 1005,1389 1055,1389 1106,1389 1156,1389 1207,1389 1257,1389 1308,1389 1358,1389 1409,1389 1459,1389 1510,1390"/>
                <TextEquiv>
                    <Unicode>Kostüm der klassischen Abenteurerzeit aus. Hat</Unicode>
                </TextEquiv>
            </TextLine>
            <TextLine id="r1l49" custom="readingOrder {index:48;}">
                <Coords points="539,1448 1509,1446 1509,1396 1413,1388 539,1395"/>
                <Baseline points="551,1432 598,1432 645,1433 692,1433 740,1434 787,1434 834,1434 882,1435 929,1435 976,1435 1024,1435 1071,1435 1118,1435 1165,1435 1213,1435 1260,1435 1307,1434 1355,1434 1402,1433 1449,1433 1497,1432"/>
                <TextEquiv>
                    <Unicode>Casanova die Gunst der Frau gefunden, die er</Unicode>
                </TextEquiv>
            </TextLine>
            <TextLine id="r1l50" custom="readingOrder {index:49;}">
                <Coords points="530,1476 1523,1497 1522,1455 1372,1435 530,1446"/>
                <Baseline points="543,1479 591,1478 639,1478 688,1478 736,1477 785,1477 833,1477 881,1477 930,1477 978,1477 1027,1477 1075,1477 1123,1477 1172,1477 1220,1477 1269,1477 1317,1477 1365,1477 1414,1477 1462,1476 1511,1475"/>
                <TextEquiv>
                    <Unicode>finden wollte, oder jener andern, die sich ihm an</Unicode>
                </TextEquiv>
            </TextLine>
            <TextLine id="r1l51" custom="readingOrder {index:50;}">
                <Coords points="539,1536 972,1512 1341,1536 1376,1505 1411,1533 1522,1526 1499,1481 540,1484"/>
                <Baseline points="552,1518 599,1518 647,1518 695,1518 743,1519 791,1519 839,1519 887,1519 935,1519 983,1519 1031,1519 1078,1519 1126,1519 1174,1519 1222,1519 1270,1520 1318,1520 1366,1520 1414,1520 1462,1520 1510,1520"/>
                <TextEquiv>
                    <Unicode>der Gesuchten Statt durch Zufall gab? Drei</Unicode>
                </TextEquiv>
            </TextLine>
            <TextLine id="r1l52" custom="readingOrder {index:51;}">
                <Coords points="530,1572 674,1566 721,1575 741,1565 822,1578 867,1561 868,1521 802,1535 762,1525 724,1542 629,1516 611,1528 531,1534"/>
                <Baseline points="543,1560 569,1560 595,1560 621,1560 647,1561 673,1561 699,1561 725,1562 751,1562 777,1562 803,1563 829,1563 855,1564"/>
                <TextEquiv>
                    <Unicode>Stunden lang</Unicode>
                </TextEquiv>
            </TextLine>
            <TextLine id="r1l53" custom="readingOrder {index:52;}">
                <Coords points="913,1566 1257,1576 1335,1551 1421,1584 1516,1579 1516,1526 1494,1524 913,1528"/>
                <Baseline points="926,1559 954,1560 983,1560 1012,1561 1041,1561 1070,1561 1099,1562 1128,1562 1157,1562 1186,1562 1215,1562 1243,1561 1272,1561 1301,1561 1330,1561 1359,1561 1388,1561 1417,1561 1446,1561 1475,1561 1504,1561"/>
                <TextEquiv>
                    <Unicode>und diese Stunden werden</Unicode>
                </TextEquiv>
            </TextLine>
            <TextLine id="r1l54" custom="readingOrder {index:53;}">
                <Coords points="529,1607 1506,1619 1506,1584 1333,1566 529,1574"/>
                <Baseline points="540,1601 587,1604 635,1606 683,1608 730,1609 778,1610 826,1610 873,1611 921,1611 969,1611 1017,1610 1064,1610 1112,1610 1160,1609 1207,1609 1255,1609 1303,1608 1350,1608 1398,1608 1446,1609 1494,1610"/>
                <TextEquiv>
                    <Unicode>nicht lang, man spielte sogar ohne Pausen —,</Unicode>
                </TextEquiv>
            </TextLine>
            <TextLine id="r1l55" custom="readingOrder {index:54;}">
                <Coords points="523,1673 1533,1666 1532,1626 1442,1613 522,1630"/>
                <Baseline points="536,1652 585,1652 634,1653 683,1653 732,1653 782,1653 831,1653 880,1653 929,1653 978,1653 1028,1653 1077,1653 1126,1653 1175,1653 1224,1653 1274,1652 1323,1652 1372,1652 1421,1651 1470,1651 1520,1651"/>
                <TextEquiv>
                    <Unicode>drei Stunden gibt es darum Zank, Intrige, Ver¬</Unicode>
                </TextEquiv>
            </TextLine>
            <TextLine id="r1l56" custom="readingOrder {index:55;}">
                <Coords points="2016,1669 2140,1654 2245,1687 2379,1660 2491,1696 2519,1677 2705,1688 2726,1603 2578,1591 2549,1618 2468,1586 2121,1591 2066,1568 2020,1589"/>
                <Baseline points="2030,1645 2064,1646 2098,1646 2132,1647 2166,1648 2200,1649 2234,1650 2268,1652 2302,1654 2336,1655 2370,1657 2404,1659 2438,1661 2472,1663 2506,1664 2540,1666 2574,1668 2608,1670 2642,1670 2676,1672 2711,1673"/>
                <TextEquiv>
                    <Unicode>Humoristische Blätter, Wien</Unicode>
                </TextEquiv>
            </TextLine>
            <TextLine id="r1l57" custom="readingOrder {index:56;}">
                <Coords points="2534,1752 2559,1750 2567,1742 2610,1748 2627,1740 2650,1753 2683,1738 2700,1743 2723,1726 2738,1726 2738,1691 2655,1685 2633,1693 2620,1682 2535,1687"/>
                <Baseline points="2546,1728 2571,1727 2597,1727 2622,1728 2648,1729 2673,1729 2699,1729 2725,1727"/>
                <TextEquiv>
                    <Unicode>Seite 3</Unicode>
                </TextEquiv>
            </TextLine>
            <TextLine id="r1l58" custom="readingOrder {index:57;}">
                <Coords points="2115,1941 2376,1955 2411,1938 2439,1951 2464,1928 2550,1949 2665,1914 2666,1864 2578,1803 2530,1795 2457,1808 2334,1787 2246,1814 2184,1786 2146,1811 2116,1803"/>
                <Baseline points="2128,1921 2154,1919 2180,1919 2206,1918 2232,1917 2259,1917 2285,1917 2311,1917 2337,1918 2363,1918 2390,1919 2416,1919 2442,1920 2468,1920 2494,1921 2521,1921 2547,1921 2573,1921 2599,1920 2625,1920 2652,1918"/>
                <TextEquiv>
                    <Unicode>EATER.</Unicode>
                </TextEquiv>
            </TextLine>
            <TextLine id="r1l59" custom="readingOrder {index:58;}">
                <Coords points="1898,2030 2727,2048 2787,2034 2788,1978 2682,1998 2514,1973 2446,1998 2406,1972 2140,1992 1899,1970"/>
                <Baseline points="1910,2022 1953,2022 1996,2023 2039,2023 2083,2024 2126,2024 2169,2024 2213,2025 2256,2025 2299,2025 2343,2026 2386,2026 2429,2026 2472,2027 2516,2027 2559,2028 2602,2028 2646,2029 2689,2029 2732,2030 2776,2031"/>
                <TextEquiv>
                    <Unicode>„Die Schwestern“ oder „Casanovain</Unicode>
                </TextEquiv>
            </TextLine>
            <TextLine id="r1l60" custom="readingOrder {index:59;}">
                <Coords points="1790,2099 1924,2075 2767,2112 2791,2050 1791,2023"/>
                <Baseline points="1804,2075 1852,2076 1901,2078 1949,2079 1998,2080 2047,2081 2095,2081 2144,2082 2193,2082 2241,2083 2290,2083 2339,2083 2387,2083 2436,2084 2485,2084 2533,2085 2582,2085 2631,2086 2679,2087 2728,2088 2777,2090"/>
                <TextEquiv>
                    <Unicode>Spa“ von Artur Schnitzler ist ein ziemlich</Unicode>
                </TextEquiv>
            </TextLine>
            <TextLine id="r1l61" custom="readingOrder {index:60;}">
                <Coords points="1792,2136 1862,2162 2797,2167 2797,2105 2735,2096 1792,2098"/>
                <Baseline points="1804,2131 1853,2133 1902,2135 1951,2137 2000,2138 2049,2139 2098,2140 2147,2141 2196,2142 2245,2142 2294,2142 2343,2143 2392,2143 2441,2143 2490,2144 2539,2144 2588,2145 2637,2146 2686,2146 2735,2147 2784,2149"/>
                <TextEquiv>
                    <Unicode>mättes Werk. Breitgetreiefle, Krob sexuelle</Unicode>
                </TextEquiv>
            </TextLine>
            <TextLine id="r1l62" custom="readingOrder {index:61;}">
                <Coords points="1788,2209 2157,2234 2796,2210 2796,2167 2678,2153 2007,2167 1789,2131"/>
                <Baseline points="1800,2191 1849,2193 1898,2195 1947,2196 1996,2198 2045,2199 2094,2200 2144,2200 2193,2201 2242,2202 2291,2202 2340,2202 2389,2203 2438,2203 2488,2203 2537,2204 2586,2204 2635,2205 2684,2205 2733,2206 2783,2207"/>
                <TextEquiv>
                    <Unicode>Probleme, allzu geistreich gewendet und ge¬</Unicode>
                </TextEquiv>
            </TextLine>
            <TextLine id="r1l63" custom="readingOrder {index:62;}">
                <Coords points="1791,2271 1811,2268 1821,2279 1831,2274 1839,2281 1861,2259 1872,2259 1879,2267 1892,2267 1899,2260 1922,2275 1942,2255 1954,2255 1955,2228 1932,2230 1910,2212 1882,2202 1867,2209 1837,2203 1812,2218 1792,2213"/>
                <Baseline points="1804,2249 1831,2250 1859,2249 1887,2250 1915,2250 1943,2252"/>
                <TextEquiv>
                    <Unicode>dreht.</Unicode>
                </TextEquiv>
            </TextLine>
            <TextLine id="r1l64" custom="readingOrder {index:63;}">
                <Coords points="1882,2330 2384,2335 2510,2370 2578,2336 2799,2352 2800,2279 2744,2298 2695,2267 2061,2295 1991,2256 1883,2282"/>
                <Baseline points="1894,2321 1938,2322 1983,2324 2027,2325 2072,2327 2117,2328 2161,2329 2206,2330 2251,2332 2295,2332 2340,2333 2385,2334 2429,2335 2474,2335 2519,2335 2563,2336 2608,2335 2653,2335 2697,2334 2742,2334 2787,2333"/>
                <TextEquiv>
                    <Unicode>Die Darstellung im Burgtheater blieb</Unicode>
                </TextEquiv>
            </TextLine>
            <TextLine id="r1l65" custom="readingOrder {index:64;}">
                <Coords points="1780,2382 2464,2388 2387,2336 2241,2358 2015,2331 1979,2353 1957,2333 1782,2322"/>
                <Baseline points="1794,2377 1826,2378 1859,2379 1892,2380 1925,2381 1958,2382 1990,2383 2023,2384 2056,2384 2089,2385 2122,2386 2154,2386 2187,2387 2220,2387 2253,2388 2285,2388 2318,2389 2351,2389 2384,2389 2417,2390 2450,2390"/>
                <TextEquiv>
                    <Unicode>(dem Werk manches schuldig.</Unicode>
                </TextEquiv>
            </TextLine>
            <TextLine id="r1l66" custom="readingOrder {index:65;}">
                <Coords points="2498,2439 2526,2443 2539,2434 2552,2435 2558,2355 2545,2354 2540,2359 2528,2355 2525,2358 2505,2356"/>
                <Baseline points="2512,2423 2540,2425"/>
                <TextEquiv>
                    <Unicode>ende</Unicode>
                </TextEquiv>
            </TextLine>
            <TextLine id="r1l67" custom="readingOrder {index:66;}">
                <Coords points="1172,2576 1238,2590 1270,2576 1285,2586 1310,2572 1336,2591 1365,2575 1405,2570 1402,2493 1360,2504 1334,2488 1279,2513 1246,2502 1229,2518 1169,2526"/>
                <Baseline points="1183,2569 1209,2568 1235,2567 1261,2566 1287,2564 1313,2562 1339,2561 1365,2561 1392,2562"/>
                <TextEquiv>
                    <Unicode>15APR1920</Unicode>
                </TextEquiv>
            </TextLine>
            <TextLine id="r1l68" custom="readingOrder {index:67;}">
                <Coords points="1056,2704 1331,2699 1395,2720 1426,2702 1651,2729 1707,2712 1710,2669 1613,2641 1462,2651 1405,2625 1060,2629"/>
                <Baseline points="1070,2681 1101,2682 1132,2682 1163,2683 1194,2684 1226,2685 1257,2686 1288,2688 1319,2690 1350,2691 1382,2693 1413,2695 1444,2697 1475,2699 1506,2701 1538,2703 1569,2705 1600,2707 1631,2709 1662,2711 1694,2713"/>
                <TextEquiv>
                    <Unicode>WIENER CARCATUREN</Unicode>
                </TextEquiv>
            </TextLine>
            <TextLine id="r1l69" custom="readingOrder {index:68;}">
                <Coords points="917,2806 1033,2820 1063,2820 1083,2804 1106,2817 1128,2801 1163,2806 1163,2756 1125,2766 1095,2746 1073,2752 1057,2742 1017,2757 995,2750 952,2758 917,2746"/>
                <Baseline points="931,2805 958,2804 986,2803 1013,2802 1041,2802 1069,2801 1096,2802 1124,2802 1152,2804"/>
                <TextEquiv>
                    <Unicode>Seite 6</Unicode>
                </TextEquiv>
            </TextLine>
            <TextLine id="r1l70" custom="readingOrder {index:69;}">
                <Coords points="1986,2820 2818,2808 2818,2773 2680,2752 2315,2754 2280,2779 2250,2754 1986,2755"/>
                <Baseline points="1999,2808 2039,2809 2079,2809 2119,2809 2160,2809 2200,2810 2240,2810 2280,2810 2321,2811 2361,2811 2401,2812 2441,2812 2482,2812 2522,2813 2562,2813 2602,2813 2643,2813 2683,2813 2723,2813 2763,2813 2804,2813"/>
                <TextEquiv>
                    <Unicode>WIENER CARICATUREN</Unicode>
                </TextEquiv>
            </TextLine>
            <TextLine id="r1l71" custom="readingOrder {index:70;}">
                <Coords points="1871,2942 2816,2947 2866,2975 2867,2905 2831,2894 1872,2897"/>
                <Baseline points="1883,2935 1931,2936 1980,2937 2028,2937 2077,2938 2125,2939 2174,2940 2222,2940 2271,2940 2319,2941 2368,2941 2416,2941 2465,2941 2513,2941 2562,2941 2610,2941 2659,2941 2707,2941 2756,2941 2804,2941 2853,2941"/>
                <TextEquiv>
                    <Unicode>vom Inkognitobeischlaf bei Shakespeare</Unicode>
                </TextEquiv>
            </TextLine>
            <TextLine id="r1l72" custom="readingOrder {index:71;}">
                <Coords points="1872,3018 1904,3019 1925,3002 1982,3024 2038,3013 2063,3021 2093,3004 2108,3015 2146,2998 2147,2973 2119,2975 2085,2951 2062,2958 2040,2952 2027,2962 1979,2961 1957,2947 1914,2959 1874,2952"/>
                <Baseline points="1886,2989 1913,2990 1940,2992 1968,2993 1995,2994 2023,2995 2050,2996 2078,2996 2105,2996 2133,2996"/>
                <TextEquiv>
                    <Unicode>behandelt.</Unicode>
                </TextEquiv>
            </TextLine>
            <TextLine id="r1l73" custom="readingOrder {index:72;}">
                <Coords points="1046,3092 1087,3100 1132,3060 1320,3092 1401,3057 1639,3090 1747,3075 1747,2881 1046,2886"/>
                <Baseline points="1059,3065 1092,3063 1126,3061 1160,3059 1194,3058 1228,3057 1261,3057 1295,3057 1329,3057 1363,3057 1397,3057 1430,3058 1464,3058 1498,3059 1532,3060 1565,3060 1599,3060 1633,3060 1667,3060 1701,3060 1735,3059"/>
                <TextEquiv>
                    <Unicode>HEATLI</Unicode>
                </TextEquiv>
            </TextLine>
            <TextLine id="r1l74" custom="readingOrder {index:73;}">
                <Coords points="1959,3077 2270,3101 2381,3079 2413,3107 2466,3078 2690,3075 2790,3099 2856,3069 2856,3022 1959,3027"/>
                <Baseline points="1971,3065 2014,3064 2058,3064 2101,3065 2145,3065 2189,3065 2232,3066 2276,3067 2319,3068 2363,3068 2407,3069 2450,3070 2494,3071 2537,3071 2581,3072 2625,3072 2668,3072 2712,3072 2755,3072 2799,3071 2843,3070"/>
                <TextEquiv>
                    <Unicode>Und hier ein fluches Gewitzel, talmun.</Unicode>
                </TextEquiv>
            </TextLine>
            <TextLine id="r1l75" custom="readingOrder {index:74;}">
                <Coords points="1863,3154 1911,3148 1925,3158 1941,3146 1973,3154 2014,3130 2054,3136 2066,3149 2092,3137 2152,3146 2180,3139 2180,3106 2143,3105 2116,3077 2078,3091 2025,3072 2000,3094 1980,3094 1928,3060 1864,3089"/>
                <Baseline points="1876,3121 1902,3122 1929,3122 1955,3123 1982,3124 2008,3125 2035,3126 2061,3127 2088,3127 2114,3127 2141,3127 2168,3126"/>
                <TextEquiv>
                    <Unicode>scher Dreh.</Unicode>
                </TextEquiv>
            </TextLine>
            <TextLine id="r1l76" custom="readingOrder {index:75;}">
                <Coords points="1953,3195 2050,3224 2329,3203 2842,3228 2872,3223 2873,3140 2759,3169 2546,3132 2508,3162 2446,3136 1953,3155"/>
                <Baseline points="1965,3192 2009,3192 2054,3193 2099,3194 2144,3195 2188,3195 2233,3196 2278,3197 2323,3197 2367,3198 2412,3199 2457,3199 2502,3200 2546,3200 2591,3200 2636,3200 2681,3200 2725,3200 2770,3199 2815,3198 2860,3197"/>
                <TextEquiv>
                    <Unicode>Uberdies ist Treßlerkein Cosanova.</Unicode>
                </TextEquiv>
            </TextLine>
            <TextLine id="r1l77" custom="readingOrder {index:76;}">
                <Coords points="1312,3253 1346,3265 1367,3262 1395,3283 1411,3272 1426,3274 1434,3207 1419,3205 1392,3174 1350,3172 1338,3180 1322,3173"/>
                <Baseline points="1327,3244 1356,3244 1386,3249 1416,3253"/>
                <TextEquiv>
                    <Unicode>81</Unicode>
                </TextEquiv>
            </TextLine>
            <TextLine id="r1l78" custom="readingOrder {index:77;}">
                <Coords points="1961,3276 2871,3279 2871,3221 1962,3221"/>
                <Baseline points="1975,3264 2019,3266 2063,3267 2107,3269 2151,3269 2196,3270 2240,3270 2284,3270 2328,3269 2372,3269 2417,3269 2461,3268 2505,3268 2549,3267 2593,3267 2638,3267 2682,3268 2726,3268 2770,3270 2814,3272 2859,3274"/>
                <TextEquiv>
                    <Unicode>Soweit ein Fehlschlag imhart geprüften</Unicode>
                </TextEquiv>
            </TextLine>
            <TextLine id="r1l79" custom="readingOrder {index:78;}">
                <Coords points="1859,3348 1897,3335 1912,3348 1967,3338 1985,3350 2040,3338 2078,3358 2161,3330 2176,3345 2204,3335 2221,3350 2251,3347 2251,3282 2178,3290 2138,3275 2088,3292 2000,3277 1952,3292 1925,3290 1897,3262 1859,3275"/>
                <Baseline points="1872,3318 1898,3321 1924,3323 1950,3325 1976,3325 2002,3326 2028,3326 2055,3325 2081,3325 2107,3324 2133,3323 2159,3323 2185,3322 2211,3322 2238,3322"/>
                <TextEquiv>
                    <Unicode>Burgtheater.</Unicode>
                </TextEquiv>
            </TextLine>
            <TextLine id="r1l80" custom="readingOrder {index:79;}">
                <Coords points="959,3405 1853,3414 1853,3359 1501,3328 1423,3366 1341,3336 1237,3366 1162,3335 959,3363"/>
                <Baseline points="970,3399 1013,3401 1057,3403 1100,3404 1144,3405 1187,3406 1231,3406 1274,3407 1318,3407 1361,3407 1405,3407 1448,3407 1492,3407 1535,3406 1579,3406 1622,3405 1666,3405 1709,3404 1753,3404 1796,3403 1840,3402"/>
                <TextEquiv>
                    <Unicode>Artur Schnitzler sollte sich etwas</Unicode>
                </TextEquiv>
            </TextLine>
            <TextLine id="r1l81" custom="readingOrder {index:80;}">
                <Coords points="856,3463 912,3479 927,3466 952,3479 1007,3475 1032,3490 1075,3471 1105,3484 1143,3479 1155,3492 1228,3485 1229,3423 1184,3409 1131,3424 1046,3413 1008,3427 933,3409 857,3410"/>
                <Baseline points="868,3458 894,3459 921,3460 948,3461 975,3461 1001,3461 1028,3461 1055,3461 1082,3461 1108,3461 1135,3462 1162,3463 1189,3463 1216,3465"/>
                <TextEquiv>
                    <Unicode>Ruhe gönnen</Unicode>
                </TextEquiv>
            </TextLine>
            <TextLine id="r1l82" custom="readingOrder {index:81;}">
                <Coords points="954,3534 1854,3558 1854,3490 1627,3505 1316,3468 1112,3496 954,3471"/>
                <Baseline points="966,3529 1009,3530 1053,3530 1097,3530 1140,3530 1184,3530 1228,3530 1271,3530 1315,3529 1359,3529 1403,3529 1446,3529 1490,3528 1534,3528 1577,3528 1621,3528 1665,3529 1708,3529 1752,3529 1796,3530 1840,3531"/>
                <TextEquiv>
                    <Unicode>Er hat soviel Wertvolles geboten,</Unicode>
                </TextEquiv>
            </TextLine>
            <TextLine id="r1l83" custom="readingOrder {index:82;}">
                <Coords points="851,3599 1642,3595 1730,3626 1864,3591 1864,3551 1723,3535 1587,3567 851,3536"/>
                <Baseline points="864,3588 913,3588 962,3589 1011,3589 1061,3589 1110,3590 1159,3590 1209,3590 1258,3591 1307,3591 1357,3591 1406,3591 1455,3592 1504,3592 1554,3592 1603,3592 1652,3592 1702,3592 1751,3592 1800,3592 1850,3592"/>
                <TextEquiv>
                    <Unicode>daß er es nicht nötig hat, um jeden</Unicode>
                </TextEquiv>
            </TextLine>
            <TextLine id="r1l84" custom="readingOrder {index:83;}">
                <Coords points="852,3644 917,3675 1621,3654 1621,3629 1466,3600 1013,3615 986,3592 853,3616"/>
                <Baseline points="866,3646 903,3645 940,3645 977,3645 1014,3645 1051,3645 1088,3646 1125,3646 1162,3646 1199,3646 1237,3647 1274,3647 1311,3647 1348,3648 1385,3648 1422,3648 1459,3649 1496,3649 1533,3649 1570,3649 1608,3649"/>
                <TextEquiv>
                    <Unicode>Preis eine Neuheit zu bringen.</Unicode>
                </TextEquiv>
            </TextLine>
            <TextLine id="r1l85" custom="readingOrder {index:84;}">
                <Coords points="952,3735 1334,3738 1409,3711 1736,3738 1862,3721 1862,3681 1603,3659 1558,3689 1460,3666 1261,3687 1138,3658 952,3682"/>
                <Baseline points="965,3717 1009,3715 1053,3714 1097,3712 1141,3712 1186,3712 1230,3712 1274,3712 1318,3713 1362,3713 1407,3714 1451,3715 1495,3716 1539,3717 1583,3717 1628,3718 1672,3718 1716,3718 1760,3718 1804,3717 1849,3717"/>
                <TextEquiv>
                    <Unicode>„Die Schwestern“ oder „Casanova</Unicode>
                </TextEquiv>
            </TextLine>
            <TextLine id="r1l86" custom="readingOrder {index:85;}">
                <Coords points="847,3775 1138,3803 1234,3776 1857,3789 1834,3723 1159,3723 1113,3751 847,3717"/>
                <Baseline points="860,3774 909,3773 958,3773 1007,3773 1056,3773 1106,3773 1155,3773 1204,3773 1253,3774 1302,3774 1352,3774 1401,3774 1450,3775 1499,3775 1548,3775 1598,3776 1647,3776 1696,3776 1745,3776 1794,3776 1844,3776"/>
                <TextEquiv>
                    <Unicode>in Spa“ '’sind eine herzlich schwoche</Unicode>
                </TextEquiv>
            </TextLine>
            <TextLine id="r1l87" custom="readingOrder {index:86;}">
                <Coords points="850,3836 1818,3856 1863,3843 1863,3796 1433,3799 1403,3773 850,3808"/>
                <Baseline points="864,3831 913,3831 962,3831 1012,3832 1061,3832 1110,3832 1160,3832 1209,3833 1258,3833 1308,3833 1357,3833 1406,3833 1456,3834 1505,3834 1554,3834 1604,3834 1653,3835 1702,3835 1752,3835 1801,3836 1851,3836"/>
                <TextEquiv>
                    <Unicode>Arbeit, ganz abgesehen von der unreinen</Unicode>
                </TextEquiv>
            </TextLine>
            <TextLine id="r1l88" custom="readingOrder {index:87;}">
                <Coords points="852,3922 1028,3898 1425,3914 1455,3891 1636,3916 1691,3896 1692,3848 853,3856"/>
                <Baseline points="866,3889 906,3888 947,3888 988,3888 1028,3888 1069,3889 1110,3889 1150,3890 1191,3891 1232,3892 1273,3892 1313,3893 1354,3893 1395,3894 1435,3894 1476,3894 1517,3894 1557,3894 1598,3893 1639,3892 1680,3891"/>
                <TextEquiv>
                    <Unicode>Sexualkitzelwirkung des Themas.</Unicode>
                </TextEquiv>
            </TextLine>
            <TextLine id="r1l89" custom="readingOrder {index:88;}">
                <Coords points="971,3966 1858,3966 1858,3914 1758,3919 1700,3888 1416,3923 971,3903"/>
                <Baseline points="983,3949 1026,3949 1069,3949 1112,3949 1155,3949 1198,3949 1241,3950 1284,3950 1327,3951 1370,3951 1414,3952 1457,3952 1500,3952 1543,3952 1586,3952 1629,3952 1672,3951 1715,3950 1758,3949 1801,3948 1845,3946"/>
                <TextEquiv>
                    <Unicode>Wie rein poctisch wird das Thema</Unicode>
                </TextEquiv>
            </TextLine>
            <TextLine id="r1l90" custom="readingOrder {index:89;}">
                <Coords points="864,4034 1326,4066 1912,4033 1895,3991 865,3986"/>
                <Baseline points="876,4029 927,4032 978,4033 1029,4036 1080,4037 1131,4038 1182,4038 1234,4039 1285,4039 1336,4039 1387,4039 1438,4039 1489,4039 1540,4039 1592,4038 1643,4038 1694,4038 1745,4038 1796,4038 1847,4037 1899,4038"/>
                <TextEquiv>
                    <Unicode>—.—</Unicode>
                </TextEquiv>
            </TextLine>
            <TextLine id="r1l91" custom="readingOrder {index:90;}">
                <Coords points="1570,4142 1617,4155 1640,4141 1707,4162 1826,4149 1891,4171 1956,4167 1957,4099 1915,4099 1893,4075 1854,4100 1827,4087 1809,4099 1760,4065 1694,4066 1636,4093 1571,4089"/>
                <Baseline points="1581,4138 1606,4140 1632,4140 1658,4141 1684,4141 1710,4141 1736,4140 1762,4140 1787,4140 1813,4140 1839,4140 1865,4142 1891,4145 1917,4148 1943,4153"/>
                <TextEquiv>
                    <Unicode>Oesterreich</Unicode>
                </TextEquiv>
            </TextLine>
            <TextEquiv>
                <Unicode>box 3375
28. Die Schuestern-oderCasanova insna
söhnung und neue Verwicklung; aber für den
großen Aventurier ist es, in der Stadt der Spiele,
Feuilleton.
unter Spielern Spiel. Die beiden Frauen, und
etliche dazu, man darf an ihrer viele denken, sind
11.39
Schwestern, Schicksalsschwestern: keine, so entschei¬
Kunst in Wien.
det Casanova, keine hat ihm gehört, keine kann
Von Paul Stefan.
ihm, keiner kann er je gehören. Denn es ist der
Wien, Ende März.
Fluch schon des ältesten Bezwingers, des Don
4
Juan, daß er wohl Gewährung, aber nie Er¬
Das Lustspiel „Die Schwestern oder Ca¬
lösung und Vollendung finden kann. Und wenn
 sanova iu Spa“, in drei Asten und in Verfen
es Schnitzlers Meisterschaft gibt, daß hier wirklich
von Arthur Schnitlerwer lange vor der
einer, und nicht nur auf dem Theaterzettel, Casa¬
Burgtheater= Uräufführung (bei S. Fischer) im
nova ist, so ist er Schnitzler ganz besonders darin,
K Druck erschienen. Der Dichter des „Anatol“ hat
daß er einen Casanova gestaltet hat, der saft Don
sich, alternd und gereift, der -Gestalt Casa¬

Juan sein könnte.
novas zugewendet. Die Probleme Schnitzlers, die
Diese Gestalt wurde von Treßler verkörpert.
Probleme Anatols, oder vielmehr die Motive die¬
Der Gaukler gelang, der Philosoph blieb ver¬
ser reizenden Anatol=Spiele kehren wieder —
borgen, der Bezwinger bezwang nicht; doch war es
kehren wieder. Darin zeigt sich der Künstler, darin
eine Leistung. Leistung war auch das Spiel der
der Meister, daß es mit immer neuer Grazie,
übrigen, besonders der Frau Aknay, die eine der
immer neuer Schönheit geschieht. Die Relativität,
Schicksalsschwestern sehr hübsch verkörperte, des
ja Belanglosigkeit des doch so schwer genommenen
jungen####ig und Heines. Der Erfolg beim
Einzelschicksals der Liebe, der Treue, ja auch nur
Parblikum war groß.
der Beständigkeit, dies alles spricht sich diesmal im
Kostüm der klassischen Abenteurerzeit aus. Hat
Casanova die Gunst der Frau gefunden, die er
finden wollte, oder jener andern, die sich ihm an
der Gesuchten Statt durch Zufall gab? Drei
Stunden lang
und diese Stunden werden
nicht lang, man spielte sogar ohne Pausen —,
drei Stunden gibt es darum Zank, Intrige, Ver¬
Humoristische Blätter, Wien
Seite 3
EATER.
„Die Schwestern“ oder „Casanovain
Spa“ von Artur Schnitzler ist ein ziemlich
mättes Werk. Breitgetreiefle, Krob sexuelle
Probleme, allzu geistreich gewendet und ge¬
dreht.
Die Darstellung im Burgtheater blieb
(dem Werk manches schuldig.
ende
15APR1920
WIENER CARCATUREN
Seite 6
WIENER CARICATUREN
vom Inkognitobeischlaf bei Shakespeare
behandelt.
HEATLI
Und hier ein fluches Gewitzel, talmun.
scher Dreh.
Uberdies ist Treßlerkein Cosanova.
81
Soweit ein Fehlschlag imhart geprüften
Burgtheater.
Artur Schnitzler sollte sich etwas
Ruhe gönnen
Er hat soviel Wertvolles geboten,
daß er es nicht nötig hat, um jeden
Preis eine Neuheit zu bringen.
„Die Schwestern“ oder „Casanova
in Spa“ '’sind eine herzlich schwoche
Arbeit, ganz abgesehen von der unreinen
Sexualkitzelwirkung des Themas.
Wie rein poctisch wird das Thema
—.—
Oesterreich</Unicode>
            </TextEquiv>
        </TextRegion>
    </Page>
</PcGts>
