3344 4352
2374 160 2827 266 box 33/5
214 176 2226 275 28 Di SdCasnevina
3028 1351 3287 1434 ,
2012 1351 2348 1446 Kerteungetge
516 1360 1314 1436 die Vernichtung 50r. Güteen, 2.
619 1432 668 1465 —
680 1416 1330 1489 u   mere  ere Mr Aumaduen rne
515 1431 579 1493 725
2271 1387 2877 1494 —un
1325 1392 1549 1496 —
832 1447 1152 1504 d
2687 1468 3249 1535 wo mochte wohl die „
1584 1486 2624 1548 ster“ Merci büßen, daß sie die frevle Hand
507 1484 1547 1550 ne ecai rien de Mr. Conti Veronais.“ Von
2683 1517 3304 1587 folgte nur wenige Tage sp
1581 1511 2629 1597 gegen den größten Liebeskünstler erhoben
513 1521 1559 1606 Charlotte sprach aber damals niemand
2632 1559 3308 1635 tober 1767, der am 26. Ok
1582 1577 2626 1645 hatte, sie war durch ihn literarisch gebrand¬
508 1583 1572 1666 mehr, sie war schon aller irdischen Qual
2624 1607 3306 1693 gangenen Mutter nach. D
1583 1635 2626 1690 markt für immer, und für Casanova galt seine
504 1634 754 1704 entrückt.
2635 1656 3194 1748 Epilog des Historikers.
1574 1668 2625 1763 Ueberzeugung: „tota Europa scit me scire
608 1663 1555 1744 Nun setzt also die Pointe auf den Faust¬
2721 1680 3278 1781 Ende September 1767
1574 1729 1804 1804 scribere.“
513 1712 1568 1799 schlag der Merci ein. Mit zärtlichster Sorg¬
2634 1763 3292 1821 mit Fräulein Lamotte vo
521 1785 1577 1853 falt umgibt Casanova die ihm anvertraute
1654 1787 2626 1867 Der Historiter hat die nackten Tatsachen
2622 1811 3296 1885 sein, und sonst war sein Au
519 1832 1562 1890 unglückliche Verlassene, die vor ihrer schwer¬
1574 1848 2628 1920 der Episode „Charlotte*““ schließlich auch
2626 1866 3294 1926 nicht besonders ereignisrei
518 1871 1571 1946 sten Stunde stand. Nie war er mehr Cava¬
1586 1897 2626 1972 beglaubigt. Dr. Guéde, nun auch schon
2629 1911 3298 1981 Duell mit einem unbekann
514 1932 1567 1986 lier. Eine der zartesten Idyllen, losgelöst von
1585 1949 2625 2014 heimgegangen, hat uns den Familiennamen
2625 1948 3294 2019 dessen Betrügereien er aufde
516 1979 1561 2040 aller groben Körperlichkeit, förmlich himmel¬
1582 1993 2623 2061 des Mädchens und die Aktenstücke über die
2626 2005 3304 2083 Erst 16 Jahre später betra
504 2037 1565 2090 blauen Platonismus finden wir an dieser
1581 2041 2629 2115 Geburt des Kindes überliefert?) Und zwar
2628 2054 3279 2131 zweiten und letzten Mal.
512 2086 1571 2138 Stelle in den Memoiren. Nur zu bald sollte
1584 2099 2619 2166 findet sich im „Répertoire général des registres
2633 2079 3309 2178 welche schon weit früher al
512 2123 1571 2189 eine schrille Dissonanz diese Schalmeienklänge
1572 2139 2625 2214 matricules des Enfants — Trouvés“ in Paris¬
2629 2153 3162 2231 darüber nichts mehr.
511 2171 1575 2240 einer unausgesprochenen Liebe — denn nicht
1585 2179 2633 2257 folgende Eintragung: „4871. — Lacrosse
2716 2191 3279 2277 Als armen Flüchtling,
720 2225 1573 2283 r Char lotte verlassen, bis er sie
506 2225 709 2294 wollte
1582 2234 2625 2302 (sic) (Jacques—Charles) und es beziehen sich 2
2630 2264 3290 2331 Mal die Heimat wegen des
512 2266 1576 2331 ihrem Gatten wieder in die Arme geführt
1591 2288 2627 2353 Schriftstücke darauf. Das eine ist ein Auszug
2644 2312 3297 2379 phletes gegen Carlo Grs
521 2331 1564 2390 hätte — abbrechen. Er brachte die Schwan¬
1588 2339 2626 2417 aus den Taufbüchern der Pfarre Saint¬
2641 2370 3284 2427 mußte und der sicher mit
519 2373 1567 2445 gere nach Paris, wo sie kurz nach der Ent¬
1587 2378 2628 2454 Laurent in Paris; es besagt: „Fut baptisé
2633 2421 3304 2476 weitere Zukunft dachte, war
508 2412 1569 2487 bindung starb. Die Totenklage, welche der
1589 2427 2624 2504 Jacques Charles, né d’hier, fils dAntoine
2640 2468 3269 2525 Süddeutschland, Frankfurt
509 2478 1575 2538 alte Abenteurer in Dux noch nach so vielen
1569 2496 2630 2556 Lacrosse, bourgeois de Paris, et de Char¬
2638 2511 3288 2583 er vergeblich neue Projekte
524 2527 2628 2594 Jahren um die Dahingegangene erhebt, wirdslotte Lamotte, ses pére et mére (mot
2639 2562 3286 2634 falls vor dem 23. Juli 17
519 2580 1573 2633 nienand ohne tiefere Rährung lesen. Sie
1567 2581 2628 2655 illisible) faubourg Saint-Denis, de cette paroisse.
2631 2619 3289 2683 getroffen!!). Dort gedachte
520 2621 1574 2691 schließt wie folgt ab: „Als man die so junge
1642 2625 2623 2707 Collationné à. l’original, et délivré par moi,
2635 2659 3277 2716 armen, eben verlassenen Frei
509 2671 1572 2736 und so schöne Verstorbene, der selbst die harte
1578 2670 2631 2729 soussigné prétre à Paris, le 18 ostobre
2640 2708 3259 2773 in Venedig, von der er sich
520 2720 1570 2778 Hand des Todes ihre Schönheit nicht hatte
1579 2728 2632 2781 1767.— Finet.“ Das zweite Schriftstück findet
2647 2750 3292 2817 schreiben ließ, und sandte ihr
526 2763 1582 2831 rauben können, sah, verstand man meine Trä¬
1578 2762 2626 2837 sich fast wörtlich in den Memoirenlo), nur
2643 2809 3293 2874 Aus den Briefen der Busch
525 2815 1576 2877 nen und weinte lange Zeit mit mir. Endlich
1591 2825 2634 2882 mit Auslassung des Namens der unglücklichen
2644 2845 3310 2916 daß er auch die Bäder gebrau
515 2867 1584 2941 entfernte man sich auf meine Bitte und ich
1588 2866 2619 2957 Mutter. Auch das Kind, diesmal ein „Jakob“
2648 2900 3298 2982 er ihr nicht viel Erfreuliches
517 2905 1576 2981 schlief mit dem Kopfe auf dem Bette, worauf
2637 2952 3309 3023 stige Lage mitzuteilen, wor#
528 2967 1589 3027 Charlottens irdische Ueberreste lagen, ein. Ich
1652 2947 2622 3049 *) Intermédiaire des chercheurs et des curieux,
1584 3007 2076 3093 20. Nov. 1894, P. 548 fl.
519 3006 1595 3082 verließ sie nicht eher, als bis das Grab sie
2665 3018 3298 3135 11) Femenbriefe an S#fa#oon. 25 4,
528 3058 2301 3152 verschlungen hatte.“ So ließ er es „Schwe=1 10) Mémoires Garnier, VII, 360.
