3392 4384
2434 189 2897 279 box 3375
266 207 415 300 28
415 214 2275 307 Die Schuestern-oderCasanous in Spa
421 382 1408 440 Wien. Die Renaissance=Bühne brachte am 23. Aprit o.
339 410 1521 492 die deutsche Uraufführung der Groteske in einem Akt „Die, Kulissenf
338 464 1478 522 derSeele“ des Russen Nikolai Ejrejnosf mit starkecsin für
342 519 758 576 Stückund Darstellung.
425 537 1513 595 WAn. Im Burgtheater wurden in den letztenMa
2019 417 2951 616 Cheater, MNusik und Kunst
1898 578 1965 640 *
347 584 1497 651 ffolgende Stücke zum erstenmal ausgeführt: „Die Schwesseln oder
2192 596 2762 681 Der neue Schnltler.
357 620 1498 672 Casanova in Spa“ von ArthuLSähnigtel; F#lor Wers#ls
346 651 1501 722 Bearbeitung der „Troerinnen“ des En# Kasselle“
2029 647 2673 727 Man schreibt uuns
2884 658 3018 721 „Die
2656 661 2821 733 e
348 685 1491 758 von Carl Sternheim. Die überpilante Wesse Schnitzlers darf
1967 685 2997 769 Schwestern“ oder „Casandbä in Spaa“
347 743 1503 796 beim Premièren=Publikum des Burgtheat areks darauf rechnen,
1980 738 3015 802 sind ein Rokokospiel mit dem Willen zum Leichsinn,
361 783 1499 828 Anklang zu finden. Dagegen hat Were##lekagestück des Euripides
1979 790 3007 852 ober mit grauen Haaren unter der festlichen
357 803 1502 867 nur achtungsvolle Langeweile zue#en vermocht. Sternheim
1974 824 3011 889 Perücke. Jugend verwirrt sich, weil das Abenteuer
355 859 1500 901 endlich darf sich rühmen mit find Neuheit einen regelrechten
1979 873 2997 926 lockend unter sie tritt; Jugend findet sich, weil an
352 886 1492 944 Skandal verursacht zu haben#### er in diesen Räumen wohl noch
1976 911 3006 971 ihrem Licht jedes Proolem wachsgleich zerschmilzt.
352 929 1501 977 nicht stattgesunden hat und. Beweis liefern kann, daß man auch
1977 957 3007 1003 Aber wie enden die drei Akte? Verräterisch. Ein
350 977 1507 1016 dem geduldigsten Publikumwdoch nicht alles zumuten darf. Zugleich
1972 997 3007 1052 alternder Genießer des Lebens, schon etwas müde,
344 1003 1505 1054 aber beweist die Tatsache, daß eine solche Mischung von Zynismus
355 1013 1537 1093 und Irrsinn, wie sie dieses Stück darstellt, zur Annahmg und Ausses
1976 1034 3008 1100 steht am Fenster und winkt lächelnd, aber auch sehn¬
354 1081 1522 1140 führung gebracht werden konnte, auf welchen Tiefstand diese einstesd
1974 1079 3004 1141 süchtig den jungen Menschen zu die im Garten fest¬
359 1122 922 1190 hochragende Bühne gesunken ist.
1978 1123 3008 1165 lich schwärmen — nach aller Not der Herzen. Er
1972 1162 3011 1222 steht drinnen, hört für sich gewissermaßen „Brüder¬
792 1156 1073 1224 Verschiedenes.
1107 1173 1533 1264 t  n
1969 1198 3015 1260 lein sein“ — draußen aber ist die Jugend, Nicht
1972 1242 3006 1300 nur am Ende, sondern schon am Anfang, auch in der
1968 1284 3000 1333 Mitte, während der ganzen Komödie. Das gibt ihr!
1974 1324 3011 1384 innere Unsicherheit. Das Spiel ist nicht mehr Aus¬
1968 1368 3000 1414 druck sondern Erinnerung: Anatol, über die
1974 1401 3011 1470 Fünfzig hinaus, spricht ir einer Dämmerstunde:
1977 1439 3005 1510 „Ihr naht euch wieder, schwankende Gestalten.“ Ja,
1970 1489 2996 1540 sie nechen, sie schwanden, diese jungen Menschen, ein
1969 1536 2994 1586 Nebel ist um sie und sichtbar und fühlbar wird nur
1969 1574 2998 1626 der wehmütige Anatol, niederwärts, dem Novemk#r
1968 1605 2996 1670 des Lebens zusteigend. Dieses Gefühl, im zarken
1966 1652 3000 1717 Adagio verschwebend, gibt der Komödie dichterischen
1960 1697 2999 1756 Hauch. Wer einmal wirklich jun##wesen ist, und
1975 1737 3003 1794 nicht wie die wessten, schon mit ###gazeg die Lebens¬
1960 1772 3011 1818 geriffe#h# beamteter Vierzu# hat, wird diesen
1966 1822 2222 1888 Klang ans
2411 1807 2596 1894 ####
1913 2013 2636 2129 RPrS
2665 1969 2995 2162 4
1995 2221 3046 2282 in den Garten der Jugend hinaus lieben wie seine
1984 2264 2924 2334 eigene entschwindende, entschwundene Jugend.
2075 2288 3050 2370 Die Figuren, die Schnitzler mit solcher Musik
1994 2352 3024 2410 zum Menuett antreien läßt, sind — wie gesagt —
1998 2391 3046 2439 unscharf und kaum wichtig. Wertvoll ist die innere
1995 2426 3050 2491 Musik. Das Abenteuer, das unter die Jugend ver¬
1998 2477 3044 2527 wirrend tritt, heißt Casanova. Er irrte sich im
2011 2506 3055 2567 Fenster und nächtigte bei dieser Frau, während jene
2007 2555 3051 2618 ihn erwartete. Aber auch die von Casanova Be¬
2008 2586 3048 2648 fessene fiel leicht, fiel süß, fiel wie reife Frucht.
2008 2629 3059 2689 Allein nachher am Morgen, ist Abrechnung und mit
2006 2673 3060 2748 jenem stürmischen bekennenden Mut, der der Torheit
2010 2717 3051 2771 gleicht und doch Krone der Jugend ist. Die junge
2018 2754 3063 2812 Frau, in ihrer Sicherheit verstört, sicht überall den
2013 2798 3053 2855 Strudel der Sinne sieht sich in ihn geschleudert und
2011 2828 3062 2903 sucht Rettung. Die andere Frau, über den ersten
2006 2874 3059 2940 Sündenfoll hinaus, und nur noch Stunden der Ge¬
2001 2931 3068 2981 legenheit suchend, und eben enttäuscht, tritt ihr ent¬
2004 2954 3076 3012 gegen. Die Männer? Jüngling der eine, Begleiter
2006 2994 3064 3067 der ersten; hochstapelnder Dreißiger der andere, Be¬
2824 3044 3070 3104 Und auch
2002 3054 2794 3114 gleiter der zweiten treten dazwischen.
2013 3081 3064 3148 noch Casanova. Aber da zeigt es sich, er schlief bei
2009 3127 3067 3187 der einen und glaubte die andere zu besitzen, sie
2007 3160 3074 3231 waren Nachharinnen, er merkte in der Dunkelheit
2003 3202 3068 3275 nicht den Unterschied. Nun sind alle verwirrend be¬
2005 3248 3061 3312 trogen und in sich aufgehoben: Die Frauen die
2012 3297 3067 3351 beiden Männer und Casancva. Nur das Abenteuer
2016 3342 3067 3394 ist da, lockend und verstörend. Unentwirrbar scheint
2004 3368 3064 3438 der Knäuel, aber keiner verfängt sich in ihm, weil
2014 3419 3065 3470 er jungen Menschen vor die Veine rollte, weil diese
2001 3455 3068 3531 die Kraft zum Sprung über das Verhängnis haben.
2010 3499 3066 3550 Eine Komödie. Ohne Zweisel. Aber die Hand, die
2632 3529 3070 3594 schuf nicht mehr in
2012 3544 2642 3603 ihre Linien zog, war unsicher,
2018 3586 3071 3641 Freiluft, sondern im Atelier Besonders, da Ver¬
2016 3616 3067 3676 wirrung sich lösen soll, zeigt sich in der schematischen
2011 3662 3051 3729 Führung der Ereignisse, daß Jugend entschwand, daß
2015 3702 3066 3768 nicht mehr Glut von innen aufbricht, sondern sie
2003 3746 2521 3814 bloß und blaß gemalt ist.
2069 3765 3060 3838 Aber es bleibt ein Rest an der Komödie zu lieben,
2005 3827 3076 3898 ihr alterndes Abendgefühl ihre Nohlesse und ihre
2905 3862 3064 3921 Diese
2006 3870 2866 3937 Echtheit in allen innerlichen Vorgängen.
2018 3901 3069 3965 wäre auch dem Verstocktesten aufgefallen, wenn
2014 3952 3058 4008 Schnitzler sich nicht bei Casanova und Reisrock be¬
2023 3981 3081 4045 ruhigt hätte, sondern mit heutigen jungen Menschen
2011 4034 3078 4106 tänzerisches Spiel der Wehmut und Sehnsucht ge¬
2015 4079 2287 4143 trieben hätte.
2082 4104 3075 4168 Im Burgtheater regierten unter der Spiel¬
2012 4156 3063 4207 leitung Heines Reifrock, Perücke, Kostüm Rokoko.
3019 1721 3125 1851 *25
3038 1830 3140 1918 *
3081 1979 3142 2047 8.
3149 1994 3243 2064 8
3070 2042 3249 2140 EE
3161 2359 3271 2435 .
3064 2384 3135 2459 8
3157 2408 3244 2481 K
