3392 4320
2399 192 2863 295 box 3375
235 202 2266 306 28 D SchderCasanow inSpa
648 1150 2686 1305 daß der Meinungsaustausch der alltiertenbeidoni habe. Er idies Latau, „. 245
649 1220 865 1286 Mächte
889 1234 1334 1314 betreffend die
2695 1238 3334 1324 dese Borgange wachsal d#or
1309 1255 3329 1361 deutschenskein Grund dafür bestehe, eine Frankreichs gut verteidigt und
636 1266 1502 1364 Truppensendungen nach
1491 1312 3338 1415 dem [Revision des Friedensvertrages bündeten wiederhergestellt ha
642 1319 3341 1483 Ruhrgebiet zu einem befriedigen=zu verlangen. Dem Versailler Vertrage Wunsch aus, daß diese Einigke
646 1370 2708 1487 den Ergebnis geführt hätte. Auf das Ver= zufolge könne Deutschland selbst eine Fest¬
2691 1424 3154 1508 zur Geltung bringe.
632 1409 2710 1532 langen Deutschland, die bereits im Ruhrgebiet setzung des angerichteten Schadens und der
2795 1469 3328 1562 In Besprechung des ruff
638 1460 2714 1582 befindlichen 40,000 Mann durch neue Truppen Entschädigungssumme vornehmen, doch habe
2693 1494 3329 1600 erklärte Barthon: Wir haben
1666 1612 2700 1681 gegen ein Elementarereignis machen? Sie ist daher
924 1588 1423 1718 Feuilleton.
2710 1629 3345 1714 Flaminia ein, hört, worum es ###
1675 1658 2708 1730 nach wie vor der Zärtlichkeit ihres Bräutigams
2707 1683 3346 1759 gleichfalls in flammende Entr#
1663 1693 2703 1776 würdig. So räsoniert sie. Für diese erotische Kasuistik
2698 1725 3339 1801 hat ihr also den Liebsten abg
1681 1749 2704 1823 ist Andrea nicht empfänglich. Darüber kann kein
887 1736 1448 1861 Burgtheater.
2700 1767 3333 1846 Verruchte will den Mann, den e
1673 1793 2703 1870 Mann hinweg — das ist sein Standvunkt. Er braust
2687 1802 3335 1894 gegönnt, wieder an sich locken!
654 1819 1640 1916 (Zum erstenmal: „Die Schwestern oder
1655 1837 2695 1913 denn auch auf und zieht den Degen. Wir stehen schon
2692 1860 3338 1937 auf Casanova? Sie, Flaminia,
663 1869 1638 1965 Casanova in Spa.“ Ein Lustspiel in
1654 1881 2698 1966 mit einem Fuß in einer Tragödie. Da erscheint
2696 1905 3335 1980 zugedacht war, oder Anina? 2
667 1919 1642 2024 Versen. Drei Akte in einem von Artur
1644 1914 2698 2008 Casanova. Und nun verflüchtigen sich die finster
2696 1955 3345 2034 beiden weichen will, unterbreitet
974 1976 1344 2047 Schnitzler.)
1656 1986 2689 2062 drohenden Wetterwolken der Tragödie, und der
2694 2000 3343 2081 zwickte Problem in der Versch
1662 2032 2635 2094 heitere Himmel des Lustspiels beginnt zu blauen.
709 2013 1665 2112 Eine schwüle Sommernacht. Anina, eine
2684 2048 3342 2122 schichte, die zwei Schwestern wide
1738 2069 2693 2145 Was will Casanova? Andrea anpumpen! Er
619 2056 1660 2161 fiebzehnjährige Italienerin, blühend, glühend, starrt
2697 2096 3339 2162 Santis zur Lösung und dann
1651 2127 2681 2198 tut dies mit liebenswürdiger Unverfrorenheit. Er
622 2120 1649 2218 am offenen Fenster ihres Hotelzimmers in den Park.
2688 2134 3351 2226 getauchten Casannon selbst, der di
1648 2186 2695 2238 muß Knall und Fall Spa verlassen, benötigt dazu
623 2165 1650 2259 Sie erwartet sehnsuchtsvoll ihren Geliebten und
2766 2195 3331 2264 Die entscheibende. srobliche
1650 2216 2693 2294 tausend Dukaten, just jene Summe, die Andrea
614 2219 1654 2301 Bräutigam: den jungen Edelmann Andrea Bassi,
2684 2217 3322 2306 die Tänzerin Teresa, die plötzlich
1646 2265 2686 2341 dem alten Lebemann Gudar abgewonnen. Was ihn
620 2267 1650 2353 der sie entführt hat und mit dem sie in Spa, wo die
2694 2290 3326 2357 liebt Casanova und betrügt ihn
1651 2316 2681 2389 zu diesem hastigen Verduften zwingt? Ein kleines
2680 2337 3335 2402 fügt sich lächelnd in sein Geschick.
615 2319 2681 2440 Handlung spielt, in eine Gesellschaft von Glücks= Abenteuer, eine nächtliche Liebesstunde bei einer
2676 2382 3342 2447 Treue wahrt. Die Treue? Ja we
611 2356 2682 2463 rittern geraten. Da taucht ein Mann auf, schleicht reizenden jungen Frau, bei Andreas Zimmer¬
614 2405 1657 2497 heran und schwingt sich über die Brüstung des
2672 2440 3338 2498 nach jedem erotischen Ausflug zu
1641 2459 2680 2521 nachbarin Flaminia, in deren Gemach er durch das
607 2455 1645 2548 Fensters in ihr dunkles Gemach. Nicht ihr Geliebter,
2678 2475 3344 2537 jedem Betrug immer wiederkehr##
1645 2501 2678 2573 Fenster hineingeturnt. Ihr Gatte, der fragwürdige
612 2494 1640 2599 nicht Andrea. Der kecke Eindringling ist der 32jährige
2679 2524 3341 2587 der höchste Beweis der Treue ein
1638 2538 2678 2621 Baron Santis, ein Kuppler, mitunter aber auch ein
608 2555 1645 2628 Casanova, der berühmte und berüchtigte Frauen¬
2682 2569 3334 2637 Weisheit empfinden die brei Frat
1642 2591 2682 2663 rasender Othello, hat Verdacht geschöpft und könnte
603 2593 1640 2695 bezauberer, den sie vor wenigen Stunden am Spiel¬
2681 2616 3343 2676 sie verschwistern sich im Handwen
1636 2633 2675 2716 ihm mit einem tückischen Dolchstoß aufwarten. Darum
599 2645 1338 2712 tisch zum erstenmal kennen gelernt.
2666 2663 3325 2724 träufelt Casanova diese Philosop
1641 2686 2668 2754 muß er fort. Casanova erhält das Geld und ver¬
704 2708 1650 2781 Stumm, regungslos duldet sie seinen Kuß. Ein
2670 2706 3346 2776 Sophistik i Gehör. Und sie lei
1639 2734 2666 2827 abschiedet sich mit den herzlichsten Wünschen für das
590 2740 1638 2820 brennender Kuß, der sie durchschauert und ihren
2664 2749 3336 2823 dringt ihm sogar ins Gemüt, den
1635 2778 2298 2844 Wohlergehen des Liebespaares.
599 2779 1639 2864 Willen lähmt. So wird sie die Seine. Tags darauf
2671 2802 3336 2871 Schluß Arm in Arm mit dem
1715 2827 2661 2915 Andrea atmet erlöst auf und ist bereit, das
591 2833 1638 2923 beichtet sie, halb freiwillig, halb gezwungen, ihrem
2663 2847 3335 2913 Freunde Casanova zur Tafel in d
1627 2876 2664 2953 unselige Ereignis zu vergessen, seiner Brant zu ver¬
590 2865 1640 2970 Bräutigam das Erlebnis. Nicht als Sünderin, nicht
2662 2890 3326 2966 liches Lachen erklingt und heitere
1633 2924 2674 3001 zeihen. Anina ist über diesen jähen Umschwung
2671 2939 3185 3020 Grundriß der Handlung.
588 2943 1642 3023 als Büßerin. O nein! Als eine, die sich
1622 2963 2662 3048 empört. Sie ist also makellos, keine Dirne mehr, bloß
587 2981 1642 3074 schuldlos fühlt. Sie ist ja morgens aus der
2749 2974 3336 3066 Es war in den Sternen
1624 3014 2660 3093 deshalb, weil Casanova die Verwechslung nicht ahnt!
589 3035 1636 3106 wilden Umarmung des Fremden reuelos wie aus
2653 3014 3353 3110 Schnitzler den Schatten Casahovas
1614 3073 2660 3143 Jetzt will sie selbst hinausschreien, was sich zu¬
2651 3089 3343 3162 würde. Zwischen dem Rattenfänger
582 3073 2663 3194 Kinderschlaf erwacht. Es war eben ein, allerdings getragen! Denn jetzt erst ist ihr klar geworden, daß
2648 3129 3341 3217 Liebeskünstler des 18. Jahrhund
589 3129 3348 3277 sehr wonniges, Elementarereignis. Was läßt sich sie Casanova liebt. Sie will ihm nachreisen! Da tritt) ja einige Fäden einer geheimen
