3344 4192
312 68 1526 179 Nein Waschlag ierr.
310 240 1490 333 Einkaufstelle für Juwelen, Gold,
329 303 1493 408 Silber, Platin, falsche Zähne etc. etc.
380 404 1432 480 nur VI., Gumpendorfer Straße 63 F.
167 440 300 533 □
251 513 1509 569 8 Gegenteil der Hinweis auf den Abweg, den dieses junge
179 532 297 617 00
245 558 1523 613 # Paar nun unentrinnbar nimmt. ja eigentlich schon nahm,
176 610 1516 686 10 g als es in tranteren Verkehr mit Santis und der Seinen
296 658 1516 712 trat. Wonnt Gudars Voraussicht nun zuschanden wird und
176 655 306 718 1 25
249 702 306 739 5
203 714 1517 786 s Flaminia wahrsprach, als sie der „Schwester“ im Ton der
177 759 1075 833 G & Wolllerführnen sagte: Man gewöhnt's.
401 806 1511 870 Was für ein Vielerlei interessanter Motive. Stoff für
185 854 1506 922 62 mehr als zwei, drei Stücke, wird da noch angeklungen.
182 910 228 965 a
193 917 1502 1000 Wg iin Vorbeigenn gestreift und in dieses entzilekend dahlin¬
231 966 1515 1025 2 fatternde, von allen Grazien umlüchelte Geplander-Presto
199 987 265 1045 N
290 1019 1510 1085 eingeflochten! Humor und Wnz und Geist vollführen hier
186 1036 245 1077 2
288 1050 1521 1130 ein Wettlantspiel. ganz im Ort- und Zeitkolorit, aber ohne
303 1105 1374 1179 Verzierlichung und ohne prätensiöse Geistreichelei.
183 1117 275 1195 *
390 1163 1514 1230 Hier hat auch Herrn Heines Regie, die die Dar¬
295 1211 1513 1276 steller (man merkt es deutlich) einzeln und im Zusammen¬
188 1217 275 1299 2
307 1253 1525 1327 spiel auf den entsprechenden Rhythmus stimmte, wieder
293 1301 1525 1379 ein Meisterstück vollbracht. Ersellst spielt mit prächtigstem
285 1364 1525 1437 Elan den Gudar, den eigentliehen, abgeklärteren iber dem
290 1414 1514 1470 sophistischen „Raisonneur“ Casanova. Nur nahm er selbst
305 1461 1519 1523 das Tempo allzuschnell, so daß er anfangs etwas unver¬
185 1454 299 1540 3 5
298 1507 1522 1579 ständlich blieb. Auch mit Geste und Mimik ging er manch¬
303 1556 1525 1623 mal dem ihm von der Partnerin gebrachten Stichwort vor.
180 1556 295 1649 8 5
300 1600 1534 1669 (Inzwischen hat erdas Alles wohl gebessert.) — Hru. Treßiler
182 1626 307 1685 9 C
185 1646 1519 1734 & 2 fehlt leider die strahlende Persönlichkeit zum Casanovn.
310 1699 1523 1760 dessen blobies Auftreten schon begreiflich machen müßite.
231 1694 307 1786 3
312 1746 1523 1808 daß nie ein Weib, das er begehrt, ihm seine Huld versagt. Hiel
187 1758 302 1826 2 5
184 1810 296 1854 □ 3
307 1808 1525 1859 sich Ernst Hartmann in der Glanzzeit denken oder einen
202 1846 299 1914 0 f
309 1844 1527 1906 Zauberer der Sprache wie Kainz idie einst den Casonovn
297 1896 1521 1965 Hofmannsthals verkörperten), auch etwa Harry Walden noch,
187 1908 307 1982 3 2
254 1946 1527 2025 2 muß Tretlers Leistung wohl verdunkein. Immerhin sucht
294 1994 1518 2059 er durch Beweglichkeit zu ersetzen, was ihm an bezwin¬
196 2034 1530 2114 0 : gendem Charme abgeht und entspricht er wenigstens dem
191 2094 1525 2148 X& Umrib, den Gudar ihm gibt: Niemals war ein Gauner ehrlicher
184 2127 1531 2225 J T als er, und mie Verteaut' ich einem Ehrenmann so wenig, eine Sij¬
277 2183 1521 2262 4 houette, die die verschmäht sich wähnende Flaminin er¬
301 2239 1523 2302 günzt hat: Er sprach, nur Er. Ich glaube, dieser Mensch hat keines
209 2258 307 2358 5 5
306 2288 1539 2349 andern Stimme je gehört. — Der Dritte in dem von echtem
306 2330 1541 2405 Lebenssaft durchstrotzten Abenteurer-Klecblatt ist Baron
207 2350 254 2428 3
299 2374 1532 2439 Santis, der Glücksritter ohne viel Umschreibung, der Gre¬
202 2423 1527 2500 J9 luchon mit der drohenden Raufboldsroheit im Hintergrund
250 2461 1541 2544 3 seiner massiven Jagdjunker-Alluren. Hr. Danegger wirkt
222 2511 1538 2615 g g hier schon mit seiner imposanten Figur aufs Beste und
294 2583 1539 2642 weill seine ausprägsame Sprechkunst zu einer vorzüglichen
302 2615 1535 2688 Charakterisierung des eitlen Tropfes zu verwerten, am
203 2614 308 2724 55
304 2674 1524 2733 erheiterndsten, als er sich „Dichter“ fühlt und seine Novelle
207 2691 291 2758 5 3
311 2720 1531 2790 vor Casanova mit der kostbaren Syuthesis beginnt: Zwei
198 2737 291 2801 d. P
307 2766 1536 2833 Schwestern aus gutem Haus — mit Garten, über den die Nacht sich
193 2790 305 2866 1 2
298 2824 1529 2881 breitet ... Von prachtvoller Anschaulichkeit ist zuvor sein
205 2857 1541 2946 E & Bericht (weil ehen Erlehnis), wie er Casanovas Kutsche
208 2908 1538 2995 S u angehalten hat. — Hr. Schott gibt den Andrea Bassi.
204 2965 1491 3053 7 , den Sohn aus ehrbarer Familie, Philosoph und Dichter
301 2994 1545 3072 und Abenteurer wider Willen, und hat Mühe, sich in der
307 3052 1545 3117 leichtbeschwingten Sprache des Stückes zu bewegen. Hier
207 3086 292 3167 0
311 3105 1543 3175 ist sein Hang zum Deklamatorischen störender als jje, auch
210 3153 1556 3233 □ seine mangelhafte Akzentuierung auffälliger („dain Brief“).
317 3207 1555 3277 Man hat den jungen Mann in jüngster Zeit mit neuen
309 3262 1542 3331 Aufgaben überhäuft, eh' er die alten noch wirklich be¬
312 3311 1548 3374 wältigt. Sein Andrea ist eher der gereizte Pedant als der
318 3349 1547 3429 aus seinen Himmeln gestürzte leidenschaftliche Liebhaber
316 3400 1542 3465 und schon als Bräutigam betrogne Gatte — und gerade
215 3433 294 3494 1
315 3453 1537 3523 in seinem immer wieder nen ansetzenden Furiosc von er¬
317 3492 1537 3565 müdender Einförmigkeit. Seine anfängliche Wut dämpft
316 3546 1539 3605 sich am Schluß zum Arger über die Entwicklung der
312 3595 1550 3660 Situation, wie er sie resigniert hinnehmen muß. Nur sein
318 3651 1553 3719 Trotz, nicht sein Stolz ist da eigentlich noch verletzt.
327 3694 1514 3767 geschweige denn ein wirklich glühendes Herz, das ihn —
318 3745 1554 3807 zum Abgrund zicht. Er läßt es sogar an dem von Selbst¬
322 3797 1553 3856 verachtung gefärbten Staunen über diesen Ausgang des
330 3839 1550 3896 Konfliktes fehlen, der ihn zur Marionette seines künftigen
215 3850 301 3934 O
334 3889 1554 3960 Schieksals macht, wührend Anina wenigstens am Aufang
331 3935 1558 4006 schandert: Was werd aus mir Was ward aus mir — Die fünfte
203 3966 317 4047 —
2942 -4 3333 48 in
1528 -6 2661 73 Dampf Wascherei- u. r arberel-A.-U.
2703 28 3331 108 ##aul. werden resch und billig tadel.
2427 41 2694 107 Kleider, Stoffe
2790 69 2986 113 los gefarbt.
1524 60 2429 128 Zentrale: II. Obere Donaustraße 2931,
1606 89 3344 181 Filiale: IV., Rechte Wienzeile 21 Telephon 41-0-45 u. 41-0-46.
1562 186 2086 237 Schneiderwerkstätte
2162 185 3294 253 Moderne Künstlervorhänge,
1511 222 2119 283 LEOPOLD GICHNER & Comp.
1545 281 2106 328 VI., Mariahilfer Straße 37, 1. Stock
2169 250 3295 325 Stores u. Doppelbettdecken
1805 305 1891 345 I. FIRN
1510 320 2113 370 FAntertigung don begnnten Herrene Hid
2117 328 3335 395 auf Etamin, Füll und Leinen mit Klöppel-, Filet- und Madeira¬
2037 355 2111 390 -
1509 358 2048 406 Humengürseronen Ans unseren Aaft
2244 374 3214 430 arbeit verkauft auch an Private in jeder Preislage
1833 381 2110 417 Spparhte Amtennan!
1515 378 1801 425 gebrsienten Stoften.
1508 408 2105 475 Wenden, Umarbeiten, Modlernisieren.
2905 404 3336 453 VI., Hofmühlgasse 13,
2122 415 3335 478 Spezialerzeuger M. Weill,
1771 443 2100 483 Telophon St. à v. 777
1515 446 1779 487 Modelie vorhanden
2125 502 3335 556 Männlichkeit ist der Kellverjunge Tito, ein aufdämmerndes
1746 481 1898 568 . Miener
2110 552 3332 621 Lasterfrüchtchen, halb Page und halb Kuppler. Hans
1546 543 2089 638 Klavier=Transport
2116 597 3354 673 Thimig gibt der Rolle vielleicht zu viel von dem Schatz
1700 615 1888 658 esellschaft in
1597 634 2049 693 IV., Kettenbrückengasse 10
2122 646 3326 702 seiner Gemütswärme. so daß als treue Schwürmerei erscheint,
1567 660 2079 717 Telephon 121 und St. 8 u. 20-13
1537 711 2100 756 übernimmt Klaviertransporte. Ver¬
2129 697 3340 753 was sich als gar nicht wählerische Lüsternheit, gepaart
1534 735 2100 780 packungen. Zpedition zu allen Bahnen.
2121 745 3352 810 mit Künflichkeit zu jeglicher Gelegenheitsmacherei erweisen
2127 793 3338 867 soll. Dadurch erhält die Rolle woh. ungemein interessante
1520 815 2051 904 Parfüm „PÜPPl
2117 841 3353 910 Individualisierung, die auch den Autor nicht wenig über¬
1521 878 2097 932 dus Lieblingsparfum der vorne hmen V#
2128 904 3330 955 rascht haben dürfte, gibt er ihr doch als der einzigen die
1514 922 2109 960 wegen seines einschmeicheinden Verncnes.
1522 953 2114 993 Partamfabrik Magerstein & Cie.,
2126 934 3334 1003 Prosasprache. So ist das ebenso beredte als geheimnis¬
1525 988 2119 1018 Wien, XVII., Hernalser Hauptstraße 43.
2126 990 3353 1055 reiche Augenspiel des jungen Künstlers höchst bemerkenswert
1516 1010 2126 1049 Kur echt. wran mit Eilette der Tinma.
1523 1039 2122 1084 Preis pro Flasche von K 7•— aufwärts.
2187 1034 3353 1108 schon bei seinem seidenweich betonten Ich denke gar nichts
1608 1074 2030 1123 Uberall erhältlich.
2132 1090 3354 1144 vor Anina, noch mehr bei seiner dadurch zu fast mystischem
1634 1114 1754 1170 —.—
2128 1134 3352 1188 Ausdruck kommenden Meldung an Andren, daß ihn Casa¬
1534 1160 1872 1225 Salon Müller
2129 1184 3334 1237 nova zu sprechen wünsche: Herrn Bassi — doch allein
1552 1203 1791 1273 feines Genre
2132 1225 3345 1288 Hätte man's noch nicht gewußt, schon dieser Satz voll
1585 1211 2058 1389 modelhäre
2134 1272 3338 1334 Mimik und Betonung ließe ahnen, was man am „kleinen“
1863 1309 2096 1383 ., Fallgasse 1
2120 1327 3347 1411 Thimig als in die Zukunft winkende Ureigenheit zu
1734 1368 2101 1417 (Eche Millergasse 67).
2129 1378 2404 1450 grüßen hat.
2221 1418 3338 1490 Von den drei Weiblichkeiten des Stückes ist Frl. Mar¬
2116 1488 3351 1551 lbergs Tänzerin Teresa das stärkste „Stück“, insofern
1552 1479 2093 1582 Herren- u. Damen¬
2126 1528 3348 1595 sie der Vorschrift, wonach diese Beinschwingerin ein „kleines
2122 1579 3353 1642 rundes Ding“ sein müßte, durch eine an Plumpheit strei¬
1588 1565 2060 1678 Kleidersalon
2127 1627 3354 1682 fende Verbheit genügen zu miissen glaubt und die doch
2121 1669 3354 1748 als Weltdame Gedachte mit Provinzgeziertheit ausstattet,
1559 1662 2105 1737 M. Chrastek
1977 1732 2078 1773 Ecke
2135 1728 3353 1794 was dann noch unwillkürlich durch die gewohnheitsmäßig
1567 1732 2090 1815 VIII., Lange Gasse 76 giserstr.
2127 1786 3342 1838 abseits scheeifenden Augen verstärkt wird, die immer den
1548 1804 2095 1866 Fillale: VIII., Josefstädter Str. 79.
2128 1819 3352 1888 erzielten Eindruck erforschen zu wollen scheinen, Damit
1557 1848 2102 1899 Anfertigung von Herren- und
2122 1882 3353 1939 verliert auch — Casanova schuldlos wieder an Bedeutung, weil
1557 1890 2107 1940 Damenkleidern aus mitgebrach¬
1554 1928 2104 1989 ten Stollen, sowie Aenderungen
2116 1927 3285 1990 man ihn nun nach dieser seiner Favoritin beurteilt.
1662 1969 1994 2017 und Reparaturen.
2132 1971 3348 2033 Von dem „Schwesternpaare“ Flaminia und Anina aber ist
1550 2006 2109 2053 Spezialist in Neuanfertigungen.
2127 2012 3342 2075 zu sagen, daß es in der Verkörperung Fr. Reftys und
2130 2062 3347 2124 Fr. Aknays ebenso reich bedacht ist wie vom Dichter,
2123 2115 3351 2171 der seinem Schöpfertraum von ihnen kaum bessere Er¬
1553 2125 1886 2193 Fernsprecher
2124 2156 3353 2227 fellung hätte wünschen können, Jede der beiden Damen
1566 2171 1832 2247 Postscheck
1983 2145 2101 2244 7
2134 2204 3352 2280 hat sich erst Innerhalb Jahresfrist an einer Versuchsrolle
2144 2268 3353 2329 voh ähnlicher Farbe emporgerankt: Fr. R. an der nicht
1863 2283 1928 2351 6
2131 2306 3353 2373 ohne Zagen übernommenen Sekretärsfrau als Don Juans
2135 2357 3341 2422 letzter Geliebten in „Unterwegs“, Fr. A. als Josefine in der
2125 2411 3347 2477 nur durch sie überhaupt noch bühnenmöglichen Dilettanten¬
2130 2455 3343 2510 komödie „Diebe im Haus“. Heut haben sie das damals
2139 2507 3343 2569 erst zu Ahnende bereits zur Vollendung aufgestuft. Fr. R.
2141 2543 3352 2619 giebt das abgebrühte Kokottchen und dabei mit allen
1685 2536 2089 2616 V Wien, I. Bez.,
2130 2617 3354 2663 Liebesinstinkten illuminierte Lustweibchen aller schauspie¬
1574 2597 2111 2690 # Rauhensteing. 1 20
1677 2652 2097 2690 Ecke Weihburggasse.
2147 2645 3347 2706 lerischen Wunder voll, am köstlichsten in dem Zankduett
2134 2703 3347 2764 mit der blonden Rivalin. Und daß ihre Zungenfertigkeit
2131 2751 3346 2819 auch von der feinsten Sprechkunst hat, die zwischendurch
1572 2765 2115 2867 Modelles Dour Fillettes
2143 2811 3345 2867 von oft nur angedenteter Gebärde die malende Nuance
1729 2844 1944 2910 Wien, VI.,
2128 2844 3352 2898 empfängt, zeigt sie bereits in der Expositionsszeue, wo
1590 2887 2097 2971 Sumpendorfer Otr. 72, II 12.
2140 2896 3281 2952 sie von Casanova und seiner Verflossenen spricht.
1703 2944 1981 3021 Telephon 81-27.
2144 2941 3353 3006 Fr. Aknay aber läßt uns die Anina in ihrer ganzen Ent¬
2146 2988 3352 3056 wicklung wirklich miterleben. So komisch es auch klingen
2131 3041 3344 3102 mag: man kann sich Keuscheres nicht denken als die Art,
2135 3100 3353 3147 wie sie ihr schwüles Erlebnis aus verwichner Nacht vor
2134 3147 3347 3211 dem heimkehrenden Andrea bekennt — reuelos und noch
1890 3058 1971 3224 1
2154 3189 3164 3257 einmal dem Bann des Unbegreiflichen erliegend:
1745 3214 2144 3263 -Reparaturanstalt
2306 3231 3070 3304 Und fühle mich die gleiche, die ich war,
1752 3260 2139 3305 IGNAZ KLUSACEK
1757 3294 2142 3332 I., Jasomirgottstraße 4.
2301 3282 2989 3338 So unverwandelt und so unverwirrt
1751 3320 2140 3359 Telephon Nr. 18-3-28.
2310 3321 3056 3374 Und deiner Zärtlichkeit so wert, Andrea,
2300 3356 3194 3426 Als müßte, was ich grausam dir an Schmerzen,
2310 3406 3094 3455 Was du an Zorn mir viellach wiedergibst,
1543 3376 2017 3479 Mieder-Salon
2299 3442 3064 3494 Vor dem gebeimnislosen Wort verwehn.
2303 3479 3192 3551 Das dir bekennt, was man verschweigen konnte.
1564 3464 1993 3544 Anna Zwölfer
1545 3517 3354 3595 nur I., Plaikengasse 6. Glf Als er darin nichts als Schamlosigkeit erblicken will, ist
1679 3580 1910 3645 Karte genügt.
2142 3589 3353 3660 neues, tiefgekränktes Magdtum in ihrer schmerzdurch¬
1564 3628 2056 3668 Komme seibe zur Destellung!
2141 3643 3352 3695 zuckten Abwehr seiner Brutalität. Bis zuletzt ist sie von
2151 3694 3346 3743 einer kühlen Anmut und darin voll des Zaubers, der es
2135 3732 3353 3799 begreiflich macht, daß der tyrannisch Aufgeprotzte am
1572 3716 2115 3803 Tension (Washington
2137 3783 3341 3846 Ende doch ihr Sklave werden muß: verfallen ihr, weil
1579 3788 2113 3850 I., Obendorlerstr. S, I. Otock, Gist.
1594 3840 2101 3888 Haus I. Ruges in aumittelbarster
2148 3826 3347 3884 er in ihrem Wesen ungeahnte Reize findet und immer
1594 3873 2106 3923 Nähe von Rithaus und Ringstraßie
2135 3888 3353 3952 neue suchen wird, ging’s drüber auch dem Irrlicht nach
1580 3906 2125 3970 Tirst class Tension. Cel. 16-3-01.
2200 3928 2500 3989 zum Sumpf.
2521 3962 2818 4046 mpheht seinreich¬
1973 4002 3352 4078 VI. Amerlingstraße 13 maitiges Taner in Anzüge, Hosen, Uister
