3344 4352
2445 198 2862 298 box 33/5
273 230 2275 327 28. Die Schuestern-oderGasanova in sna
717 1373 2791 1455 schaft. Aber Casanova war nicht allein ein Charmeur, nur ein purer Sinnenreiz, feil wie eine Jahr¬
711 1413 2791 1496 dem die Weiblein stürmisch ins Garn liefen. Dieser marktsware? Fühlt er nicht mehr, daß Liebe,
719 1455 1755 1522 dreiste finanzielle und diplomatische Abenteurer,
1760 1488 2783 1544 namentlich junge, glühende Liebe, etwas Keusches,
709 1506 1753 1576 heute ein Bettler, morgen ein Grandseigneur,
1750 1529 2786 1586 Heiliges in sich birgt, das nicht angetastet werden
714 1553 1969 1626 dieser buntschillernde kosmopolitische Wandervogel, darf? ...
1958 1555 2796 1639 Unsre Zeit ist so ernst, so bang. Aus
714 1595 2793 1687 dieser geistreiche Freigeist und wundergläubige ihren Tiefen dröhnt und grollt es. Anatol hört es
709 1644 2791 1698 Magier, dieser Mann, der Feder und Degen mit nicht, lächelt kokett und greift immer wieder nach der
699 1697 1761 1779 der gleichen gefährlichen Virtuosität handhabte,
1752 1695 2791 1756 alten Rattenfängerflöte. Aber die einstigen sinnigen,
710 1756 1744 1810 strahlte auch einen Zauber aus, der Könige. Kirchen¬
1746 1749 2785 1808 auch in ihrer Leichtfertigkeit noch innigen Melodien
714 1792 1742 1858 fürsten, Staatsmänner, ja sogar einen Voltaire
1756 1790 2798 1874 entquollen ihr nicht mehr. Sie ist etwas eingerostet.
1753 1839 2113 1908 Arme Flötel.
716 1837 1749 1907 fesselte. Was ist von diesem Zauber in Schnitzlers
713 1881 1754 1951 Lustspiel geblieben? Ein liebenswürdig anmutender
1828 1892 2792 1955 Casanova verlangt einen Darsteller von hin¬
715 1936 1743 1994 kleiner Komödiant, ein galanter Alltagsgauller,
1754 1945 2785 2007 reißendem Charme und überschäumendem Tempera¬
699 1980 1753 2048 seicht und frivol. Kein Zug ins Große, kein Blick
1750 1999 2789 2074 ment. Wo fände man ihn heute? Der Casanova des
713 2015 1747 2085 ins Dunkle, Wetterleuchtende seiner Zeit und darum
1751 2038 2789 2118 Herrn Treßler war ein liebenswürdiger, ge¬
712 2076 1745 2150 auch kein Ausblick auf den weiten Horizont eines
1747 2081 2780 2150 schmeidiger Scharlatan, wie er im Buch steht, nicht
703 2116 1449 2183 kulturgeschichtlichen Hintergrundes.
1755 2140 2791 2211 mehr. Herr Schott als Andrea und Frau Aknay
810 2158 1734 2228 Aber selbst rein als tändelndes Spiel gewerret.
1752 2185 2783 2233 als Anina mühten sich an der undankbaren Aufgabe
709 2184 1745 2274 weckt die Komödie sehr gemischte Empfindungen.
1748 2227 2789 2312 ab, in psychologische Verworrenheit Einheitlichkeit
710 2251 1746 2313 Gewiß: sie ist graziös und feingeschliffen, indes
1744 2284 2777 2331 zu bringen. Frau Retty als Flaminia milderte
711 2298 1743 2369 hinter ihrer müden Anmut lauter kühle, spitzfindige
1747 2328 2785 2398 durch ihre Anmut selbst jene heikle Szene, da sie und
699 2344 1746 2408 Künsteleien. Und nun gar erst die Moral ihrer Un¬
1752 2371 2775 2423 Anina aus Schüsselneid sich in die Haare geraten.
707 2389 1741 2457 moral, ihre Giftblüte, ihre Lupanarphilosophie!
1754 2421 2787 2481 Herr Danegger erhellte den dunklen Ehrenmann
698 2419 1737 2502 Daß Casanova sie verkündet, man begreift es. Daß
1749 2460 2788 2545 Santis durch die fröhlichen Lichter seines Humors.
709 2476 1743 2545 aber Andrea, der seine Braut inniglich liebt, zu
1744 2514 2785 2578 Fräulein Marberg war das stürmische Dirnchen
704 2530 1737 2577 dieser Weisheit sich so rasch bekehrt, daß er mit Casa¬
1749 2568 2785 2635 Teresa, das sie ein wenig verzierlichte. Herr Heine
696 2573 1742 2631 nova sich verbrüdert, mit ihm bei Sang und Klang
1749 2614 2777 2670 als der alte Lebemann Gudar bewegte sich mit
707 2614 1735 2678 pokuliert, wie häßlich ist das, wie bar jeder seelischen
1748 2657 2774 2714 Anstand an der äußersten Peripherie der Handlung.
698 2664 1734 2715 Delikatesse! Und obendrein durch eine schreiende
1753 2706 2776 2776 Die drei zeitlich geschlossenen Akte des Lustspiels
705 2703 1738 2766 psychologische Gewaltsamkeit erkauft! Warum hat
697 2749 1738 2799 das Schnitzler nicht gespürt? Vielleicht deshalb
1741 2741 2788 2817 wurden ohne Pause gespielt. Das Publikum, das erst
695 2804 1734 2845 nicht, weil frühzeitig die Liebedämmerung seine
1749 2790 2782 2864 in der zweiten Hälfte des Stückes aufzutauen begann,
695 2834 1736 2914 Empfindung und damit seinen psychologischen Tief¬
1741 2838 2782 2915 konnte daher Schnitzler erst am Schluß begrüßen.
695 2888 2198 2952 blick verdunkelt hat. Ist die Liebe wirklich Er wurde oft gerufen.
2260 2899 2806 2983 Marco Broeiner.
