3344 4320
2338 103 2824 205 box 3375
191 116 2207 197 28. Die Schuestern-oderCasanovn in Sna
91 1068 648 1162 ene Gemütsdepression, die
653 1095 1808 1173 für Zentralenropa wichtigen Frage befaßt und unter
1819 1101 2974 1188 Reihe von Geschäftsleuten zu Anzeigen geführt. — Die
88 1130 644 1211 en Gefahren, so jene der
648 1150 1815 1224 anderem beschlossen, den Weltverband vom Roten Kreuz
1824 1168 2958 1236 eingeleitete Aktion zur Steuerung der Unzukömmlich¬
84 1187 648 1262 gleit politischer Abwehr¬
654 1205 1814 1260 einzuladen, sich in den Dienst dieser Bekämpfungs¬
1822 1207 2970 1265 keiten beim Verkause sogenannter Gewürzbriefe hatle
100 1234 641 1311 welche jede Anstrengung
651 1250 1799 1309 aktion zu stellen. Der britische Zweigverein vom Roten
1808 1262 2960 1328 die Erstattung von Anzeigen gegen die Lebensmittel¬
95 1277 633 1356 de als wenig praktisch er¬
652 1297 1798 1368 Kreuz hat denn auch zu diesem Zwecke eine eigene Ab¬
1822 1310 2968 1360 händler Hans Preßl, Anna Kaspar, Josef Chalepek,
652 1350 709 1416 —0
728 1403 1810 1464 Nach diesem heldenmütigen Geständnis schickt sich das
1814 1402 2963 1465 Theater eilt. Vorher hatte noch der berühmte Herzensbrecher
141 1416 633 1518 Schwestern“.
644 1449 1810 1496 Luftspiel an, mit cherber Gebärde ins Tragische zu schreiten.
1820 1457 2793 1522 ein wenig mit Andrea philosophiert und gemeint:
656 1490 1810 1566 Andrea verstößt die edle Anina schmachvoll und sie erkennt,
1933 1503 2472 1574 .... Könnten Männer je
153 1501 462 1584 am 26. März.)
645 1546 1803 1607 daß er ihrer Liebe nie ##rt war. Nun erfährt aber der
1922 1539 2851 1625 So Brüder sein wie alle Frauen Schwestern,
163 1564 647 1654 im 32. Jahre seines be¬
644 1581 1801 1652 empörte Andrea, daß Casandva sich tatsächlich bei Flamima
1929 1600 2794 1654 In tiafster Seele alle Schwestern sind —
1926 1637 2831 1689 Fürwahr, das Leben wär' ein leichter Ding.
162 1626 637 1696 n ener Sommernacht —
642 1650 1806 1709 wähnte und nicht ahnt, Anina in die Arme geschlossen zu
1902 1677 2961 1748 Einer aber, ein greiser Freund =Casanovas, sieht den
182 1675 637 1744 er leuchtende Leib der
644 1681 1798 1758 haben. Ueberglücklich bietet Andrea seiner Geliebten die Hand
1809 1712 2966 1810 jungen Leuten nach und spricht zu sich: „Noch einmal jung
178 1729 633 1795 Geliebten entgegenseufzt
645 1725 1805 1802 zur Versöhmnung. Sie aber werst ihn mit dem Ausruf zurück:
1816 1779 2965 1852 sein! Doch, man war's einmal!" ... Dieser wehmütig
210 1785 644 1841 eltisch), hatte ihm den
641 1794 1799 1852 „Jetzt lieb ich ihn und nun erst wird es Glück!“ Die Situa¬
1803 1821 2960 1874 lächelnde Ausllung — ein echter Schnitzler — scheint und
168 1833 631 1892 ihnt sich bei der leichten
642 1833 1799 1906 tion wird noch banger, da Flaminia — aus dem Munde
1807 1871 2959 1943 den Sinn des Spieles besser zu enthüllen, als jene vor¬
138 1882 633 1947 se Nacht bestellt hatte und
641 1888 1795 1947 Andrea's — kund wird, wer sie um die Freuden der jüngsten
1809 1923 2970 1995 erwähnte etwas gewaltsame Sentenz, die Herr Casanova
190 1922 637 1995 hnt. Anina, der folches
640 1935 1785 1985 Nacht gebracht hat. In heißer Eifersucht will sie der Neben¬
1804 1965 2967 2046 produziert und die recht paradox ist. Denn tatsächlich haben
204 1971 639 2052 ächsten Noigzen ihrem
639 1977 1787 2049 buhlerin mit einem Haarpfeil die Augen durchbohren („da die
1806 2018 2957 2074 die Männer („in tiefster Seele") mehr Bruder= als die
651 2032 1789 2099 fink're Nacht dir hold gesinnt, sei ewig sie um dich"), in
1808 2065 2958 2145 Frauen Schwesterfinn und zeigen auch in diesem Lustspiel
647 2081 1793 2141 Amna regt sich immer lecker die ewig weibliche Luft des
1811 2124 2959 2167 — solange es der Dichter nicht unbedingt benötigt — „in
229 2114 400 2188 ##r über
648 2120 1794 2199 Kampfes mit der Nebenbuhlerin um den Mann, sie tritt reisig
1808 2167 2968 2237 tiofster Seele“ mehr Verständms für einander und Harmonie
195 2173 527 2259 iech geschwungen
634 2182 1798 2256 in den Wettbewerb um den Einzigen — — da erscheint auf
185 2214 394 2269 ie Lippen
1805 2223 2959 2293 als die Frauen. Aber jenes Schlußwort des Greises ist der
644 2234 1798 2299 der Bildfläche die Tänzerin Theresa und nun wird's wirklich
186 2246 245 2303 isse
244 2255 402 2309 Beben
1794 2269 2963 2347 richtige Abgesandte für das Spiel: Die Liebe ist kein Blei¬
635 2286 1783 2339 ein Lustspiel. Unter allen Frauen, die Cafanodas Wege
203 2273 479 2353 dem Hauch —
1799 2312 2963 2389 gewicht für die Herzen und keine ewige Fessel und kein
640 2322 1797 2393 treuzten, ist sie just die Pepagena, die zu diesem Pap.geno
226 2331 516 2393 Kuß, viel eher
1804 2365 2962 2435 Raub in fremden Gärten — die Liebe froher, junger
195 2375 521 2436 hn, ein Bann —
640 2381 1795 2431 gehörk. Liebenswürdig=untreu, aller Lust ergeben, und doch
211 2409 475 2477 und ersehnt,
1804 2421 2964 2482 Menschen — und sie ist jenseits von Gut und Böse, solange
641 2427 1798 2482 seine geliebteste Gefährtin, weil, wie Casanova so schön sagt,
241 2455 395 2504 ein auf,
1808 2465 2966 2539 uns jener löstliche, ach, Anbemerlt sich selbst verzehrende
634 2464 1792 2536 sie aus fremden Urmen zu ihm zurückkehrt und es nur eine
252 2485 421 2554 Stuinde,
1801 2519 2481 2598 Besitz zu eigen ift: die Jugend.
639 2523 1781 2593 Ttene gibt: „Die Wiederkehr, von wo es immer sei.“
226 2517 426 2589 bewußt,
241 2568 410 2647 dahin.
722 2586 1718 2674 „Ich frage Sie, mein Freund, gibt's befs’re Treue,
1875 2606 2960 2696 Die Freude an dieser schönen und anmutigen Dichtung
717 2638 1632 2708 Gibi's, frag' ich klarer noch, gibt's eine and're
1796 2667 2954 2745 Schnitzlers ist nicht ungetrübt. Eine Schlüsselerzählung —
189 2670 502 2748 nred, wäre er
715 2678 1629 2761 Auf Erden zwischen Mann und Weib, Andrca,
711 2724 1406 2778 Als die Theresa eben mit erwies?
163 2726 473 2776 chweiste Schuld
1807 2720 2960 2796 man sollte es bei diesem Meister der Szenenführung nicht
188 2747 515 2831 Schuld erschienen
707 2744 1703 2837 Sie kehrte mir zurück. Nur das ist Treue,
1803 2768 2955 2839 für möglich halten — hängt sich wie ein Bleigewicht an die
709 2797 1514 2871 Die einz'ge, die mit Fug so heißen darf.“
157 2802 477 2872 leicht und froh.
1801 2820 2962 2882 Handlung, wird nochmals und wieder vorgetragen und leiden
724 2846 1791 2917 Theresa überblickt mit anmutiger Fröhlichkeit und
1790 2869 2950 2929 immer breitspuriger. Und so edel geschliffen auch viedmal
92 2887 381 2954 Maf erwacht!
634 2885 1786 2982 Kenneränge, was geschehen ist, sänftigt die Wogen, bringt die
1800 2914 2958 2990 der Schnitzlersche Dialog ist, die Lust am Versemachen, d###
91 2927 347 2990 Kut erlebt!!
639 2958 1782 3025 zwei feindlichen Frauen schwesterlich zusammen und läßt
1791 2966 2955 3025 er sich selten hingibt, hat den Dichter zu Längen verlellen
89 2972 340 3044 Hie ich war,
634 2999 1786 3079 versöhnte, lachende Menschen zurück, während sie mit ihrem
95 3019 244 3072 verwirk
1789 3019 2949 3081 die den heiter nachdenklichen Glanz des Spieles dämpfen.
123 3041 466 3127 ##. Nunraa
623 3060 2966 3162 Casanova in sausender Karosse nach Wien ans taiserliche Auch muß mn darüber den Reot ###tteln, don Mieie
