3392 4320
2410 169 2854 280 box 3375
232 183 2248 285 28. Die SchesteoderCasanova inSna
1829 1270 2395 1353 Das interessante Blatt
1707 1289 1819 1402 Se
2364 1327 2615 1401 #aa usanamug
1111 1294 1642 1405 -S
765 1304 853 1399 —
1565 1386 2679 1456 gefolgt ist. Casanova gerät in eine peinliche Sitnation.
2681 1387 3338 1474 birgt nicht solche Rätsel, um de
1578 1449 2683 1507 Das Geheimnis der Nacht enthüllt sich. Sauti und An¬
2694 1453 3328 1515 fesseln; auch Andrea Bassi ist
703 1421 1333 1532 Vom Theater.
1574 1496 2693 1552 dren greifen zum Degen. Die Tänzerin Theresa, die
2694 1501 3325 1554 sell. Das Stück fand eine glänz
531 1507 1585 1597 Burgtheater. „Die Schwestern" Lusi¬
1578 1547 2683 1621 fruhere Geliebte Casanovas, die ihn verlassen und jetzt
2689 1543 3328 1614 jler als Casanova, warmblüt
286 1520 409 1608 13
452 1567 1580 1645 spiel von Artur Schnivler. Ein Rokokohistörchen,
292 1594 406 1666 —
2694 1599 3333 1653 schämtheit in leichte Ironie hi
444 1602 1566 1691 schlüpfrig und pilant, die Handlung konnte einem der
2712 1651 3317 1713 Baron Santi ein humorvoller
449 1674 1579 1736 von Casanova in seinen Memoiren selbstgefällig erzählz
291 1653 382 1732 3
2703 1688 3331 1753 strich treuherziger Biederkeit. 4
447 1723 1575 1794 ten Liebesabenteuer entlehnt sein. Andrea Bassi hat
2704 1745 3337 1810 drea in guter Haltung. Reizen
446 1766 1582 1841 seine Geliebte Anina dem Elternhause entführt. In Spaj
2701 1794 3329 1859 Flaminia, in Wort und Geste
448 1820 1570 1899 trifft er mit Casanova und einem anderen Abenteurer
2705 1835 3332 1906 Lilly Marberg als Theresch
443 1875 1560 1934 Baron Santi und dessen Frau Flaminia zusammen.
2701 1891 3340 1950 ziöser Lanne. Aknay als Ani
448 1924 1559 1978 Eine hübsche Gesellschaft, Spieler, Kuppler, Dirnen,
2704 1935 3329 2012 digten Rokokofigürchen, doch//b
448 1969 1559 2028 Mädchenverführer, trifft sich in diesem Gasthof in Spa,
304 1943 358 2030 3
2703 1993 3330 2066 nicht zu erfüllen, sie blieb gebe
447 2024 1561 2089 der geheime Zimmer hat mit großen Spiegel, sogar an
306 2023 371 2082 2
2682 2016 2944 2109 (wvar stark.
457 2062 1568 2130 der Decke. Ihr Adel ist ebenso anfechtbar wie ihre Ehr¬
451 2114 1573 2176 barkeit. Casanova hat mit Flaminia eine Liebesnacht
453 2168 1569 2225 vereinbart. Er glaubt, in der entkleidet am Fenster
447 2221 1578 2280 stehenden, sehnsüchtig des am Spieltisch festgehaltenen
446 2261 1568 2323 Geliebten harrenden Anina, Flaminia zu erkennen,
430 2308 1575 2373 dringt in das Zimmer und findet plötzliche, willenlose
438 2362 1566 2418 Hingabe, daß er seinen Irrtum nicht erkennt und im
449 2415 1571 2480 Glauben ist, Sanii betrogen zu haben. Anina gesteht
434 2462 1568 2529 am nächsten Morgen ihrem Geliebten Andrea die be¬
436 2510 1573 2572 gangene Treulosigkeit ein, sie weiß nicht, was sie dazu
433 2559 1572 2629 verführt, weiß nur, daß sie renlos an den Liebesrausch
440 2612 1568 2675 zurückdenkt. Sie will aber bei Andrea bleiben und hat
445 2661 1567 2718 Casanova brieflich gebeten, Spa zu verlassen, sie fordert
446 2711 1573 2766 es als Lohn ihrer Hingabe. Andrea erträgt aber den
431 2756 1574 2814 Gedanken nicht, daß sich Casanova ihrer Liebe rühmen
430 2802 1566 2864 könnte, will das Verhältnis lösen. Da kommt Casanova,
433 2865 1575 2921 der den Brief als Warnung Flaminias, sich vor Santi
436 2907 1558 2977 zu huten, aufgefaßt, zu ihm, um sich das nötige Reise¬
440 2952 1565 3020 geld zu leihen. Andrea erfährt im Gespräch, daß Casa¬
429 2999 1569 3078 nova keine Ahnung davon hat, statt Flaminia, Anina
445 3055 1573 3113 besessen zu haben, er gibt ihm das Geld. Jetzt, wo er
444 3096 1569 3155 Aninas Ruf nicht mehr gefährdet glaubt, will er ihr
433 3142 1564 3210 verzeihen. Anina aber erscheint es unleidlich, daß Casa¬
439 3203 1561 3251 nova sie unwissentlich geliebt und will ihm nach. Fla¬
439 3248 1570 3308 mitzia erfährt durch den Streit, weshalb sie in der Nacht
438 3298 1560 3358 Casanova vergeblich erwartet, die Frauen geraten an¬
435 3352 1560 3414 einander Baron Santi hat Casanova aufgehalten und
444 3398 1560 3467 zu einer Festtafel geladen. Ihm wird das ganze Ge¬
1564 3434 2683 3520 zu ihm zurückkehrt, löst die Verwicklung. Sie versähht
446 3451 1554 3514 schehnis in Form einer Novelle erzählt, er soll ent¬
434 3502 1570 3564 scheiden, welche der beiden Frauen die Betrogene ist:
1569 3507 2680 3564 alle Beteiligten, den letzten Trotz Andreas besiegt Casa¬
442 3548 2697 3596 Anina, die Liebe empfing, die einer anderen galt, oder ] novas überlegene Lebensklugheit. Der leichte Gang der
441 3599 2676 3659 Flaminia, der sie galt und ihrer verlustig ging. SantiI sprachlich reizvollen Verskomödie wird durch die psy¬
444 3629 2733 3714 schiebt die Lösung Casanova zu, der seiner Einladungchologische Belastung gehemmt. Aninas Dirnenseelchen1
