3484 4320
261 214 2276 301 28. Die Schuesternoder Gasanova in sna
908 367 1329 462 4# Sagblate
577 378 742 456 2A 9.
746 419 1042 497 Deutschee
736 434 1374 580 Gerdentschs Rundschen
956 536 1183 610 Wien
436 684 1476 810 —Artur Schni#ler hat dem Deutsschen
407 735 1456 839 Volkstheater sein neues Werk „Die Schwestern“
405 781 1462 880 zur Uraufführung übergeben. Direktor Bernau genießt
417 828 1472 937 Aso Vertrauen. Salten, Schnitzler, und die anderen
394 871 1482 980 „beutschen“ Dichter kommen jeht auf ihre Rechnung1—
430 1073 1449 1191 Karl Schönherr hat dem Deutschen 1
381 1138 1389 1228 Volkstheater in Wien sein neues Werk
1401 1174 1460 1225 C
389 1192 1379 1255 „Kindertragödie“ überreicht. Es gelangt so¬
1380 1217 1463 1264 R
397 1226 1369 1300 fort zur Einstudierung und wird noch im Laufe dieses
1373 1252 1450 1309 2
395 1261 1376 1335 Monats seine Uraufführung erleben. Wie der „Weibs¬
383 1295 1368 1386 teufel“ umfaßt auch dieses Werk nur drei Personen,
1389 1320 1456 1390 se
391 1334 1384 1439 drei Kinder, die Fräulein Keller und die Herren
1384 1371 1462 1426 in
388 1380 1361 1461 Edthoser und Schildkrant darstellen werden.
1381 1412 1455 1456 de
379 1411 1372 1495 Das Casanova =Lustspiel Schnitzlers „Die
1361 1446 1452 1500 fr
389 1460 1451 1549 Schwestern“ gelangt Weihnachten am Deut= se
376 1502 1203 1587 schen Volkstheater zur Uraufjührung.
468 1566 1442 1663 Attische Festspiele ic görn. Hr. Ley¬] E
378 1623 1364 1698 hausen, der Lehrer für moderne Spregkunst am
373 1653 1366 1734 Kölner Konservatorium, ist im Begrigsleinen aus
1354 1685 1454 1743 8
375 1695 1363 1776 Studenten, Gymnasiasten, Künstlern und Kaufleuten,
371 1736 1362 1822 Damen und Herren, sich zusamntechetzenden Sprech¬
370 1778 1434 1852 schor zu gründen, den er auf 200 Mitelieder zu steigern d
364 1807 1364 1900 hofft. Er will mit diesem Spre#schör, zu dem noch
371 1851 1365 1935 sein bereits bekannter kleiner ##enchor und noch ein
367 1889 1350 1973 Knabenchor gehören, die gößte Tragödie aller Zeiten,
366 1925 573 1977 „ Die P
689 1935 1356 2005 „dsNeschylos“, in großem und
372 1945 1354 2043 streugen #aufführen. Es würde seit mehr als 2000
360 1990 1348 2083 Jahren##s erste Mal sein, daß wiederum versucht würde,
359 2039 1354 2121 die monumentale Wortkunst zum Klang zu bringen, ein
369 2073 1349 2167 Versuch, der im Bereiche der Bestrebungen Leyhausens
360 2117 1363 2225 liegt, der Wortkunst ihren ersten Rang unter den
360 2151 1097 2232 Künsten wiederzugchen Der halaunt.
405 2378 1457 2446 Im Burgtheater wiro am Freitag, den 12. d. M.,
309 2425 1456 2475 die in der Vorwoche anlärlich des Jublläums der „Concordia“
303 2473 1470 2534 veranstaltete Aufführung von Gast v Freytags Lustspiel „Die
313 2512 1479 2567 Journalisten“ in derselben Besetzung zugunsten der Wiener
311 2548 1468 2608 Fr iw ligen Rettungsgesellschaft wiederho.t. Herr Hofrat Hugo
315 2557 1608 2653 Thinig und Herr Edthofer vom Deutschen Volksteatr##n
316 2627 1465 2685 werden nochmgs di Ro#en des Schmock und Bolz spielen
1533 2630 1635 2705 —5
304 2665 1479 2726 Diese Voestetlnig findet Lei aufgehobenem Jahres= und Sanon¬
1536 2692 1594 2751 8
307 2704 1464 2785 goönnement und zu großen Preisen statt. Ansgyegsanf Uhr.
1528 2729 1636 2781 1—
409 2770 1467 2835 Arthur Schnitzler wollte in demeh en Tagen sein neues
317 2796 1484 2859 Kasan  das als Weihrachts¬
1524 2773 1658 2880 S
1636 2824 1701 2895 —
304 2839 1476 2898 Hovität des Teut chen Vollstheaters angesetzt war, wegen Meinungs¬
308 2878 1489 2934 Idifferenzen über die Besetzung der weiblichen Hauptiollen zu¬
307 2890 1566 2985 krückziehen. Nun bai sich Dr. Schnitzler mit der Direklo#
310 2960 1475 3029 vorläufig dahin geeinigt, die Aufführung in die zwiite Jämner¬
302 3002 678 3076 hälfte zu verlegen.
1181 3027 1453 3116 1
340 3300 1498 3422 am 10. Dezember, 6 Uhr abends, im kleinen Konzerthausaal
350 3360 1498 3456 ffür den Genossenschaftsverlag) zum erstenmalin Wien.
1603 3412 1679 3484 3
338 3410 1511 3502 Programm: Neues und Altes. Karten bei Lapyy und an der
353 3481 690 3562 Konzerthauskasse.
442 3522 1494 3610 Differenzen Schnitzle##mit der Direktion des
1517 3570 1604 3619 □
1613 3558 1706 3627 *
348 3552 1490 3646 Deutschen Volkstheaters. Artur Schnitzler wollte in den
1498 3585 1640 3663 □
1496 3620 1570 3672 □
350 3612 1497 3697 letzten Tagen sein neues Casanova=Lustspiel „Die Schwestern“
357 3611 1502 3742 das als Weihnachtsnovität des Deutschen Volkstheaters angesetzt
365 3663 1583 3779 war, wegen Meinungsdifferenzen über die Besetzung der weiblichen ir
1624 3706 1677 3776 4
366 3708 1513 3811 Hauptiollen zurückziehen. Nun hat)sich Dr. Schnitzler mit der
1633 3762 1705 3833 5
354 3748 1519 3849 Direktion vorläufig dahin geeinigt, die Aufführung in die zweite
367 3825 841 3906 Jännerhälfte zu verlegen.
463 3829 1509 3946 „Konkordia“=Vorlesung Thomas Mann. Für die
370 3877 1525 3987 Vorlesung, die auf Veranlassung der „Konkordia“, Thomas
376 3919 1532 4025 Mann aus den Manustripten einiger noch unbekannter Werke
742 3982 899 4049 Kurin
364 3992 604 4067 Teraten
2120 1251 2290 1439 1
2143 1419 2227 1463 —
2417 195 2880 279 box 33/5
2649 569 2898 646 —
2504 624 3007 725 Joyergespräch.
2280 702 3213 765 Warum Schuitzlers-Gasanon=Stück im Volks¬
2275 753 3210 818 ##theater verschoben wurde. — Doktor Stieglitz. —
2360 792 3156 850 Der neue Bahr. — Frau Konstantin.
2431 844 3207 902 — Schnitzler hat sein Casanova=Stück vom
2260 876 3201 942 olkstheater zurückgezogen ... Was sagen Sie
2252 915 2445 977 =Dazu?“
2435 939 3206 1009 — Sie sind falsch informiert, mein Lieber.
2239 976 3204 1053 —„Die Schwestern“ sind nach wie vor auf dem
2294 1029 3202 1103 Repertoire des Volkstheaters. Sie werden nur
2289 1068 2953 1127 erst im Februar gespielt werden.“
2452 1087 3200 1174 Sie waren aber doch als Weihnachts¬
2286 1125 2647 1212 Novität gedacht?“
2463 1170 2979 1241 Besetzungsschwierigkeiten..
2450 1204 3204 1266 Die gibt es doch nur bei schwachen
2280 1239 3201 1332 Stücken, von denen sich eine Direktion nicht viel
2287 1298 2513 1365 verspricht.“
2454 1315 3208 1384 Mitanter auch bei Schnitzler. Edt¬
2278 1368 3198 1433 hofer zum Beispiel ist der Ansicht, daß ihm der
2296 1417 3201 1461 Casanova nicht liegt und es ist schwer, jemanden
2292 1453 3200 1508 zu finden, dem er besser liegt. Die weibliche
2286 1487 3207 1543 Hauptrolle ist für die Roland nichts, Fräulein
2288 1528 3213 1571 Woiwobe ist krank, man kam demnach auf Fräu¬
2298 1568 3201 1634 lein Rub. Aber wer soll den Casanova spie¬
2291 1606 2496 1666 len
2453 1615 3210 1706 Das muß doch für einen Autor wie
2295 1660 2987 1747 Schnitzler sehr unangenehm sein ..
2459 1714 3208 1772 Allerdings. Deshalb hat er auch zu¬
2288 1740 3196 1820 gestimmt, daß die Premiere verschoben wird.
2277 1797 2909 1842 Bis die Besetzung gesunden ist.
2496 1822 3195 1888 a sehen Sie, Hermann Bahr läßt sich
2290 1851 3208 1914 auf solche Dinge nicht ein. Er wartet die
2286 1893 3209 1959 deutsche Uraufführung ab, läßt Deutschland über
2288 1944 3201 2005 Ersolg oder Mißerfolg entscheiden. Wenn bei
2287 1989 3197 2036 Reinhardt Moissi den Casanova einmal gespielt
2281 2022 3209 2091 hat, werden sich die Schauspieler hier um die
2276 2056 2571 2133 Rolle reißen.“
2451 2074 3205 2146 Schnitzler versteht diese Art der Vor¬
2594 2126 2636 2162 7
2274 2119 3197 2185 bereitung eines Erfolges nicht. — Er läuft dem
2291 2171 3202 2236 Erfolg nicht nach, läßt ihn immer an sich heran¬
2289 2207 3192 2259 kommen. Erinnern Sie sich, wie spät der
2295 2240 3195 2302 „Anatol“ im Grunde ein „Erfolg“ wurde. Durch
2289 2293 3192 2340 Jahre hat man immer nur den oder jenen Ein¬
2280 2304 3211 2386 akter bei Gelegenheit gespielt. Da ist Hermann
2272 2367 3180 2415 Bahr schon rühriger und erst Hans Müller.“
2441 2394 3204 2468 Den dürfen sie ja doch nicht in einem
2276 2427 2470 2498 Atem
2450 2455 3204 2528 Der versteht die Regie des Erfolges
2284 2492 3197 2564 bei ihm ist der Erfolg gleichsam der Akt nach
2277 2556 3195 2602 dem letzten Akt. In auen seinen Wirkungen
2278 2595 3203 2642 aufs genaueste berechnet. Er hat doch immer drei
2286 2630 3199 2696 bis vier Uraufführungen auf einmal. Irgendwo
2290 2672 2974 2738 muß doch das Stück dann gefallen.“
2456 2686 3199 2762 Hermann Bahr hatte diesmal zwei.
2289 2732 3204 2792 München und Hamburg. Doppelt gesichert. In
2290 2782 3195 2834 Hamburg war es besser als in Munchen. Aber
2287 2821 3200 2884 für Wien gibt er den Unmensch“ doch erst her,
2285 2844 3190 2904 wenn es auch in Berlin ein Erfolg gewesen.“
2424 2884 3200 2956 — Was gibt es sonst Neues in den Wiener
2490 2919 2545 2970 741
2274 2913 2504 3003 Theatern?
2458 2946 3202 3007 Nicht viel. In der „Neuen Wiener
2286 2985 3199 3076 Bühne“ kommt nächstens „Doktor Stieglitz“
2270 3045 2444 3110 Dran
2419 3056 3191 3149 — Das Judenstück, das in Berlin Schild¬
2277 3103 2640 3182 kraut gespielt hat
2436 3137 3197 3216 Ja, ein Nachkomme des „Onkel Bern¬
2283 3173 2437 3256 hard“.
2429 3216 3193 3292 Jarno bringt „Die herbe Frucht“ von
2276 3262 3194 3316 Roberto Bracco, der, nachdem er so lange feind¬
2281 3310 3204 3364 licher Ausländer gewesen, jetzt wieder zu
2286 3345 3201 3393 freundschoftlichen Theaterehren kommt. „Un¬
2290 3386 3198 3436 treu“ soll nächstens auch gespielt werden. Mit
2285 3413 3196 3469 der Konstantin, die im Februar doch zu Jarno
2289 3452 3193 3517 kommt. Im Herbst wollte sie wegen der schlechten
2277 3499 3203 3553 Valuta nicht von Berlin fort. Die Krone ist
2276 3533 3192 3593 indeß nicht böher geworden. Aber die Erfolgs¬
2290 3573 3193 3642 tomperatur.n sind in Berlin doch weit nie¬
2276 3605 2575 3682 Ferk
