3344 4256
2437 82 2849 167 box 33/5
246 99 2257 178 28. Die Schvestern oder Gasanous in Spa
1864 1165 2569 1232 uel. Wert SelT
2903 1195 3159 1261 ##, der Inne
1496 1212 2586 1271 Mat150000 Mark. Der Preis des einzelnen Loses be¬ u
1615 1216 3152 1304 trägt 3 Mark. Lose sind erhältlich beim General=le hienge Mannschaft enttäusch
1099 1244 1611 1311 Aergalten des Gutsbesitzers
2529 1281 3153 1338 wären nur Meißner, Strasde v
717 1282 1611 1355 #gu in Hollstädt bei Kukehnen eine 8 bis 9
1601 1300 2561 1366 debit Leo Wolff, Kantstraße 2, sowie in allen
2590 1312 3110 1363 Tennis Borussia: Asko 1:
2525 1341 3119 1403 hältnis 6:4 für Berlin. Am zwe
661 1346 2387 1396 Jahre alte braune tragende Stute, 5 Fuß groß, durch Plakate kenntlichen Verkaufsstellen.
1617 1436 3079 1484 Eifersuchtsszene der Männer — Duell zwischen Casa= unter Kapellmeister Wilh
1608 1468 2541 1525 nova einerseits und Baron Santis und Andrea ander¬
2545 1466 3072 1532 Leitung exakt herausgebracht
853 1440 1445 1547 Kunst und Wissen
1613 1514 2542 1564 seits, allerdings rechtzeitig gestört durch den Eintritt
2550 1515 3047 1572 steller gaben sich rechtschaff
893 1528 1414 1610 Neues Schauspielhaus.
1623 1548 2542 1606 Teresas, Casanovas „Braut“, die den Geliebten nach
2549 1545 3011 1607 Teil glänzende Leistungen.
1631 1578 1679 1615 4
1622 1595 2541 1642 Wien mitnehmen möchte. Die erregten Gemüter be¬
2541 1589 3013 1649 Hippolyta und Alfons
797 1602 1524 1654 Arthur Schnitzler: Casanova in Spa.
2550 1627 2950 1682 Theseus zeigten in
1627 1632 2538 1674 sänftigten sich dann beim gemeinsamen Festschmaus. —
736 1636 1618 1693 Schnitzlers Name ist in der letzten Zeit mehr genannt
2552 1669 3005 1722 Shakespearefiguren. Ca¬
1620 1676 2544 1723 Mit dem Gesagten ist weder die Handlung noch der
679 1680 1618 1734 worden als in den ganzen dreißig Jahren seiner erfolg¬
2545 1695 3004 1767 aus dem Weber Zettel
1630 1713 2543 1763 Inhalt des Stückes erschöpft. Die lockeren Szenen
675 1725 1619 1769 reichen Schaffenstätigkeit. Der Anlaß dazu war eigen¬
1621 1754 2542 1802 und Worte werden mit so schalkhafter Liebenswürdigkeit
2545 1747 2990 1802 dem großen Troß de
676 1759 1620 1817 artig genug. Sein „Reigen“, der 1897 erschien, wurde
2546 1783 2988 1842 angenehm heraus: Hed¬
1619 1793 2545 1841 gegeben, daß das Erotische ganz beiläufig erscheint, ob¬
668 1802 1617 1848 dieser Tage in Berlin aufgeführt und erregte einen
2546 1820 2979 1881 Putti Rupprecht
1620 1835 2536 1892 gleich dem ganzen Stück ein französischer Hauch anhaftet.
673 1834 1617 1888 Entrüstungssturm von Sittlichkeitssanatikern oder solchen,
2549 1863 2971 1915 (Titania) und Anner
1663 1872 2547 1930 Die Darsteller wurden ihrer Aufgabe in jeder Weise
671 1866 1627 1940 die es zu sein sich einbilden. Es wurde sogar ein
1630 1896 2976 1968 gerecht. Max Friedrich zeigte für die Rolle Casa= die beiden Liebhaber Ly¬
673 1916 1612 1967 Verbot ausgesprochen, um bald darauf wieder auf¬
1624 1936 2980 2000 novas eine fabelhafte Eiguung, nicht weniger Grete Zinnburg und K
672 1959 1609 2013 gehoben zu werden. Auch in unserer Zeit gibt es noch
1623 1976 2937 2041 Ilm für die Figur der schlauen Faminia. Der feurige Kleinke (Squenz),
675 1984 1346 2065 Schwachköpfe oder Duckmäuser genug!
2557 2011 2979 2075 Oberon), Heinz Per
1619 2020 2548 2077 Andrea wurde lebensecht von Hans Rameau ge¬
744 2021 1616 2083 Das Schauspielhaus ehrte den Dichter, indem es
2556 2057 2985 2124 und Thiesbe, und Lei
1625 2077 2549 2124 geben, der weinselige angebliche Baron Santis von
676 2077 1622 2128 am 60. Geburtstage Schnitzlers (15. Mai) sein Lust¬
2559 2093 3006 2165 Wand. Das Haus war
1631 2115 2549 2162 Josef Gielen. Regula Keller verstand es,
671 2113 1615 2160 spiel „Casanova in Spa“ oder wie der Titel zunächst
2553 2137 2826 2208 haften Beifall.
1632 2140 2545 2199 die scheinheilige Anina glaubhaft zu machen. Als
675 2163 1611 2210 lautete, „Die Schwestern“ zum erstenmal in Szene
1635 2180 2561 2252 Teresa wirbelte voll Lebendigkeit Stesanie Kriß
680 2195 1616 2243 gehen ließ. Die Aufführung endete mit einem vollen
2791 2208 3005 2282 Neues 4
1624 2227 2555 2275 über die Bühne. Sowohl Richard Feist als hol¬
682 2231 1616 2290 Erfolg, um den sich als Regisseur Dr. Wolff von Gordon
1615 2265 2554 2310 ländischer Offizier wie Wolfgang Langhoff als
2602 2252 2997 2329 In der Sonntagna#
674 2261 1077 2331 verdient gemacht hat.
1635 2311 2541 2354 frecher Kellner Tito zeigten beide ausgezeichnete Leistungen.
2560 2305 2992 2363 manschen Operette „D.
745 2300 1624 2370 Mit formsicherem Geist, hochlyrischer Sprache, von
1627 2350 2551 2409 Trotz des schönen Pfingstsonntags war das Haus gut
2561 2357 3003 2406 sich dem Publikum dei
686 2350 1620 2410 seinem Witz umkleidet, baut uns Schnitzler in dem
2418 2388 2527 2448 Wy.
1634 2384 2108 2456 besetzt und beifallsfreudig.
2546 2389 2993 2445 pflichtete Kapellmeister
677 2393 1621 2449 Lustspiel einige pikante Szenen aus dem Leben des
2550 2425 3007 2487 neuengagierte Soubret
688 2428 1632 2479 bekannten Allerweltslieblings Casanova auf. Flaminia,
2565 2465 3012 2525 Groß leitete das Orche
686 2477 1635 2529 die Gattin des Barons Santis, erwartet für die Nacht
1816 2471 2377 2553 Stadttheater—Volksbühne.
2555 2510 3002 2566 effektvolle Stellen, sowe
674 2512 1625 2562 vergeblich Casanova. Dieser ist zwar verabredungs¬
1708 2537 2473 2591 Shakespeare: „Ein Sommernachtskraum“
2550 2549 2988 2611 in dieser Operette spr¬
685 2552 1629 2602 gemäß nachts im Park erschienen, wurde aber im offenen
2555 2583 2997 2646 aber die Begleitung ge
688 2581 1647 2651 Fenster schon von Anina, der Brant Andrea Bassis in
1656 2574 2547 2639 Der Sommernachts=Waldzauber, wie er vom Dichter
2557 2627 2972 2684 nicht immer genüge
1633 2627 2545 2674 in dem farbenfrohen, übermütigen, verträumten Lust¬
693 2633 1627 2686 der Meinung, es sei Andrea, so stürmisch empfangen,
2564 2663 2971 2727 wirken von Solisten,
1639 2662 2551 2717 spiel gemalt wurde, kam bei der Aufführung im Stadt¬
682 2672 1628 2725 daß Casanova ihr die Nacht schenkt, in dem Glauben,
2568 2705 2958 2764 er sicher. Emmy Me¬
1632 2712 2556 2757 theater am Pfingstsonnabend schön zur Geltung. Das
694 2711 1620 2756 bei Flaminia zu sein. Zwischen den beiden Frauen
2570 2744 2952 2811 und ersten Hofdams
1632 2743 2555 2797 war nicht allein das Verdienst Direktor Geissels,
695 2750 1624 2798 entbrennt dann ein Streit, wer die Betrügerin, wer
688 2776 1622 2843 die Betrogene sei. Da weder Bräutigam noch Gatte
1637 2787 2553 2836 der für die Spielleitung zeichnete, sondern auch das der
2564 2786 2942 2843 haberin einen gün
688 2823 1634 2878 den Streit der beiden zu schlichten vermögen, soll Casa¬
1645 2827 2561 2872 Frau Wanda Aderjahn und ihrer brillanten
2569 2828 2929 2877 sonders gut im zu
1640 2865 2561 2913 Tanzschule. Ferner trug zur Stimmung die Musik
684 2869 1637 2911 nova selbst entscheiden. Der Vorgang wird ihm ge¬
2560 2866 2943 2916 frischen Humor in
1637 2905 2558 2952 Ernst Roters wesentlich bei, die zwar nicht den
691 2908 1632 2956 schildert, als hätte sich der sonderbare Fall zwischen
2569 2903 2925 2958 Ihre Stimme war
696 2946 1629 2994 zwei Schwestern (in punkto Eifersucht sinds alle Frauen)
1632 2938 2551 2993 hohen lyrischen Schwung der Mendelsohnschen besitzt,
2568 2939 2921 2995 Das Theater wo
697 2986 2559 3026 zugetragen und er entscheidet, daß der Betrogene der sich aber sowohl in ihren Harmonien wie Dissonanzen
2565 2981 2917 3053 Pfingstwetters seh.
687 3005 2586 3092 Liebhaber sei, dem sein Recht noch werden müsse. Folgt trefflich in die verschlungene Handlung einschwiegt und
