3344 4320
2405 172 2877 269 box 3375
237 191 2260 298 28. Die SchesternodeCasanowain Sna
1879 286 3106 375 Liusen, Mosatfußboden, Kachelwanne, Silberbeschlägen und
1837 348 3107 428 (Elsenbeinhandgriffen auf das herrlichste geziert war. Als er dies
1858 397 3118 477 Iuwel voll Stolz einem Freunde zeigte, bemerkte er dabei: „Du
1852 443 3117 533 lohst dir denken können, wie sehr ich mich jetzt immer auf
1857 507 2327 584 Samstag abend freue!“
1865 529 3085 619 —
1993 597 2917 734 Theater und Kunst.
2189 739 2805 846 Hinter den Kulissen.
1856 744 1938 839 4
1861 787 3123 882 Artur Se##l####sionen oder die „Schwestern". — Kühne und
2395 867 3077 922 „Frau Rat“ und das Kasseehaus.
1864 877 2332 948 versöhnliche Aktschlüsse.
2068 898 2933 973 Schneidereien. — Ein Witz von Julius Bittner.)
1981 944 3130 1025 Sowohl im Leben wie in der Kunst muß jeder Konzessionen
1843 1004 3130 1095 machen. Wie oft sagt ein Dichter zuerst energisch „nein“, wenn
1874 1047 3136 1124 man ihm zumutet, sein Stück zu ändern, oder irgend etwas zu
1087 1067 1587 1149 Hchonthaf
395 1080 758 1148 und Koppel=Ellfeld.
1862 1075 3141 1169 streichen. Schließlich ändern oder streichen selbst Stürmer und
312 1129 1564 1227 Dienstag, ¾8 Uhr: „Renaissance", Lustspiel von S##önthan und
1877 1138 3141 1229 Dränger. Anno dazumal — es ist noch nicht gar so lange her
386 1169 679 1228 Koppel=Ellfeld.
1929 1187 3132 1265 mußten die kühnsten Neuerer der Zeusur ihre Kouzessionen
319 1201 1324 1287 Mittwoch, ¾8 Uhr: „Liebe“, Tragödie von Wildgais.
1873 1230 3145 1312 machen. So wurden Stellen gemildert, Tendenzen abgeschwächt
324 1252 1474 1330 Donnerstag, ¾8 Uhr: „Erde“, Komödic von Kark Schänherr.
1949 1282 3135 1359 die Dichter konnten sich einfach nicht helsen. Auch Artur
374 1300 1588 1385 Wir erhalten erst heute die Mitteilung, daß Frählein Anne
322 1333 1581 1408 Starnberg am Sönntags den #e3 Mätz, al# Helpist Ohh¬
1863 1339 3133 1439 Schnitzler befland zuerst darauf, daß seine Komödie Die
320 1371 1564 1469 Lachenden Ehemann" ibre rtte Vors##am hiesigen Güht¬
1880 1375 3142 1466 Schwestern, oder Casanova in Spa“ ohne Pause hernutergespielt
316 1408 752 1489 heater absolviert hat
1871 1419 3146 1518 werde, da nach seiner Ansicht der Zwischenakt in diesem Falle
382 1448 1571 1547 Arthur Schuiblers neue Kemödie. Alus W#rn wird uns ge¬
1872 1482 3141 1555 Villusionstörend wirke. Und so hieß es dann auf dem Theaterzettel
352 1479 1551 1574 chrieben: Das heater brachte Arthur Schnktzlers drei¬
1884 1537 2609 1612 ausdrücklich: „Drei Akte in einem“..
321 1550 1557 1625 chtige Komödie „Die Schwestern“ oder „Casanova in Spo“
316 1593 1550 1654 zhr Uraufführung. Das Stück führt in die internationale Spieler¬
1989 1567 3155 1657 Aber das Publikum ist doch stärker als der stärkste Dichter.
316 1625 1552 1696 uhd Abenteurerwelt des achtzehnten Jahrhunderts und entrollt
1885 1635 3148 1707 Man merkte deutlich, daß durch diese geschlossene Form eine Er¬
321 1661 397 1713 ei
397 1661 1558 1729 erotisches Problem. Casanova hat sich bei einem nächtlichen
1875 1686 3146 1767 müdung eintrat. Und so mußte Schnitzler nun tlein beigeben und
322 1704 1556 1783 BAuch im Fenster geirrt und umarmt an Stelle der Frau, die ihn
314 1735 1560 1823 ertbartet hat, eine andere, die sich ihm auch ohne Zögern ergibt.
1880 1734 3157 1815 wenigstens einen Zwischenakt konzedieren. Einmal gab ja be¬
322 1782 1551 1852 Am andern Tag gesteht sie es ihrem jungen Gatten, der sich, als
1880 1778 3162 1848 kanntlich selbst der große Ibsen nach, der den Schluß seiner
325 1812 1557 1890 er erfährt daß Casanova den Irrtum nicht bemerkt hat, damit ab¬
1880 1819 3173 1904 „Nora“ änderte. Das Publikum ist eben ein unerbittlicher“
323 1862 1565 1924 finden will. Dagegen begehrt die Frau jetzt erst recht, Casanovas
1869 1871 3163 1963 Tyrann. Oskar Blumenthal schrieb einmal eine etwas kühnere
322 1912 1548 1976 ordentliche Geliebte zu werden, was sie in Streit mit der anderen
1880 1912 3160 1998 Komödie. Ein Theaterkeiter schlug ihm vor, für seine Bühne einen
314 1928 1555 1985 bringt, der sie jene Nacht weggenommen hat. Der Streitfall
324 1979 1555 2051 zwischen beiden wird schließlich Casanova in novellenhafter Ein¬
1871 1973 3154 2055 milderen Schluß zu machen, und die zwei Leute, die sonst schroff
321 2016 1561 2081 kleidung zur Entscheidung vorgelegt. Den Knoten löst eine dritte
1891 2035 3160 2118 auseinandergingen, sich versöhnen zu lassen. Lächelnd meinte er:
316 2048 1551 2130 Dame, ein Tänzerin, welche eben erscheint, um Casanova, der lange
1889 2077 3160 2161 „Also gut, nehmen wir den versöhnlichen Schluß für Städte unter
320 2098 1552 2145 um sie geworb u hat, Gehör zu schenken. — Schnitzler hat sich um
322 2138 1558 2210 die Gestalt Casanova seit langem bemüht, und die Verschmelzung
1890 2127 2372 2205 100.000 Einwohnern.“
324 2170 1553 2249 von neuwienerischer Atmosphäre mit der des Rokoko nicht zum
1997 2158 3172 2251 Die Geschichie des letzten großen Wiener Theatererfolges,
316 2211 1558 2285 Verstenmal versucht. Hrute zeigt sichs, daß dies eine belanglose und
1896 2254 3175 2309 den „Frau Rat“ errungen hat, hat eine ebenso listige wie lehr¬
326 2249 1565 2314 hinfällige Angelegenheit geworden ist Weder der Zeit des Rokokos
1884 2258 3174 2352 reiche Pointe. Wie ist Dr. Paul Wertheimer, der glückliche Autor#
319 2293 1554 2356 noch ihren Gestalten hat Schnitzler eigenes Leben einzubauchen
320 2341 1581 2416 ##aewußt. Diese Blutleerheit macht die Abhandlung der erotischen
1883 2316 3167 2417 der „Frau Rat“, zu diesem interessanten Sujet gekommen? Da¬
1892 2357 3162 2445 durch, daß er ein Buch mit sich in der Tasche herumgetragen hat
1886 2422 3173 2485 und damit in das Kaffeehaus gegangen ist. Ein so vielbeschäftigter
1904 2471 3166 2543 Mann, der gleichzeitig Rechtsanwalt, Publizist und Poet ist, hat,
1901 2507 3174 2600 seitdem das Café Grünsteidl und das „Jung=Wien“, dem er an¬
547 2520 1196 2662 C Dntotte
1903 2547 3164 2643 gehörte, nicht mehr existiert, nur noch selten Zeit für eine Kaffee¬
1905 2612 3174 2684 hausstunde. Eines Abends im vorigen Frühjahr ging er aber am
1088 2595 1618 2756 Guobur
1908 2654 3167 2732 Café Kaiserhof vorüber; da zog er dem Kafseedufte nach und
1909 2705 3166 2788 spazierte hinein. Er setzt sich in eine Ecke und am Tisch gegen¬
1899 2760 3184 2833 über sitzt — Direktor Jarno, der sich hier von seinen dreifachen
953 2751 1558 2839 Samstag, 3. April 1920.
1902 2808 3181 2881 Bürden als doppelter Direktor, Regisseur und Darsteller zuweilen
291 2831 1583 2929 ck Angelegenheit zu einer namenlos gleichgültigen Sache, und mit dem
1896 2867 2396 2942 für eine Stunde erholt.
340 2869 1573 2956 künstlerischen Wert bleibt auch aller menschliche aus. Hier ist nichts
2016 2893 3177 2973 Die beiden gerieten sogleich in ein Gespräch, das von den
338 2920 1569 2999 über das Leben ausgesagt, kein tieferer Blick in ein Schicksal er¬
1878 2962 3179 3044 üblichen Kaffeehausthemen, Valuta und Schiebertum, wesentlich ab¬
344 2961 1582 3048 öffnet, kein scellscher Zug gezeigt; und nichts so Undelikates hat
347 3001 1574 3076 Schnitzler noch auf die Bühne gebracht, als den Streit der zwei
1902 3002 3171 3096 wich. „Nur eines“, erzählte Dr. Wertheimer, ein eifriger Bücher¬
348 3039 1567 3121 Frauen um den Geliebten: hier wird der lotzte Rest einer Teilnahme,
1900 3044 3183 3150 leser und Kulturliebhaber vor dem Herrn, dem Direktor, der mit
338 3078 1576 3171 die sich etwa im Zuhörer geregt bat, verscheucht. Die Darstellung
1903 3090 3179 3194 seiner unerschöpflichen Lebens= und Arbeitskraft noch Zeit und
337 3116 1567 3199 des Buratheaters war lau. Treßler gab dem Casanova einiger¬
1915 3161 3186 3225 Lust zu allem findet — „nur eines hat mich in diesen schweren
328 3153 1598 3259 maßen hanswursthafte Züge, was die Gestait nicht lebenskräftiger"
329 3201 1585 3291 machte. Das Publikum, das sich nicht eben unterhalten hatte“
1911 3193 3183 3276 Zeiten des Niederganges Deutschlands, unseres moralischen und
333 3237 1178 3326 bereitete dem Stück nur eine kühle Aufnahme.
1905 3256 3161 3323 #materiellen Elends getröstet — ein Buch, sehen Sie nur —“
1244 3263 1581 3347 Mar Pelh#.
820 3292 1048 3368 MRW
1904 3293 3181 3380 und er zog ein braunes Büchlein aus der linken Tasche — „Die Briese
1901 3348 3182 3431 der Fran Rat Goethe“. „Merkwürdig, Doktor“, replizierte der Direktor,
1910 3396 3197 3494 „wollen Sie wissen, welches Buch mich in den letzten Tagen immer be¬
1917 3443 3194 3518 gleitet hat?“ Und er zog aus der rechten Seitentasche gleichfalls ein
1920 3498 3171 3570 brannes Buch hervor — „Die Briefe der Frau Rat Goethe“
1921 3527 3187 3615 „Alle Hochachtung vor einem Direktor, der in seinen wenigen
1913 3582 3189 3669 Mußestunden Goethe liest", meinte Wertheimer. „Mir ist dieses
1911 3616 3184 3709 Werk nämlich Erholung und Quellenstudium zugleich. Seit
1920 3682 3189 3766 Monaten beschäftige ich mich mit einem neuen Stück, das mir
1921 3732 3171 3807 Herzenssache ist. Die Frau Rat Goethe, diese prachtvolle, echte,
2370 3777 3179 3840 — ich werde sie auf die Bühne bringen.“
1913 3792 2382 3874 kernhafte deutsche Frau
1929 3822 3147 3903 „Daran hab' ich auch bei der Lektüre sogleich gedacht“
1921 3858 3182 3944 siel der Direktor ein. „Das ist eine Prachtfigur.“ Wertheimer
1922 3923 3185 3995 wurde in seinem Feuereiser dadurch noch bestärkt, er setzte sich jetzt¬
1933 3990 3192 4037 energischer hin, schrieb das Stück und brachte es Jarno,
1921 4017 3201 4090 der es sofort einstudierte und jetzt nach der erfolgreichen:
1931 4063 3201 4147 „Concordia“=Aufführung im Theater an der Wien im Stadttheater
1925 4111 3290 4195 allabendlich spielen wird. Und die Moral der Geschichte für
