3392 4384
2397 196 2864 294 box 3375
234 210 2258 300 28. Die Schuestern-oderGasanouainSpa
319 1269 632 1356 ARTEEMIINTT MAE TE NE
682 1337 3188 1412 Munde hat dies Passi schon früher auch vernommen. Das Problem wieder nur vom Leben Genasführte. — Winderschön wieder die
150 1266 512 1449 und Musik.
1952 1386 2144 1461 Szenerie.
701 1371 1961 1450 liegt nun so: war's Untreue und wer brach die Treue? Casanova
2794 1388 3155 1463 Rud. Holzer.
701 1417 1958 1482 selbst wird unter Vortäuschung, es handle sich inn den Schluß einer
135 1424 358 1518 estern
711 1469 1968 1526 Novelle, der Fall zur Entscheidung vorgelegt. Das Leben selbst gibt,
2003 1450 3188 1533 5 Münchener Theater. (Eigerbericht unseres Münchener Kor¬
126 1502 1955 1562 ung i Burgtheater. da Antwort: die Tänzerin Theresa, von Casanava zahllos oft betro¬
1945 1502 3183 1569 respondenten.) Der 150. Geburtstag Friedrich Hölberlins ist hier
723 1553 1961 1609 gen. wirbelt herein; wieder einmal hat sie seine Spur gefunden und
1953 1558 3183 1613 dadurch gefeiert worden, daß man im Prinzregententheater des Dich¬
142 1551 733 1624 Stofmal geformt: in der
720 1586 1950 1654 heftet ihn nun an ihren Wagen, der zur Stunde nach Wien rolli, wo
1948 1602 3189 1659 ters dramatisches Fragment „Der Tod des Empedokles“ in
138 1618 721 1675 it der lustspielmäßigen Komödie
720 1640 1943 1699 sie ans Hoftheater verpflichtet wurde. Nicht auf die Beständigkeit der
1941 1634 3194 1708 der Bearbeitung von Wilhelm von Scholz, zur Aufführung brachte.
142 1646 733 1717 beiden Werken der Held; in der
724 1689 1954 1741 Treue, sondern auf ihr unauslöschliches Wirken, auf ihre stete Erneue¬
1942 1683 3192 1751 In wunderbar feiner, den gottbegnadeten Dichter erkennen lassenden
143 1698 734 1747 ma, was ja auch der Dichter für
722 1719 3187 1797 rung komme es an  ist beiläufig des Stückes und Casanovas mora= Weise ist hier das Schicksal des erdenfernei, philosophischen Schwär¬
147 1737 719 1801 Genießer schon durch den Titel
718 1762 1054 1845 lisch Sprüchlein.
1932 1771 3185 1835 mers geschildert, der, verkannt von der Welt, den Tod an der Brust
137 1772 717 1843 Es ist fehr der Geist, als der
1932 1819 3192 1879 der Natur, im Krater des Atna sucht. Auf dem Theater freilich, mo
134 1817 736 1885 ewegt. Der Ouft der Zeit, ihre
776 1834 1950 1896 Die Handlung begibt sich im Verlauf von einigen Stunden. In
1942 1862 3191 1919 nur dramatische Gestaltungskraft allein regiert, und lyrische Schön¬
139 1852 730 1916 reigentlich des Dichters „Stoff“
710 1863 1951 1928 einem Zimmer; so spielte man die drei Akte fast pausenlos ab, was
1935 1897 3195 1963 heiten allzuleicht verloren gehen, hat solch ein Werk nur wenig Glück.
137 1911 731 1964 itzter schon meisterhaft im „Grü¬
712 1925 1950 1978 die notwendige Konzentration verbürgte. Das Stückchen ist mehr
139 1950 733 2010 ardus“ nicht ganz ins Geistige
712 1944 3184 2025 Kunststück als ei Kunstwerk; bewundernswert ist die chen innewoh= wie auch der kühle, respektvolle Beifall zeigte. Freilich war ihm auch
1933 1983 3186 2051 nur eine mittelmäßige Verkörperung beschieden, auf traditio #ellem
135 1982 726 2058 ecken geblieben; hier gelingt es
726 2003 1953 2059 nende denkerische Schärfe, die Eleganz der Intriguenführung. Casa¬
1940 2030 3189 2090 Hoftheaterpathos jußend und durch keine besondere Note dem außer¬
147 2025 719 2111 vortreiflich, die dramatische Ak¬
713 2041 1958 2110 nova oder Macchiavell waren nicht behender, pointierter. So ergab's
1941 2078 3187 2144 gewöhnlichen Anlaß besonders gerecht werdend. J. P. Johannes.
718 2093 1949 2145 ein Ballspiel köstlich geschliffener Gedanken; ein Feuerwerk der Wort¬
2050 2124 3179 2184 Adalbert Stifter, der Edelmensch. Aus Wels wird uns be¬
142 2109 738 2189 Andrea Passi gerät durch einen
731 2133 1957 2194 kunst; ein Zierstück der Stilkomödie. (Das wahre Gehäuse dieses
1937 2166 3182 2223 richtet: Über Einladung des städtischen Bildungsausschusses sprach
148 2174 1946 2239 lschaft eines Barons und seiner Stückes wird erst das Schloßtheater in Schönbrunn sein.) Treßler
1939 2209 3188 2267 dieser Tage unser Wiener Korrespondert, Schriftsteller Rudolf Hol¬
176 2214 1944 2274 Im Gasthof in Spa, wo die gibt dem Casanova den Reichtum seiner eigenen schillernden Natur;
1936 2256 3189 2320 zer, in Wels über Adalbert Slifter. Der Vortragende entwickelte
135 2247 741 2327 on seiner Braut Anina begleitet
716 2255 1950 2319 er ist nicht genialisch, wie es Kainz gewesen wäre, aber komödiantisch
1936 2295 3189 2362 den Dichter der „Studien“ und des „Nachsommers“ als die Gestalt
132 2300 745 2370 chwestern gehalten. Der Baron
721 2300 1948 2360 und das wird für den Spieler, Gaukler und Hochstapler Casanova
142 2351 3186 2403 ssion; er hält auch Passi, ob der das Wahrheitsgetreuere sein; item Treßler ist farbenreich; er schlägt des reinsten, vollkommensten Typus des alten Österreichers, des Man¬
147 2390 3191 2449 sten Mana empfindet, für nichts das Rad und die Volte der Rabulistik, Sophistik beschwingt und ele¬ nes der klassizistischen Zeit Österreichs. Das zahlreich erschienene Pu¬
723 2428 3191 2503 gant. Ausgezeichnet der Abenteurer, der „Baron“ des Herrn Da= blikum folgte den Ausführungen mit großer Aufmerksamkeit und zollte
135 2432 737 2496 eses Hauses. Durch eine merk¬
719 2479 2668 2532 negger: gepolstert mit Verworfenheit und Unverschämtheit, in sei= zun Schlusse überaus warmen Beifall.
136 2477 730 2534 nger sich des Nachts, indes Ani¬
130 2509 721 2592 en Bräutigam wartete, in ihr
727 2524 1950 2584 ner brutalen Selbstverständlichkeit des Lasters ein Philosoph und
2004 2513 3178 2577 5 Stadtheater. Ostersonntag, nachm. 3 Uhr als Kindervorstei¬
162 2558 726 2630 Passi fing einen Brief Aninas
726 2567 1941 2616 Meister seiner Gesellschaft. Entzückend, geistreich, pikant, ein Mo¬
1945 2565 3179 2630 lung „Aschenbrödel"; Ostersonntag, abends 7 Uhr, außer Abon.
142 2589 737 2674 Abreise verlangt. Die Ausein¬
716 2607 1939 2663 dell Fragonards, Frau Retty: ein Püppchen, das mit einem Zier¬
1939 2608 3188 2663 nement, ohne Vorverkaufsrecht „Die Csardasfürstin“; Östen¬
146 2650 725 2714 h: was ihr nicht bewußt war,
731 2653 1951 2717 mäulchen die entsetzlichsten Schändlichkeiten plaudert. Klug, sein, er¬
1944 2655 3178 2720 montag, 3 Uhr nachmittags, „Ein Florentiner“. Östermontag,
137 2694 1943 2758 asanova und verläßt Passi zur füllt von Bedeutsamkeit gibt Frau Akney die Anina, das junge We¬
1945 2702 3180 2759 7 Uhr abends, außer Abonnement ohne Vorverkaufsrecht, „Wodie
142 2735 1960 2799 enn ihr nicht Flamia ja in den sen, das nicht ungestraft am Rande eines Sumpfes wandelt, das be¬
1938 2740 3180 2797 [Lerche singt". Der Vorverkauf für die Osterfeiertage beginnt Don¬
145 2777 3178 2832 Flut von Vorwürfen und Zor= leidigte, herbe Jungfräulichkeit durch Hingabe littlicher Hemmungeninerstag. 9 Uhr vormittags, und zwar für die Nachmittagsvorstellun¬
137 2813 3181 2908 rtete auf Casanovas nächtlichen rächt. Casanova spielt die Rolle des unberoußten Moralisten; in##en im Pestibül des Theaters, für die Abendvorstellungen an der
136 2852 3082 2920 meint. Aus Casanovas eigenem seinem Lichte die Welt beschen, zeigt Betrüger und Betrogener als Tageskassa. Freitag den 2. April bleiben die Kassen geschlossen.
