3436 4384
2420 183 2891 291 box 33/5
259 199 452 303 28.
446 198 2285 291 Die Schuestern-oderCasanovsin sna
1863 1351 2928 1427 Großhetman Xawery Branicki, warf sich
894 1366 1853 1431 Ueber Süddeutschland, den Rhein entlang
152 1383 377 1488 Ppa.“)
1868 1405 2919 1465 zu deren Rächer auf, es kam zwischen ihm
814 1412 1849 1472 fahrend, wo die schöne Bürgermeisterin in
1865 1451 2916 1519 und Casanova zum Duell, in welchem der
810 1469 1856 1525 Köln mittlerweile fromm geworben war und
153 1467 521 1546 Wustav Gugitz.
1869 1504 2915 1562 Abenteurer zwar Sieger blieb, jedoch seine
798 1511 1849 1568 den gealterten Liebhaber nicht mehr kennen
168 1515 799 1610 etwa Anfangs August 1767
1853 1550 2920 1625 Rolle in Warschau ausgespielt hatte. Jeden¬
806 1568 1862 1610 wollte, traf er in Spa ein: Dorthin hatten
181 1584 797 1666 n seinem Leben in Spa
1866 1606 2917 1661 falls hoffte er nun in Spa für seine Auf¬
807 1609 1851 1672 sich nämlich einige polnische Aristokraten be¬
172 1624 804 1712 sich, um dieses vornehmste
1859 1646 2923 1717 opferung belohnt zu werden, zum mindesten
803 1656 1857 1722 geben, so Elisabeth Fürstin Lubo¬
186 1669 802 1760 Großen und sämtlicher
1945 1708 2920 1758 er jener polnischen Partei nach, auf
807 1713 1863 1760 mirska (1736—1816) und General Ron¬
152 1723 783 1812 pas, in vollen Zügen ge¬
1866 1750 2925 1831 deren Seite er schon in Warschau gestanden
808 1765 1854 1822 niker, um deren Gunst sich Casanova in
179 1777 799 1854 in einer anderen Lage be¬
1862 1798 2039 1868 hatte.
799 1812 1850 1862 Warschau sthon beworben hatte, und an denen
193 1826 795 1901 s er es tatsächlich war.
1958 1844 2925 1910 In welchen Absichten Casanova nach Spa
800 1859 1851 1919 er nun vielleicht jenen Rückhalt erhoffte, der
161 1873 800 1961 Stern im Niedergang; der
1864 1901 2923 1967 gegangen, darüber verlautet in den Memoiren
803 1911 1862 1972 ihm so nötig war. Es hatte sich aber auch
218 1924 796 2001 seine Individualität so
1862 1947 2916 2013 nichts. Bloß um sich zu amüsieren, sicher
816 1961 1856 2024 Graf Tomatis eingefunden, ein hochbe¬
160 1956 794 2050 war in England mit knap¬
1861 1999 2920 2050 nicht. Wahrscheinlich war ihm schon dort der
811 2008 1849 2065 rühmter Spieler, mit seiner Gattin, die ehe¬
161 2027 798 2095 nählichen Geschick entronnen
1869 2043 2931 2117 Gedanke aufgetaucht, nach Spanien zu gehen
809 2061 1855 2114 mals als Tänzerin Katharina Catai die
163 2085 799 2145 erlin, St. Petersburg und
1866 2092 2926 2163 und in diesem für ihn ganz neuen Lande sein
807 2103 1855 2173 Geliebte des Königs Stanislaus, 1761
169 2134 795 2203 vergeblich um Dienste an¬
1860 2146 2917 2202 Glück zu versuchen. Er behauptet allerdings,
806 2156 1862 2217 aber auch in Prag die Kollegin von Casa¬
154 2171 798 2250 en gegangen, wo man ihn
1855 2197 2924 2266 er habe sich erst in Paris, wohin er sich direkt
806 2198 1860 2258 novas bösem Engel, der Corticelli, ge¬
157 2226 795 2298 Seine Mittel waren äußerst
1863 2244 2927 2307 von Spa begab, von der Prinzessin Lubo¬
811 2246 1851 2315 wesen war?). Vielleicht erleichterte dies die
169 2274 797 2350 und erlaubten ihm nicht
1864 2288 2928 2352 mirska und dem Marquis Caraccioli
805 2304 1859 2374 Bekanntschaft mit Tomatis, die aber lauch
157 2322 795 2401 en Spielern zu setzen, nur
1864 2342 2915 2398 Empfehlungsbriefe nach Spanien geber las¬
799 2347 1848 2410 bequem am grünen Tisch gemacht werden
150 2381 797 2445 nVerhältnissen wagte er das
1868 2394 2914 2444 sens) doch befand sich der Minister Dome¬
807 2397 1863 2460 konnte. Tomatis war übrigens samt seiner.
157 2416 807 2494 frn. Auch das Alter zeigte
1858 2450 2925 2506 nico Caraccioli (1715—1789) damals
144 2450 1852 2564 nd machte sich besonders] Frau in Casanovas Duell in Warschau ver¬
1858 2490 2925 2553 ebenfalls in Spa, sodaß Casanova vermutlich
798 2497 1850 2563 wickelt, welches ja von den Eifersüchteleien
155 2530 800 2596 Frückwirkung auf die Frau¬
1866 2536 2925 2609 schon in Spa seine Einleitungen für die spa¬
810 2552 1853 2616 der Tänzerinnen Catai und Binetti sei¬
155 2573 794 2646 Siegerblick jetzt mehr und
1863 2595 2505 2660 nische Reise veranstaltete.
807 2600 1853 2658 nen Ausgang nahm. Casanova hatte sich,
157 2618 801 2683 n und ihn wohl auch schlecht
1953 2634 2920 2706 Spa war im Sommer 1767 riesig über¬
804 2647 1855 2712 wenn auch nicht entschieden, und nur seiner
162 2676 793 2741 hon er sich allzeit freimü¬
808 2690 1864 2755 eigenen Interessen halber, auf die Seite von
1867 2691 2916 2765 füllt und nur mit Mühe und Not halte der
158 2728 794 2814 ierten hinzustellen beliebte.
812 2749 1855 2820 Frau Tomatis=Catai gestellt, welche mit
1864 2750 2915 2813 über geringe Mittel verfügende Venezianer
1864 2797 2920 2850 eine schlechte Kammer bei einem Hutmacher
802 2773 1874 2865 dem mächtigen Hause Lubomirski befreundet
146 2783 798 2898 Berichtigung zu Arthur Schnitzler: Die
805 2844 2931 2923 war. Der Anbeter der Vinetti aber, der erhalten. Eine hübsche Nichte, namens
157 2865 296 2924 a in
840 2900 1043 2949 —.—
170 2882 808 2989 am 18. August 1767 an C. (Original
895 2938 2540 3021 * O. Teuber, Gesch. des Prager Theaters. 1883, I. 237. 3) Mémoires, Garnier, VII. 362.
176 2948 581 3022 0du 11 de Spa
