3392 4352
2515 180 2919 280 box 3375
315 210 2308 307 28. Die Schuestern oder Gasanova in Sna
876 1023 1671 1210 Der Bühnenmerker) OrC
811 1181 1532 1277 Von Dr. Friedrich Wallisch.
2123 1206 3146 1267 schen Monarchie entstandenen Nationalstaaten wird nach
1059 1244 1237 1312 II.—13.
2090 1247 3114 1317 ———
722 1286 1741 1358 Arthur Schnitzlers Beschäftigung mit der Ge¬
622 1335 1744 1415 stalt des venezimischen Abenkeurers Casanova fand ihre
2442 1318 2871 1444 Feuilleion.
634 1371 1741 1454 erste Auswertung in der vor eineinhalb Jahren erschie¬
634 1427 1735 1489 neuen Erzählung „Casanovas Heimfahrt" Trotz des
637 1456 1732 1524 mehr oder minder historischen Gewandes konnte man in
623 1490 1751 1566 dieser Figur unschwer den gealterten Anatol oder Aigner
2377 1496 2904 1600 Burgtheater.
626 1548 1745 1608 oder Fritz Lobheimer wiedererkennen, den Typus des
616 1574 1732 1651 & Liebe genießenden und über Liebe räsonnierenden be¬
378 1568 493 1662 #.
2117 1578 3121 1649 „ Die Schwestern oder Casanova in Spa.“ Lustspi
625 1600 1755 1681 rufslosen Lebemannes aus Schnitziers früheren Werken.
2110 1646 3146 1704 von Artur Schnitler, zum ersten Ma'e aufgeführt an
635 1651 1748 1716 Auch in seinem Lustspiel „Die Schwestern“ oder „Ca¬
2449 1685 2802 1762 —26.März.?)
631 1692 1751 1749 sanova in Spa“, dessen Uraufführung nach mehrmonat¬
628 1734 1755 1803 lichen Irrfahrten aus der Direktionskanzlei des Volks¬
2157 1737 3168 1816 Für die Gegenspiele fesselloser Triebnaturen ist die
3161 1765 3375 1837 schlechtstrie
639 1764 1763 1836 thdaters ins Burgtheater hier Freitag stattgefunden
2111 1802 3164 1876 Komödie, freilich eine von nicht gerade hoher Art, die
3166 1813 3403 1881 auf niedrig
636 1788 1758 1885 hat, fehlt nicht die Stetigkeit in der Charakteristik der
640 1843 1757 1914 männlichen Hauptrolle. Und doch legt der Dichter dies¬
2109 1860 3167 1928 richte dramatische Form und das 18. Jahrhundert der
3168 1863 3383 1931 held, ein
1954 1890 2014 1943 11
641 1886 1763 1960 mal das Schwergewicht auf die Auswertung des fröhlich
2122 1910 3168 1972 eigentliche schicksalhafte Raum. Der Abenteurer ist die
3172 1910 3402 1986 heiten, die
629 1943 1763 2006 Philosophierenden, leichtbeschwingten Ma mestums, auf die
2119 1962 3167 2024 Hauptfigur dieser Zeit und das Erotische ihre
3174 1968 3379 2029 gewandte
635 1967 1764 2046 von ihm beeinflußten Frauen. Da es bei Casanova nicht
1911 1989 2012 2042 In
1973 2025 2021 2083 2
2129 2007 3165 2075 Quintessenz, mag der Betreffende nebenher die so¬
649 2009 1751 2071 ohne absonderliche Fabel ausgeht, ersinnt Schnitz'er, viel¬
3165 2016 3404 2084 liefert, biet
648 2052 1760 2110 leicht in nicht ganz überzeugender Art, ein nächtliches
2122 2054 3163 2124 genannte Liebe nicht nur als Selbstzweck, sondern auch
3167 2070 3391 2134 ariverwand
644 2079 1756 2148 Erlebnis des großen Abenteurers, bei dem er sich im
2120 2120 3168 2191 #ls Hauptmittel für seine „Arbeit“ als Kundschafter,
3167 2121 3402 2189 Tage. Na
648 2120 1758 2194 Fenster irrt und statt der ihn Erwartenden, zu er
2131 2153 3158 2219 Intrigant, Lnacksalber, Magier, Philosoph, Salon¬
649 2166 1757 2227 treuen Geliebten eines biederen Jünglings einsteigt und
3161 2152 3401 2243 selbst ja a
471 2118 621 2262 S
708 2211 1757 2272 selbstverständlich — Erhörung findet. Die Folgen dieser
2158 2215 3165 2283 ewätzer, Parasit und Klopffechter gebrauchen. Seine
3176 2224 3403 2290 geschrieben
647 2236 1766 2309 Verwechslung werden in lustspielmäßig meditierender Weise
2132 2259 3178 2334 „Tiebe“ ist immer nur eine seelische Ausrede für den
3166 2272 3378 2343 Unterlage
651 2294 1761 2348 mit schier unerschöpflichem Schatz an feiner Lebensweisheit,
2134 2306 3401 2387 durch alle Kreise der Gesellschaft mit bestem Appetit erlogene bs
641 2320 1768 2391 aber ohne jene zwingende Büh enwirksamkeit abge¬
650 2352 1771 2426 wandelt, die Schnitzlers frühere Werke so klar, so tief
2120 2371 3402 2443 und vielgeschätzter Tauglichkeit zur Schau getragenen denken, ab
655 2395 1773 2468 und so fesselnd macht. Daß der Dichter die drei Akte
2131 2429 3172 2481 Trieb. Dieser Lüsternheit fehlt es nicht an Anmut,
3174 2428 3376 2492 übrigens,
651 2435 1773 2506 der einheitlichen Stimmung zuliebe ohre Pause spielen
2126 2474 3169 2531 immer an Größe, darum hat sie mit den wahren
3165 2471 3380 2546 vermochte,
658 2472 1771 2539 läßt, kommt ihnen sicher nicht zu gute. Recht klein ist
656 2518 1773 2575 die Rolle des Casanova ausgefallen, der Treßler sein
2118 2519 3392 2576 Tämonen der Liebe nichts zu schaffen, mit Gemüt und sonders tä
648 2553 1768 2631 leichtes Temperament und seine schillernde Lebensfrische
2129 2566 3393 2644 Stauben, mit Geist und Sittlichkeit und bleibt, irdisch Gemüt, wi
663 2590 1769 2659 leiht. Den Hauptteil des Abends bestreitet Vilma Ak¬
2124 2628 3364 2690 #egehrlich, irdisch gesättigt, irdisch begnügt — komisch, Paustspiel
662 2629 1779 2696 nay, die viel mehr echte Wärme aufzubringen weiß, als
2127 2672 3401 2739 fasterhast, nicht leidenschaftlich. Wie überweltlich hebt ffahrt“, gete
665 2672 1771 2743 sie früher zu zeigen Gelegenheit hatte. Frau Retty
655 2712 1774 2776 und in kleiner Rolle Lilli Marberg bieten, was man
2125 2709 3178 2785 sich die Gestalt des Don Jnan und seines frevlerischen
3212 2730 3403 2797 „Die Sch
663 2748 1768 2810 von ihnen erwartet. Ansätze zu Großem zeigt wie immer!
2128 2768 3169 2838 Unglaubens, der eine höhere Gläubigkeit voraussetzt,
3171 2780 3401 2847 das offen
666 2783 1764 2857 Werner Schott. Direktor Heine eröffnet und be¬
2119 2818 3170 2877 gegen die unterweltlich geringfügige eines Casanova
3169 2831 3395 2898 Kreatürlich
664 2821 1769 2900 schließt mit wenigen Worten den Abend und führt meister¬
2120 2870 3170 2949 a½! Von geistigem und geistlichem Höllenfeuer um¬
666 2868 1653 2945 lich dirigierend die recht schwierige Spiellettung.
3178 2883 3402 2950 Situatione
2126 2914 3172 2976 leberi, ist Don Inan ein Don Quichotte und letzter
3179 2933 3404 2997 voll oder
1258 2916 1832 3019 Herzusgeber: A. Stn
2124 2976 3166 3059 Rüler der Liebe, Casanova nach ihm ein drolliger
3186 2981 3403 3062 „Geist“ an
3174 3026 3367 3100 Lustspiel
3172 3074 3403 3166 Sancho
2178 3084 2891 3175 *) Buchausgabe bei S. Fischer, Berlin.
3023 4090 3311 4177 AARALNR
