3436 4352
2434 172 2898 259 box 3375
2355 187 2410 239 845
279 182 2308 281 28. Die Schwestern-oderCasanowninSna
811 409 1023 491 Wien
1079 411 1335 501 1-MWG
490 465 1388 538 „Die Schwestern ober Casanova in Spa“ Ein
462 511 1375 573 Lustspiel in Bersen Drei Alte in einem. Von Ar¬
786 547 1388 631 (Uraufführung im Burgtheater am
454 536 1088 651 hur Schninle n.  Mürz 1930)
448 626 1547 710 Lob dicht eingewickelt, ist die ideale Forderung, daß #
403 663 1445 734 J aus dem Irrgarten der Liebe ein Weg ins Freie
483 716 1457 775 gesucht werden möge, dem Schoßkinde der Kritik von
393 737 1441 814 dieser schon in den halkyonischen Tagen vor 1914 oft,
394 793 1525 866 nalürlich sehr bescheiden, präsentiert worden. Immerhin *
516 833 1519 898 t, daß der Dichter sich ihr schließlich ein und das
397 882 1542 942 andere Mul halben Herzens gefügt hat, aber nur, um *
400 910 1458 976 alsbald wieber ausatmend in sein sonverän beherrschtes,
394 939 1481 1012 grenzunbewußtes Reich zurückzuflüchten, dessen himmlische
399 996 1514 1036 Gestalten nur nach Mann und Weib fragen. Hier hat er *
395 1022 1521 1081 sich nun seit Kriegsbeginn förmlich eingegraben oder ver¬*
393 1067 1440 1134 schanzt und bisher a'len Lockungen, Stellung zu nehmen“
394 1103 1439 1161 beharrlich widerstanden: sehr zum Mißfallen junger und
397 1158 1452 1215 jüngster Kritik, die jeden andern, der dasselbe getan oder I
401 1193 1509 1248 eigentlich nicht getan, mit so harten Verdikten verschont #
389 1233 1455 1295 hätte, wie sie der wohlerzogene Liebling der Grazien jetzt
393 1268 1443 1330 täglich zu hören bekommt. Sein Fall ist eben ein beson¬
392 1309 1450 1367 derer. Zwanzig Jahre lang sollte er durchaus den Dichter
399 1352 1449 1411 Wiens, sogar Österreichs vorstellen (und war doch weder
614 1549 733 1618 925
2531 1547 2621 1621 926
1265 1555 1982 1615 Echo der Bühnen: Halberstadt, Leipzig
560 1692 2683 1752 jenes noch dies, wollt' es vielleicht gar nicht sein) — nun ein Wunder tragen kann. Dies Wunder bleibt uns der
575 1740 2687 1777 regt man sich darüber auf, daß er, gleich einem Größeren, Dichter freilich schuldig; an soviel vialettischen Haarspal¬
1632 1771 2681 1826 tereien (alles immer mit fünf multipliziert), an dieser
564 1776 1619 1829 nichts geworden ist, sondern geblieben, der er war: ein
1635 1816 2676 1876 Scholastik der Liebe erlahmt schließlich auch seine gute und
572 1812 1624 1862 feiner Künstler in engen oder meinetwegen weiten, aber
1629 1848 2684 1919 sichere Technik, und wiewohl formal die „Schwestern“ hinter
565 1854 1627 1911 doch jedenfalls in scharf gezogenen Grenzen. Er hat es
572 1888 1616 1933 während des Krieges in gewehnt eleganter Haltung ver¬
1627 1890 2685 1956 der Schwesternnovelle, einem Meisterstück der Kleinkunst,
570 1931 1614 1982 schmäht, an dem Weltbrand breite Bettelsuppen für ein
1632 1929 2689 2004 laum zurückzustehen, wäre unz mit mehr Inhalt, weniger
563 1979 1628 2030 groß Publikum zu kochen; wurde dies gebilligt, so finde
1619 1972 2024 2047 [Kunst besser gebient.
573 2017 1622 2056 man sich nun auch damit ab, daß er weiterhin seinen
2152 1999 2652 2078 Robert F. Arnold
573 2051 1628 2099 eigenen Weg, daß der Arzt an den Qualen einer Welt
563 2089 1633 2149 vorübergeht, und verlange nicht von einem, den die Kritik
562 2137 1632 2187 mit Gewalt zum representative man gemacht, daß er Re¬
576 2170 1639 2238 peusertationspflichten genüge, von denen sein Herz nichts
562 2212 1288 2268 weiß. Oder nichts zu wissen scheint?
647 2245 1628 2310 Sehen wir denn wieder einmal zu, denken wir wieder
568 2294 1625 2355 einmal darüber nach, comment elles se donnent. Als
563 2337 1628 2402 zum Erempel: a hat mit h, der Gattin von c, ein nacht¬
564 2376 1630 2432 liches Begegnen vereinbart, irrt sich aber in der Tür. viel¬
566 2418 1631 2476 nehr im Fenster, und gelangt (ohne des Irrtums gewahr
569 2451 1626 2521 zu werden) zu e, der Geliebten von e; allmählich klärt
572 2503 1630 2554 sich der Sachverhalt für alle fünf Beteiligten auf, und
564 2531 1629 2595 wir stehen vor nicht weniger ale fünf quälenden Fragen:
571 2579 1623 2622 was sollen, was werden u, b usw. nun tun? Ein Fragen¬
563 2612 1625 2670 kompler, dessen Schwierigkeiten sich steigern und auch wieder
564 2658 1629 2716 mindern, wenn wir in jene Formel für a Casanova ein¬
570 2688 1630 2751 setzen, weiland Liebling der Frauen, seit Anno Hofmanns¬
566 2735 1618 2789 thal der Poeten; aber es bedarf noch einer Hilfsgröße 1,
563 2776 1623 2829 einer ehemaligen Freundin des Abenteurers, Theatergöttin
567 2813 1632 2860 ex machina, die, zu ihm zurückkehrend, alle Verwicklungen
1568 2860 1613 2905 k
562 2853 1268 2911 löst: b bleibt bis auf weiteres bei e,
615 2903 1630 2958 — bis auf weiteres, denn schon künden sich neue algebraische
569 2932 824 3002 Größen an.
658 2957 1623 3036 Die geistreiche, doch ihres Geistreichtums allzu be¬
571 2998 1620 3061 wußte Handlung ist Schnitzlers Eigentum; den vielbän¬
562 3054 1627 3114 digen Memoiren Casanovas verdankt er nichts als ein
563 3092 1623 3141 paar Namen und das glücksritterliche Milien. Ebenso
569 3133 1618 3183 steht's um die wohl gleichzeitig #ustondene, etwas früher
560 3172 1612 3225 (1919) veröffentlichte Novelle „Cchanovas Heimfahrt“,
568 3196 1610 3267 in der sich die Schatten des Untergangs auf den dreiund¬
562 3248 1625 3308 fünfzigjährigen Don Juan herabsenken, während er in
571 3283 1628 3351 den „ Schwestern“ noch in seiner Sünden Maienblüte oder
568 3326 1625 3386 doch Sommerreife steht. In der Novelle umarmt ei, für
565 3375 1626 3422 einen anderen geltend, die Begehrte, im Lustspiel, unver¬
559 3404 1621 3467 kannt aber verkennend, eine andere als die er begehrt;
560 3447 1625 3497 dort schnelle Aufklärung und Katastrophe, hier ein an¬
557 3486 1625 3549 mutiges Spielen hin und her und mit der Handlung selbst,
562 3527 1627 3569 denn einer der Beteiligten, “, ist so etwas wie ein Dichter,
571 3562 1631 3622 so daß die ganze Affäre aus dem Realen ins Literarische
553 3592 1631 3649 hinübergleitet, eine bei Schnitzler nicht ungewohnte Wen¬
564 3647 1622 3699 dung. Zum Verständnis der „Schwestern“ trägt die düstere
570 3682 1625 3742 Novelle nicht viel bei; indes bewahrt sie uns davor,
562 3719 1617 3783 die Philosophie oder, wenn das Wort hier gewagt werden
563 3762 1631 3820 darf, die Moral des Lustspiels altzu ernst zu nehmen, den
559 3798 1622 3859 Dichter selbst auf das ethische Sustem festzunggeln, das
574 3839 1626 3884 Casanova seinem widerwilligen Adepten# in anmutigen
563 3875 1633 3935 Versen vorträgt, während der Vorhang sich schon senken
564 3911 1616 3967 will: dem erotischen Erlebnis gegenüber verschwinde jeder
563 3960 1626 4005 Egoismus, jedes Monopolilierenwollen, jeder Wunsch nach
563 4001 1625 4059 Alleinbesitz: alte für alle oder mindestens für einen, den
572 4028 1625 4090 Tausendfassa; an Stelle eisersüchtiger Nivalität treie schwester¬
568 4087 1629 4131 und natürlich auch brüderliches Verzeihen und Gewähren¬
568 4113 1623 4162 lassen. Und die Treue? die gibt es ohnehin nur in der Jorm
564 4153 916 4205 der Heimkehr von
953 4164 1620 4204 wir müssen uns nochmals algebraischer
