3344 4384
677 153 1154 217 Prager Tagblatt Nr. 76
784 225 1419 324 Bahne und Kunnt.
819 315 1349 429 Der neue Güchler.
1317 384 1591 454 eperree
650 446 1571 494 a. p. Uraufführung im Burgtheater: „Die
599 475 1591 564 Schwestern oder „Casanpva in Spa. Lustspiel
593 523 1153 590 von Artur Schnitzler.
650 569 1579 629 Erster Akt. Casanova ict sich im Feuster,
597 611 1577 677 steigt Nachts statt in das Zimmer der ihn
597 674 1580 715 erwartenden Flaminia in das der braven
593 711 1570 756 Anina. Das perplexe Mädchen, obzwar in tiefer
590 752 1576 814 Liebe einem Dichter verbunden, unterliegt —
586 796 1577 853 die Seele ist Eines und das Nervensystem ist
582 825 1577 907 ein Anderes! — der à la minute=Verführung.
593 880 1570 943 Andern Tags gesteht sie's dem Dichter, gleich
587 924 1569 995 Nora eine große Geste des Verstehens und Ver¬
585 978 1564 1035 zeihens erwartend. Der Dichter aber rast in
584 1021 1561 1079 Schmähung und Vorwürfen, worauf Anina sagt,
584 1048 1569 1107 sie sei mit ihm fertig und gehe nun zu Casanova.
584 1100 1571 1168 Zweiter Akt: Casanova, des Glaubens, er sei
598 1144 1569 1209 bei Flaminia gewesen und die Rache ihres
562 1195 1569 1257 Walans, eines bedenkenlosen Glücksritters fürch¬
554 1239 1562 1302 ###end, will fort. Von dem Dichter entlehnt er
395 1254 1564 1355 d zur Reise. Der Dichter, im Verlauf dieser
579 1318 1568 1366 Darlehensbesprechung den Irrtum erkennend,
579 1366 1568 1432 in dem sich der Marquis befindet, will nun gern
585 1407 1570 1471 seiner Anina verzeihen. Aber sie besteht auf
586 1450 1566 1521 ihrem Casanova. Auch Fiaminia besteht auf
576 1497 1571 1556 ihm. Hestiger Konflikt zwischen den beiden
574 1545 1560 1601 Frauen. Der Dichter will zur Entscheidung der
573 1581 1559 1657 Frage, wer das höhere Aurecht auf Casanova
572 1622 1548 1691 habe — die Frau, die er de kacto besessen, oder
568 1675 1560 1731 die, die er zu besitzen geglaubt — jenen Freund
362 1688 1560 1788 447 Flaminias, den Hochstapler, zum Schiedsrichter
570 1751 1550 1807 aufrufen. Der Hochstapler erklärt sich für in¬
529 1798 1559 1864 Ekompetent, schlägt Casanova als Richter vor.
417 1841 1520 1931 „Dritter Akt: Casanova entscheidet ider #a
530 1888 1549 1956 wird ihm in Form einer der Lösung harrenden
556 1932 1553 2001 MNovelle vorgetragen), daß in der ganzen Sache
427 1955 1556 2025 4W eigentlich der Liebhaber der Betrogene sei.
563 2016 1558 2084 Dann fallen, zwischen den handelnden Personen,
551 2052 1557 2133 die Verschleierungen der Tatsachen, es kommt
573 2110 1549 2187 zum Degenstreit der Männer gegen Casanova
563 2160 1541 2219 und zur Schlichtung durch eine plötzlich auf¬
560 2184 1555 2262 tretende ältere Geliebte des Marquis, die ihn
560 2232 1029 2297 nach Wien entführt.
616 2272 1545 2353 Das Stück, in Versen geschrieben, ist durch¬
571 2304 1550 2401 sekt von dem halb bitteren, halb sentimentalen,
563 2378 1544 2435 Skeptizismus, der dem Humor wie der Schwer¬
569 2412 1542 2480 mut Schnitzlerscher Dichtungen ihre in besseren
557 2456 1553 2519 Kreisen hochgeschätzte Opalfarbe gibt. Es ist
559 2495 1548 2565 zum Teil frisch und lustig, zum Teil auch ohne
564 2530 1544 2609 Frage: weise. Die Erkenntnis, daß alle Frauen
562 2590 1543 2661 Schwestern, alle Männer Brüder in genitalibus,
562 2632 1551 2698 wird mit Sinn und Witz vorgetragen. Dennoch
565 2680 1534 2738 ist die Komödie nicht sehr erquicklich. Sie fängt
558 2729 1542 2783 als Problemstück an und wird ganz mechanisch
558 2756 1546 2827 zum Lustspiel umgebogen. Nach dem vielver¬
562 2809 1541 2875 heißenden ersten Akt wandeln sich die Menschen
565 2853 1549 2891 auf der Bühne plötzlich zu Puppen. Und das
567 2897 1547 2960 Ineinander von Persönlichkeiten, Schicksalen,
558 2927 1538 2980 Trieben, löst sich in ein weitläufiges artistisches
562 2986 1550 3046 Worte=Spiel. Die Meinung der Ausleger, solche
555 3020 1540 3092 Wandlung ins Leichte, Je=m’en=sichestische be¬
550 3060 1542 3113 wirke aber Casanovas Erscheinung, ist nicht
557 3116 1537 3172 stichhältig, denn hiezu wäre es wohl nötig ge¬
557 3165 1546 3228 wesen, den Casanova als wahrhaft bezaubernde,
554 3210 1545 3266 das Dicke und Trübe der Menschendinge in
556 3247 1537 3319 der essentiellen Schärfe seines Lebensgefühls
548 3284 1534 3354 lockernde und lösende Persönlichkeit zu zeigen.
555 3326 1534 3394 Er ist aber im Stück nur ein recht belangloser,
559 3369 1538 3434 wenn auch körperlich wie geistig beweglicher
550 3420 1544 3496 beau (als solchen stellt ihn auch Herr Treßler
553 3465 1529 3527 dar), der nicht viel wäre, hieße er nicht Cosa¬
549 3507 1537 3571 nova. Ueberraschend ist die sonderbare Un¬
546 3555 1542 3614 delikatesse mancher Szenen. Der Eindruck wird
550 3589 1544 3661 wach, daß der Antor hier mit Fäusten zuge¬
545 3640 1537 3704 griffen, weil er der Kraft seiner Finaerspitzen
544 3684 1536 3733 nicht mehr recht getrant. Zulänglich, nicht
544 3721 1529 3790 überwältigend gespielt (die Damen Aknay,
545 3764 1539 3833 Retty, Marberg, die Herren Schott.
539 3817 1533 3874 Danegger, Thimig jun.), fand das Stück
540 3859 1539 3920 viel Anklang. Nicht einmal der dritte Akt, der
549 3905 1504 3953 nicht aufhören kann, seiner selbst nicht fror
548 3935 1524 4008 sich durch episodische Hinzutat und Verbiegung
549 3990 1533 4054 des Weges in Zick=Zack immer wieder prolon,
544 4038 1531 4098 giert, immer noch ein Stückchen Sinn. tiefergä
555 4085 1538 4157 Sinn, tiefsten Sinn hinzredet, störte Behagen
543 4119 1142 4169 und Beifallslust der Hörer.
1705 1430 2958 1501 Eine Dresdener Ehrung für Gerhardt von Kügelgen. Zum An¬
1638 1461 2959 1540 denken an den zum 100. Males sich jährenden Tag, da der Dresdener
1642 1496 2953 1583 Professor Gerhardt vos Zügelgen auf dem Rückwege von seinem
1644 1539 2959 1625 Loschwitzer Weinberge beim Waldschlößchen ermordert wurde, fand, wie
1636 1585 2966 1666 uns unsere Dresdener Schräftleitung drahtet, am 27. März
1630 1619 2960 1706 in Dresden eine Feier statt, bei der eine an der Loschwitzer Kirche an¬
1635 1656 2959 1742 gebrachte Gedenktafel aus Untersberger Marmor mit dem Bild¬
1635 1702 2956 1777 nis von Gerhardt von Kügelgen und dem seines Sohnes Wilhelm, des
1636 1734 2950 1822 Verfassers der „Jugenderinnerungen eines alten Mannes“, enthüllt
1641 1775 1783 1821 wurde.
1699 1818 2947 1898 Eine bayerische Prinzessin als Filmantorin. Die Prinzessin Pilar
1630 1847 2953 1922 von Bayern, die Tochter des als Przt und Musikers bekannten
1623 1881 2945 1974 Prinzen Ludwig Ferdinand von Bayern und der Prinzessin Maria
1622 1923 2950 2001 de la Paz, und Consine des Königs von Spanien, hat, wie uns unser
1629 1960 2958 2057 Münchener Mitarbeiter drahtet, mehrere spanische Dramen
1634 2005 1975 2059 für den Film
1984 2020 2939 2075 bearbeitet. Die AAufnahmen werden diesen
1630 2046 2944 2112 Sommer in Andalusien erfolgen. Die Expedition dorthin wird von
1619 2076 2947 2158 Direkter Polten=Bäckers geleitet. Einige Hauptrollen spielt der
1627 2118 2591 2194 bekannte Münchener Komiker Konrad Dreher.
1696 2164 2945 2248 Schnßler=Uraujjührung-inWien. Im Wiener Burgtheater
1631 2192 2934 2283 sand fhrung von Arthur,=Schnitzlers Verskomöbie „Die
1624 2241 2945 2322 Schwestern“ oder „Casanova ii Spa“ freundlichste Begrüßung
1617 2266 2947 2364 durch die große, treue Gemeinde des Dichters. Ein leichtes graziöses
1615 2313 2928 2395 und glitzerndes Spiel um einen erotischen Irrtum in der Person einer
1609 2346 2942 2438 Dame, die Casanova nächtlich empfing.  De Frage, gehört er der ver¬
1620 2401 2936 2478 meintlichen oder der erreichten, wird durch die Antwort der britten
1613 2431 2922 2518 Schwester der früheren, rückkehrenden Geliebten gelöst. Die Moral:
1615 2470 2929 2533 im Erotischen sind alle Frauen tiefernst, der Schwestern Leben wäre
1611 2518 2929 2598 froher, wenn die Männer ebenso Brüder sein könnten. Das Stück hat
1618 2554 2932 2638 leider große technische Schwächen und ist zuweilen auch dichterisch müde.
1630 2591 1695 2635 r
1806 2599 2925 2680 ##dls Casanova. in guter Masle, interesserte. Dr. Loester.
1684 2631 2922 2713 Meteor. Am 12. März 7 Uhr 55 Min. abends wurde in großen
1629 2667 2940 2758 Teilen Mitteldeutschlands ein prachtvolles Meteor gesehen, dessen Aicht¬
1736 2831 3066 2869 erscheinung bei dem klaren Sternenhimmel sehr auffällig war. Augen¬
1740 2863 3069 2912 zeugen des selienen Natrereignisses werden gebeten, ihre Beobachtungen
1734 2897 3071 2948 darüber an Aleris Köppen, Hamburg, Violastraße 7 einzusenden. Die
1735 2938 3069 2960 Beschreibung sollte enthalten die genaue Zeit, den Standort des Beob¬
1740 2962 3062 3017 achters, die Himmelsrichtung, in welcher das Meteor erschien und in
1735 3014 3070 3058 welcher es verschwand, die Winkelhöhe über dem Horizont beim Auf¬
1744 3040 3064 3096 leuchten und Erlöschen, den Weg unter den Sternen mit einer Zeichnung,
1741 3074 3064 3135 aus welcher auch zu ersehen ist, wie schräg die Bahn gegen den Horizont
1746 3125 3059 3173 erscheen, den scheinbaren Durchmesser (im Vergleich zum Monddurch¬
1740 3175 3069 3213 messer), die Farbe und gegebenenfalls Farbenwechsel, Aussehen, Dauer
1740 3201 3048 3244 und Bewegung des nachbleibenden Schweifes, Angaben über einen nach¬
1742 3236 3062 3290 folgenden Donner oder Knall. Niemand glaube, daß seine Beobachtung
1744 3277 3061 3323 wertlos sei, weil er nicht alle diese Fragen beantworten kann. Eine
1745 3315 3075 3388 einzige bestimute Angabe, sogar nur die, daß das Meteor gesehen wurde,
1741 3353 2124 3408 ist schon von Wert.
3023 1744 3105 1793 .
2988 1744 3043 1825 4
3096 1784 3192 1868 2
3005 1812 3097 1879 825
3101 1856 3184 1891 —
2991 1871 3088 1921 3
2999 1882 3177 1956 — 20
2999 1936 3083 1972 8
3009 1963 3091 1999 —
3004 1989 3087 2024 2#05
3002 2014 3096 2043 ——
3001 2254 3092 2317 Ah
3004 2306 3105 2342 65
