3392 4320
2431 117 2855 206 box 3375
848 135 1012 194 We S
261 123 437 214 28.
436 145 2271 227 Die Sch#sernoder Casanovs insna
2668 640 3019 716 — —.—
2024 644 2291 719 —
162 666 548 766 esezu etzen ist.!
2009 685 3022 763 bewährt und gegen dessen Einführung in Wien
852 724 1183 815 R S
159 803 1535 891 Pel ihrem Andrea dafür an, und da auch dies nichts nutz, will sie mit
2012 801 3039 863 dazu belehrt er ihn, daß es keine andere, keine bessere
159 881 1530 928 ieser Nacht erkennt dem Haarpseil ihr ins Auge fahren. Sie
2010 872 3032 939 Treue gebe auf Erden, als die Teresa eben ihm
2018 907 2198 980 bewies:
172 900 1428 973 des Zu alls den wird daran gehindert und jetzt tritt
162 950 1524 1011 hat keine Ahnrung die Baronin ist angeblich verheiratet — der Baron
2150 930 3023 1026 „Sie kehrte mir zurück. Nur das ist Treue,
158 1008 1534 1057 ere umurmte ob= ins Zimmer. Er handelt in Rotz. Weib und Edel¬
2156 1007 2971 1063 Die einz'ge, die mit Recht so heißen darf.“
535 1046 1530 1100 gestein. pielt Tag und Nacht, führt ein lustig Leben
163 1043 523 1114 sie selbst beha ptet,
2138 1027 3038 1111 Ob wohl Schiller an eine solche Wiederkehr
173 1085 1533 1150 gäbe nicht für so und nennt sich einen Ehrenmann. Heute würde man
2018 1093 3020 1143 dachte, als er den Satz niederschrieb: „Und die Treue.
535 1125 839 1194 Schieber agen.
160 1126 458 1195 olampe her?!
2027 1138 3027 1192 sie ist doch kein leerer Wahn!" Zum Schlusse gehen die
636 1151 1538 1213 Dem Zankonett der Frauen, das trotz aller
2016 1184 3029 1224 drei Frauen, „in tiefster Seele Schwestern“ (1) Hand in
172 1181 527 1249 Anina ihrem Ge¬
540 1211 1535 1270 Zynismen von treffsicherer Komik ist, folgt eine
2014 1224 3031 1272 Hand in den Garten. Anina ruft zärtlich ihren Verlobten
180 1229 513 1288 Sie sei aus des
538 1247 1524 1305 mer würdige Wendung. Der junge Student und
2029 1271 3026 1317 und die drei Männer setzen sich versöhnt zu Tisch.
175 1273 517 1334 s wie aus Kinder¬
525 1285 1532 1344 Poet dazu trägt dem Baron in Gegenwatt der beiden
2026 1315 3027 1353 So endet das Lustspiel, in welchem überdies ein alter
150 1314 522 1377 leiche, die sie war.
531 1331 1531 1393 Weiver eine Nov#e vor, in der er das Abenteuer der
2030 1351 3027 1406 holländischer Offizier als abgeklärter Ex=Casanova
162 1359 516 1416 Inhaber die An¬
527 1380 1538 1440 Nachterzählt und die handelnden Perso enin den Masken
2026 1401 3030 1444 philosophiert und ein 15jähriger Kellner als zulünf¬
171 1408 520 1460 Entrunung auffaßt.
526 1435 1539 1479 eines Bräutigam und eweier Schwestern auf.reten
2026 1441 3025 1492 tiger Casanova brünstelt, vorausgesetzt daß er auch
177 1448 526 1504 ohne Unterschrift
531 1463 1530 1526 läßt Und nach Schluß der Geschichte beantragt er
2018 1484 3033 1546 Talent zum Schriftsteller hat. Sehr geschickt sind viele
166 1493 519 1544 rkeit für die glück¬
530 1514 1532 1570 eine Alt Minnehof, der über die Frage entscheiden
2026 1539 3037 1589 Charakterzüge aus dem Leben des Herzensstapters in
161 1533 521 1592 r ledige Menelaus
534 1548 1529 1612 soll welcher Schwester der Jüngling zugehöre. Der
2031 1579 3031 1632 den Dialog verflochten. Und wie aus den Memoiren,
159 1576 527 1631 aist darüber so
528 1591 1530 1647 Baron erklärt sich ür iniompetent. in olchen Liebes¬
2031 1624 3040 1667 läßt sich auch aus der Komödie schwer erkennen, was
147 1619 511 1674 unkelsten Fleck weg
525 1641 1527 1702 fragen mitzusprechen. Das könne nur einer —
2026 1654 3035 1718 an ihm wahr, was falsch ist. Darüber könnten viel¬
157 1665 522 1717 nder Mann für sie
520 1683 1528 1754 Casanova. Der ercheint zur rechten Zeit und löst das
2030 1709 3036 1770 leicht die vielen tausend Briefe an Calanova Aufschluß
156 1706 468 1773 rGexualnora!
524 1728 912 1802 Problem, wie folgt:
2022 1755 3028 1805 geben, die sich noch immer im Schlosse zu Dux
169 1741 533 1823 läßt sich Ca anova
852 1758 1503 1838 „Die eine, die versprochne Gunst
2030 1799 2850 1853 seinem letzten Zufluchtsorte, befinden sollen.
166 1805 529 1866 seinen betrogenen
591 1822 1503 1895 — Wies immer kam — dem Jüngling vorenthielt,
2142 1821 3028 1896 Otto Treßler spielte den Abenteurer. Er
160 1850 523 1909 ku. Er glaubt noch
563 1871 1359 1941 Die andre. die ihm höchste Huld gewährt
2023 1865 3029 1948 brachte selbstverständlich den dazu erforderlichen
157 1897 526 1961 bekannten Baronin
565 1906 1476 1979 Doch wie chs auch gefügi, nicht als sie selbst.
2026 1929 3032 1985 Humor auf. Ob er das Betörende, Bezaubernde,
161 1941 535 1996 so nicht, daß es
564 1958 1319 2025 Und o erscheint in diesem Zu allsspiel
2033 1965 3032 2023 Berückende des großen Fraueneroberers besitzt, das
180 1976 539 2047 des sonst so ge¬
561 1998 1413 2058 Die eine nicht und nicht die andere, sondern
2032 2010 3024 2065 zu beurteilen sei der holden Weiblichkeit überlassen.
190 2026 524 2083 hocherfreut und
561 2047 1334 2101 Der gute Jüngling als zumaist betrogen.
2035 2060 3032 2115 Frau Aknay war die kleine Anina. Recht nett in
153 2071 525 2130 n Beispiel dran!)
559 2093 1302 2144 Und rühmt er etwa seines Sieges sich.
2038 2104 3038 2149 der stillen Erinnerung an die vor allen anderen
166 2110 538 2173 un aber erklärt
561 2106 1438 2185 Als Lügner müßten beide Fraun ihn schelten,
2033 2145 3033 2202 Nächten ausgezeichnete Nacht. aber zu heroinenhaft
163 2148 538 2217 sung ihres Ver¬
563 2177 1444 2247 Denn wenn mans recht erwagt besaß er keine.“
2033 2195 3042 2245 in den Ausbrüchen der Entrüstung. Herrn Schott,
154 2194 539 2255 ##odas nächtlicher
2025 2227 3035 2282 dem Jüngling mit den illegitimen Hörnern, wachsen
634 2211 1543 2279 Man wird nicht mit Unrecht einwenden, daß
144 2241 526 2305 bredetermaßen der
2034 2263 3033 2335 auch noch die Jamben über den Kopf. Er sonte sich
533 2279 1544 2341 wir dermalen ansere Sorgen haben, als uns für
148 2284 529 2356 ina erst recht böse.
2026 2313 3041 2358 eine stattliche Anzahl davon streichen lassen,
542 2324 1544 2386 solche Minnegerichtsfragen zu interessieren, aber
162 2332 524 2386 vergessen, sie packt
2032 2349 3038 2408 besonders in der fingierten Novelle. Sehr wirksam
537 2361 1532 2422 Schnitzler wird dagegen behaupten, daß die von ihm
165 2374 534 2434 gehen. Im rechten
2037 2401 3044 2460 Frau Albach=Retty als Baronin, nur zu wenig
530 2402 1548 2470 geschilderte Sippe des achtzehnten Jahrhunderts eben
158 2415 532 2472 ein, die das uner¬
2035 2447 3041 2496 Losgängerin. Mit mehr Leben müßte auch Fräulein
539 2462 1532 2509 keine andere Sorgen hatte. Da kann man nichts
143 2455 529 2528 Bleiben veranlassen
2036 2494 3045 2535 Marberg als Tänzerin die Bühne füllen. Im
536 2498 1533 2553 machen. Und wie endet das Lustipiel? Mit einem
153 2502 532 2562 rhalt erfährt. Sie
2034 2537 3038 2589 Wuch hat die Figur mehr Blut, als auf dem Theater.
540 2544 1533 2604 neuen Mißoerständnis. Der Dichterjüngling zückt den
149 2544 535 2609 eggeliebten süßen,
2034 2582 3042 2621 Das soll nicht sein! Direktor Heinegab den Vergnüg¬
527 2596 1547 2644 Degen gegen Casanova, aber die Baronin sucht das
161 2589 529 2654 lange gedarbt; sie
2032 2619 3059 2694 ling der Vergangenheit zum Schlusse viel besser, als
538 2625 1542 2683 Duell mit dem Aufschrei: „Mein Casanova!“ zu
205 2634 529 2694 Verruchte, Ver¬
2023 2659 3052 2718 zu Anfang. Da war er leider zu undeutlich, Um so
541 2662 1543 2727 verhindern, worauf wieder der Baron vom Leder
148 2659 530 2733 Und was erwidert
2033 2711 3043 2770 klarer und deutlicher sprach Herr Danegger den
529 2717 1536 2781 zieht, weil er glaubt, seine Frau sei das
162 2718 541 2782 vor, beide Frauen
2033 2756 3037 2815 Baron. Der junge Thimig als Casanoverl zog
168 2753 1546 2824 Entscheidung treffe, Opfer der Verwechslung gewesen. Das Problem
2031 2809 3042 2862 sich vorschriftsmäßig ohne Anstand aus der Affäre.
533 2798 1551 2860 bleibt ungelöst, aber der Lustspielknoten wird von
160 2814 529 2868 an ihn habe. „Ge¬
2042 2842 3044 2895 Das Publikum watete vergnügt in einem Meer von
533 2845 1541 2899 einer alten Liebe Casanovas, der Tänzerin Teresa,
146 2847 539 2912 ück.“ sagt sie. „Das
2038 2886 3044 2943 Erotik und jubelte zum Schlusse den Dichter unzählige
548 2890 1538 2952 entzweigehauen, die nach einer längeren Pause der
154 2896 530 2950 reit die brünstige
2026 2936 3033 2989 Male vor die Rampe. Besonders heftig applandierten
541 2937 1558 2997 Treulosigkeit reuig zurückkehrte und ihn nach Wien
148 2941 529 3005 eine Nacht geschenkt,
2019 2978 3039 3023 viele junge Damen in den Logen und im Parkett — es
539 2972 1547 3039 entführt, wo sie in der damals noch sorestlosen Zeit
181 2987 530 3042 darf er wählen.“
2037 3024 3036 3076 gibt wirklich keine Komtessen mehr! Wann wird
537 3025 1557 3080 ein Engagement an der kaiserlichen Oper mit einer
149 3025 545 3091 hn zurückstellen und
2027 3063 3038 3115 Schnitzler zu dem Einen Punkt, aus dem der Weider
550 3064 1549 3121 Jahresgage von 6000 Gulden annahm. Casanova
162 3074 545 3131 r sich behalten. Sie
2027 3107 3043 3165 ewig Weh und Ach zu kurieren ist, den Schlußpunkt
150 3105 1556 3169 Wang zum Liebes= folgt ihr, gibt aber vorher dem betrogenen Poeten
2028 3145 2511 3221 setzen? Ich glaube, nie!
158 3150 1572 3226 hlerin ihre Perlen den Ra sich mit seiner Anina auszusöhnen. Und
3032 666 3339 738 großen österre
3032 727 3348 783 einigungen stalt
3030 764 3344 829 Absicht der Re¬
3021 800 3337 859 Luxussteuer zu
3029 841 3341 894 unter anderen e
3026 875 3348 941 reichische Alpen
3247 922 3344 974 der
3030 910 3223 974 freunde“
3031 950 3299 1010 österreichische
3041 999 3314 1051 sportausschuß
3033 1015 3343 1089 Arbeiter=Radfa
3036 1074 3350 1127 und Soldaten #
3041 1114 3339 1173 Ringerverband
3044 1152 3335 1209 tretern bon
3037 1189 3340 1252 hatten ssch eing
3041 1230 3332 1285 X. Weiß, wies
3039 1263 3339 1325 gierung einerse
3045 1306 3345 1361 andererseits ab
3034 1346 3343 1400 betrieb behinde
3046 1381 3344 1438 des Oesterreicht
3049 1427 3331 1486 zurch diese Ste
3047 1459 3333 1522 würde. Der F.
3041 1504 3330 1561 bedingt einger
3036 1544 3332 1595 Luxussteuer ei
3038 1581 3322 1632 verbände wer
3039 1615 3335 1674 gegen die bei
3046 1656 3335 1708 anstalten. De¬
3049 1693 3320 1753 österreichi chen
3038 1730 3334 1794 sei, sich namer¬
3044 1776 3312 1828 anzuschließen.
3040 1812 3338 1868 gerätehändler:
3036 1855 3324 1918 treibenden, be
3035 1896 3334 1948 angehöre. gese
3040 1932 3328 1988 Attentato
3039 1971 3329 2027 Nachdem noch
3046 2008 3323 2067 hatten, wurd
3042 2050 3251 2104 es heißt,
3045 2083 3323 2142 betriebes keit
3047 2123 3314 2184 Ein chränkung
3041 2166 3311 2218 mögliehst in
3049 2201 3315 2257 Frtüchtigung
3041 2229 3318 2295 krättigen Ges¬
3050 2276 3320 2336 Versammlunk
3050 2323 3260 2372 sämtliche
3043 2354 3313 2411 dringende Ar
3043 2399 3307 2466 gegenstände
3153 2447 3303 2509 (Die
3050 2485 3315 2550 gehilfen bei
3052 2532 3325 2588 lungen zwisch
3040 2570 3325 2629 Zuckerbäcker #
3049 2615 3315 2670 schafttvorstebe
3054 2661 3326 2729 schwere Kriß
3042 2702 3313 2763 September 1
3045 2751 3315 2807 Zucker von ##
3042 2790 3309 2849 den Ertlärt
3046 2831 3299 2910 vorhanden,
3045 2883 3302 2953 Jahre mit à
3054 2924 3317 2982 enorme Bela
3056 2967 3303 3024 triebe würde
3054 3013 3289 3072 Die Preise
3044 3052 3300 3121 Höhe gestie
3051 3104 3303 3163 eine Po###
3048 3146 3293 3207 Sommer u
3037 3173 3288 3264 sein, Nach
