3392 4256
1352 133 1653 258 8 1 1320
807 237 1818 336 Die Schwestern von Alfred Polgar
863 304 2179 417 Traufführung im Burgtheater: „Die Schwestern“ oder „Casanova
897 384 1815 454 in Spa“. Lustspiel von ArthWSch-
911 431 2170 494 Erster Akt. Casanova irrt sich im Fenster, steigt nachts
818 477 2170 537 statt in das Zimmer der ihn erwartenden Flaminia in das der
812 522 2170 597 braven Anina. Das perplexe Mädchen, obzwar in tiefer Liebe
810 574 2180 641 einem Dichter verbunden, unterliegt — die Seele ist Eines und
821 624 2179 691 das Nervensystem ist ein Andres! — der à-la-minute-Verführung.
815 678 2173 748 Andern Tags gesteht sie's dem Dichter, gleich Nora eine große
814 718 2169 780 Geste des Verstehens und Verzeihens erwartend. Der Dichter
822 778 2180 859 aber rast in Schmähung und Vorwürfen, worauf Anina sagt, sie
813 831 1808 895 sei mit ihm fertig und gehe nun zu Casanova.
912 847 2177 934 Zweiter Akt. Casanova, des Glaubens, er sei bei Flaminia
813 917 2170 983 gewesen und die Rache ihres Galans, eines bedenkenlosen Glücks¬
826 970 2184 1042 ritters fürchtend, will fort. Von dem Dichter entlehnt er Geld
819 1009 2171 1082 zur Reise Der Dichter, im Verlauf dieser Darlehnsbesprechung
822 1071 2183 1143 den Irrtum erkennend, in dem sich der Marquis befindet, will nun
821 1117 2173 1188 gern seiner Anina verzeihen. Aber sie besteht auf ihrem Casa¬
822 1177 2183 1234 nova. Auch Flaminia besteht auf ihm. Teftiger Konflikt zwischen
825 1215 2174 1293 den beiden Frauen. Der Dichter will zur Entscheidung der
819 1262 2171 1333 Frage, wer das höhere Anrecht auf Casanova habe — die Frau,
821 1318 2125 1375 die er de facto besessen, oder die, die er zu besitzen geglauht —
819 1361 2174 1433 jenen Freund Flaminias, den Hochstapler. zum Schiedsrichter auf¬
823 1414 2193 1495 rufen. Der Hochstapler erklärt sich für inkompetent, schlägt
821 1466 1400 1537 Casanova als Richter vor.
912 1492 2186 1583 Dritter Akt. Casanova entscheidet (der Fall wird ihm in
831 1560 2183 1625 Form einer der Lösung harrenden Novelle vorgetragen), daß in
829 1607 2181 1676 der ganzen Sache eigentlich der Liebhaber der Betrogene sei.
832 1661 2178 1718 Dann fallen, zwischen den handelnden Personen, die Ver¬
820 1705 2181 1769 schleierungen der Tatsachen, es kommt zum Degenstreit der
829 1750 2187 1822 Männer gegen Casanova und zur Schlichtung durch eine plötzlich
821 1803 2191 1890 auftretende ältere Geliebte des Marquis, die ihn nach Wien ent¬
835 1864 998 1935 führt.
921 1876 2183 1968 Das Stück, in Versen geschrieben, ist durchsetzt von dem
829 1950 2178 2017 halb bittern, halb sentimentalen Skeptizismus, der dem Humor
841 2003 2184 2066 wie der Schwermut Schnitzlerscher Dichtungen ihre in bessern
836 2056 2188 2127 Kreisen hochgeschätzte Opalfarbe gibt. Es ist zum Teil frisch
837 2115 2183 2164 und lustig, zum Teil auch ohne Frage: weise. Die Erkenntnis,
830 2153 2185 2204 daß alle Frauen Schwestern, alle Männer Brüder in genitalibus,
844 2205 2181 2266 wird mit Sinn und Witz vorgetragen. Dennoch ist die Komödie
840 2251 2186 2307 nicht sehr erquicklich. Sie fängt als Problemstück an und
829 2294 2181 2356 wird ganz mechaniech zum Lustspiel umgebogen. Nach
834 2335 2186 2421 dem vielverheißenden ersten Akt wandeln sich die Menschen auf
839 2399 2185 2454 der Bühne plötzlich zu Puppen. Und das Ineinander von Per¬
832 2451 2196 2511 sönlichkeiten, Schicksalen, Trieben löst sich in ein weitläufiges
833 2498 2185 2550 artistisches Worte-Spiel. Die Meinung der Ausleger, solche
842 2544 2203 2607 Wandlung ins Leichte, Je-m’en-fichestische bewirke eben Casa¬
878 2592 1025 2658 404
911 3001 2974 3083 novas Erscheinung ist nicht stichhaltig, denn hiezu wäre es wohl
921 3068 3067 3171 nétig gewesen, den Casanova als wahrhaft bezaubernde, das bicke und
927 3154 3083 3275 grübe der Menschendinge in der essentiellen Schärfe seines bebensge
923 3249 3109 3365 fühls lockernde und 1ösende Persönlichkeit zu zeigen. Er ist aber im
671 3322 3096 3429 Stück nur ein recht belanglöser wenn auch körperlich wie geistig beweglicher
680 3389 2980 3488 beau (als solche stellt ihn auch Herr Tresser dar), der nicht viel väre,
685 3436 2994 3546 hiesse er nicht. Casanova. Ueberraschend ist die sonderbare Undelikatesse
680 3543 3052 3623 mancher Szenen. Der Eindruck wird wach, dass der Autor hier mit Fäusten zu
692 3608 3045 3731 gegriffen, weil er derkraft seiner Fingerspitzen nicht mehr recht getrautl
687 3710 3116 3828 Zuzänglich, nicht überwält igend gespielt, fand das Stück viel Anglang, Nicht
694 3798 3114 3918 einmal der dritte Akt, der nicht auhören kann, seiner selbst nächt Troh sich
735 3875 2956 3965 durch episodische Hänzutat und Verbiegung des Neges in Zick Zack imner
739 3915 3087 4047 wieder prolongiert, inmer noch ein Stückchen Sinn, tiefern Sinn, tiefsten
765 4030 2651 4115 Sinn hinzuredet, störte Behagen und Beifallslust der Hörer.
