3344 4256
2391 88 2843 182 box 33/5
225 99 2252 205 28. Die Schuestern-oder Gasanova in Sna
1871 1018 3089 1092 Berii, BeMm (W. T. B.) Anstlich wird mitgeteilt: In der
1158 1054 3100 1142 ung im Aufstand befunden. Das Uebersicht über die Reichseinnahmen im Rechnungsjahr 1920 findet
819 1095 1780 1170 ##mats den Anspruch erhoben, durch Gewalt zu
1764 1123 3096 1189 sich die Bemerkung (Vergleiche B. A. Z. 220), die Einnahmen der Reichs¬
117 1134 3093 1223 ziehe, zur Arbeit triumphieren, aber es hat sein Leben für seine heiligen Rechte hingegeben.eisenbahnen seien um über eine Milliarde hinter dem Vonanschlag
554 1267 1776 1326 Casanova (in unserer Komödie etwa 30jährig) will einer Dame einen
1759 1266 3106 1326 zeichnet sinnfälligen Ausdruck. Kostüme, Ausstattung (wohl wieder von
454 1290 1779 1369 nächtlichen Parterrebesuch abstatten, versehlt aber das richtige Fenster und
1760 1311 3096 1383 Buchholz entwörfen) und die von Dr. von Gordon gleitete Darstellung
141 1324 444 1418 Schwestern“
450 1353 1782 1419 gerät in das Zimmer einer anderen Schönen, die sich nicht weniger will¬
1776 1361 3100 1427 illustrierten trefflich den Geist der Zeit, des äußerlich graziös=steifen, sittlich
459 1397 1780 1438 fährig zeigt, als es ihre Nachbarin vermutlich getan hätte. Aus diesem selt¬
1775 1402 3103 1469 lockeren Rokkoko. Nicht unwesentlich für die harmonische Wirkung war,
457 1434 1785 1503 samen Qui=pro=quo, das zur Voraussetzung gefährlich dünne Hotelwände und
130 1418 451 1503 Pfingstsonn¬
1777 1450 3094 1508 daß der gastierenden Grete Ilm die führende Frauenrolle — der irrtüm¬
453 1484 1770 1547 entsprechende Lautlosigkeit hat, entwickelt sich eine Kette von Auseinander¬
155 1476 457 1546 Publikum und
1764 1489 3099 1559 lich Betrogenen — zugefallen war. Sie wußte ihre Pointen ebenso elegant
131 1514 440 1581 heater zu verau¬
454 1516 1783 1592 setzungen und Eifersuchtsszenen, bei denen es sich aber mehr um das ver¬
1769 1524 3097 1605 wie zündkräftig zu servieren, führte mit den Augen eine fast noch berediere
153 1566 451 1634 Schauspielhaus
445 1560 1781 1631 kürzte Besitzrecht der benachteiligten Dame, als um die verletzten Ehr¬
1775 1574 3103 1655 Sprache, als mit dem Mund (was bei dieser Rederolle schon etwas heißen
124 1609 455 1676 vollendete, damit
449 1615 1774 1685 gefühle ihres vermeintlich hintergangenen Gatten und des de facto be¬
1763 1624 3098 1689 will), war ebenso charmant im liebenswürdigen Plauderion wie drollig¬
133 1652 450 1717 in Grund. Aber
449 1648 1762 1708 trogenen Bräutigams der anderen Huldin handelt. Die verwickelte Ange¬
1760 1661 3103 1723 megärenhaft im Ausdruck rasender Eifersucht und sollte sich nur hüten, ge¬
121 1683 458 1767 id gelegt werden
443 1696 1768 1768 legenheit findet schließlich eine Lösung, die fast noch pikanter ist, als das
1773 1714 2836 1777 legentlich nicht bloß preziös, sondern auch spinös zu wirken.
125 1729 449 1805 auch ein Mezisch
443 1736 1775 1804 Abentener selbst: Zuerst wird Casanova, der Urheber des ganzen Streits,
1884 1757 3106 1828 Als ihre Rioalin und ihr sentimentales Gegenstück machte sich Regula
130 1783 454 1841 Teil des Publi¬
451 1774 1780 1839 dem man den Fall in Form einer fingierten Erzählung von zwei Schwestern
135 1818 453 1877 ist erspart wissen
1776 1796 3108 1882 Keller sehr niedlich, ein richtiges Porzellaufigürchen, nur noch etwas in
445 1832 1770 1898 (daher der Untertitel) vorträgt, als Schiedsrichter angerufen. Mit sophistischer
142 1860 444 1941 ung bescheidenen
1777 1853 3105 1922 gewissen Anfängerallüren befangen, die die junge Künstlerin bei ihrem Talent
441 1879 1762 1938 Spitzfindigkeit sucht er zu beweisen, daß der Liebhaber selbst der Betrogene sei,
1780 1901 3112 1985 aber sicher bald abstreifen wird. Ausgezeichnet traf Max Friedrich,
438 1912 1773 1986 da er die Gunst der einen Frau gar nicht, die der anderen irrtümlich genossen
135 1925 445 2011 nehmen. Was
1779 1957 3100 2024 „schön wie ein Gott und männlich wie ein Held“, die Mischung von be¬
438 1963 1773 2025 habe. Dieser Urteilsspruch befriedigt die im Stich Gelassene natürlich nicht.
128 1986 445 2055 #s der Taufe ge¬
1778 1998 3096 2069 strickender Liebenswürdigkeit und komödiantischer Renommisterei im Titel¬
446 1995 1771 2080 Da findet ihr Galte eine geniale Lösung, indem er — ohne zu ahnen, daß
124 2023 455 2097 en Anstrich eines
1776 2049 3104 2108 helden. Dem beirogenen Bräutigam gab Hans Rameau den nötigen
444 2039 1769 2108 er damit seine eigene Frau dem Abenteurer verbandelt — erklärt, aus Ge¬
129 2077 438 2140 ndes Verfassers
1774 2077 3109 2151 finsteren Ernst, den man freilich gelegentlich gern durch den zeitgemäßen
444 2097 1776 2149 rechtigkeits= (oder sonstigen) Gründen müsse nun auch die andeie „Schwester“
137 2119 443 2184 Novelle „Casans¬
1778 2122 3110 2192 Grundzug heiter=freier Lebensauffassung aufgehellt sähe (es ist doch ein
452 2143 1772 2191 dem Verführer angehören. Doch auch jetzt glebt's noch keinen Frieden, die
138 2155 455 2227 des berü—hmten
1765 2173 3104 2240 Lustspiel!), mit dem versehentlich nicht betrogenen Ehemann fand sich Josef
444 2173 1765 2243 Männer, denen der wahrer Sachverhalt aufdämmert, beginnen sogar die
124 2195 445 2263 e emn Vorgänger
1772 2221 3104 2282 Gielen anständig ab, ohne verbergen zu können, daß iym die Rolle
445 2223 1769 2293 Klingen zu kreuzen — da erscheint im rechten Augenblick als den ex machina
132 2242 445 2314 efgründigerer und
1764 2258 3107 2324 eigentlich nicht gehört. In der kleinen, aber exponierten Rolle der reuig
446 2270 1770 2332 eine frühere Geliebte Casanovas, die die erhitzten Gemüter benuhigt, den
123 2292 447 2350 slustspiel, das er
1773 2304 3105 2371 zurückkehrenden und allen Streit schlichtenden Geliebten Casanovas präsen¬
454 2306 1771 2369 Vielumstrittenen für sich beschlognahmt und dadurch alles zu friedlichem
142 2330 445 2393 herumgeschrieben
1772 2338 3115 2429 tierte sich eine neue Kraft: Stefanie Kriß. Sie stattete die Figuur mit
458 2361 723 2424 Ende bringt.
134 2363 444 2443 st von Fulda sein
1769 2390 3090 2453 einem bezaubernden Theaterlächeln und einem weniger bezaubernden Stimm¬
556 2397 1777 2482 In der leichten, liebenswürdig=eleganten, ein bißchen frivolen Art, wie
133 2408 457 2478 gen. Deshalb ist
1769 2439 3097 2501 tremolo aus und machte im Ganzen keinen üblen Eindruck. Weiteres wird
447 2448 1768 2508 Schnitzier uns dies Geschichtchen vorplaudert, bewährt er sich wieder
134 2469 454 2520 oiren Casanovas
1771 2480 3099 2531 abzüwarten sein. Nennt man noch Richard Feist als älteren Lebe¬
453 2508 1773 2567 als der „Jausen=Hebbel“, wie ihn Kerr einmal genannt hat (Jause ist ein
133 2507 447 2568 Die Tatsache, daß
1780 2519 3108 2585 mann und Wolfgang Langhoff als jugendlich=gewandten Kellner,
145 2550 447 2605 sich zur lüstern.
441 2540 1765 2605 österreichischer Ausdruck für Kaffeeplauderstündchen). Es wird wohl an
1761 2567 3100 2629 in dem neben dem großen Casanova in Spa noch ein kleiner Casanova in
133 2584 443 2652 zuträgt, und der
445 2587 1769 2646 tiofere Gesühle gerührt, sogar darin, nach der Art des Herodes=Schöpfers,
1766 2616 3095 2679 spe heranzureifen scheint, so ist der Reigen der Mitwirkenden geschlossen.
135 2627 452 2695 scheut, mit Grazie
441 2631 1769 2680 herumgewühlt, aber es wird zugleich mit ihnen Fangball gespielt und wenn
1761 2646 3089 2702 Bei der Musik, die, alles schon entwirrte Verworrene noch einmal in reiner
445 2676 1770 2731 auch der Dichter den behandelten Stoff psychologisch unterfüttert, das leichte
126 2668 450 2732 uschen Ohren zu
1766 2697 3091 2753 Harmonie lösend, das heitere Spiel beschließt, könnte der Diener Don
129 2713 453 2779 nmag die Stem¬
446 2714 1763 2792 Konfekt der flüssigen Jambensprache hie und da mit gewichtigerem Gedanken¬
1767 2741 3099 2810 Juans, des dritten glänzenden Sterns im Dreigestirn der berühmten Aben¬
450 2759 1774 2815 inhalt füllt — sehr fein und beachtenswert z. B., was Casanova über den
135 2753 444 2822 n, so wenig man
1775 2773 3111 2843 teurer Casanova=Cagliostro=Don Juan, wieder mit Recht bemerken: „Das ist
145 2794 447 2872 wie in manchen
455 2802 1765 2854 Begriff der Treue sagt —, so bleibt schließlich doch alles ein forglos=heiteres
1777 2818 3094 2892 gar aus dem Figaro von Mozart!“ Eigentümlich nur, daß diese Musik hier
139 2844 452 2914 t. Die Geschichle
455 2839 1772 2906 Spiel, eine Komödie der Worte, der Empfindungen, der Gedanken, sogar der
1822 2878 3110 2932 das Stück spielt nach den Angaben des Dichters um die Mitte des
443 2886 1778 2948 blitzenden und klirrenden Waffen — kein ganz erstrangiger Schnitzler, aber
137 2883 450 2949 hemals oder heute
1776 2923 3093 2978 18. Jahrhunderts — etwa 30 Jahre vor Entstehung der göttlichen Oper
142 2925 448 2993 stammen und sie
449 2933 1766 2993 jedenfalls eine ergötzliche, gelstreiche, und bei aller Lascivität im Grunde
1764 2952 3103 3015 erklingt! Der peinliche Anachronismus mag aber nicht vielen aufgefallen
126 2969 443 3028 „Ende gut, alles
436 2974 1764 3036 hormlose Abendunterhaltung mit leicht skizziertem psychologisch=weltanschau¬
1779 3008 3122 3082 sein und trübte jedenfalls nicht die beifallfreudige Stimmung des Publikums.
151 3019 821 3093 tücke) dramatisiertlichem Hintergrund.
549 3045 1793 3141 Dieser Charakter der Novität fand im Stil der Aufführung ausge¬
2611 3063 3101 3161 Hans WynelenX
