3392 4320
858 104 1676 162 ee- amer ucht Muhr Schnicser.
751 135 1657 220 (Zur heutigen Erstaufführüng im Burgthentern—
668 180 1699 311 * Im Mittelpunkt des neuesten Schnitzlerschen Werles¬
667 257 1683 345 steht Casanova, der berühmte Abenteurer, dessen
662 304 1694 392 pikante Erlebnisse sogar in die Lileratur Eingans
667 346 1006 405 gefunden haben.
705 394 1678 471 Natürlich handelt es sich auch hier wieder um ein
644 425 1688 511 Liedesfest, das dieser Liebling der Frauen feiert.
665 507 1684 568 Die Handlung spielt in Spa, wohin Andrea Bassi,
652 544 1687 617 ein Student aus vornehmem Hause, mit seiner Ge¬
646 597 1691 663 liebten Anina gekommen ist, die er in einigen Wochen
663 628 1681 712 heiraten will. Er trifft dort mit einer Gesellschaft
641 683 1689 749 zusammen, in der sich ein Baron Santis mit seiner
653 724 1687 790 Frau Flaminia und auch Casanova befinden. Fla¬
640 779 1674 849 minia, ein Lebeweibchen, dessen Passionen von dem
647 828 1680 902 ehrenwerten Gemahl begünstigt werden, wenn es ihm
659 883 1685 937 in den Kram paßt, trifft Casanova zum dritten Male.
647 903 1681 992 Aber erst in Spa soll ihr Liebessehnen erhört werden.
644 955 1687 1041 Sie hat den Liebhaber zum nächtlichen Stelldschein
645 1008 1675 1096 geladen und, während die Männer am Kartentisch
633 1058 1232 1133 sitzen, schleicht Casanova weg.
702 1112 1678 1188 Doch Flaminia hat Pech. Ihr Liebhaber verfehlt
643 1150 1199 1226 das Fenster und kommt zu
1199 1171 1674 1235 — Anina. Nur sie merkt
656 1200 1675 1261 es und — vielleicht aus Aerger, daß sie ihr Andrea
635 1237 1669 1328 so lange warten läßt — läßt sie Casanova den
646 1292 1080 1353 Irrtum nicht merken,
692 1347 1680 1411 Am nächsten Morgen kommen die Gewissensbisse
637 1410 1672 1469 und sie schreibt Casanova einen Brief, in dem sie
636 1452 1680 1519 von ihm als Lohn für ihre Hingebung sofortige
634 1480 1661 1555 Abreise verlangt. Da der Brief ohne Unterschrift ist,
628 1535 1672 1612 kglaubt Cafanova, er sei von Flaminia und da er die
623 1592 1671 1667 [Nache des Barons fürchtet, überdies nichts mehr in
623 1645 1656 1705 Spa zu suchen hat, beschließt er wegzufahren. Vorher
629 1673 1660 1756 „aber geht er noch zu Bassi, um ihn anzupumpen,
629 1739 1662 1800 edenn er hat vor dem Liebesabenteuer viel verspielt
626 1767 1659 1858 sund steht blank da. Unglück im Spiel, Glück in der
625 1819 795 1875 (Liebe.
629 1849 1647 1951 Baffi hat inzwischen von seiner Anina erfahren,
617 1930 1672 2002 xwas geschehen ist und wütet, da das Bräutchen nicht
623 1960 1657 2044 znur keine Reue zeigt, sondern sehr befriedigt von den
634 2029 1653 2080 Abeuteuer scheint. Nur, meint sie, könne sie jetzt doch
667 2069 1661 2154 sicht mehr Bassis Frau werden. Im Streit der
623 2123 1650 2169 (beiden erscheint Casanova, um zu pumpen, und abe
620 2157 1656 2237 Bassi daraufkommt, daß der Glücksritter von der
647 2198 1649 2275 Verwechstung nichts weiß, begrüßt er dies freutig
623 2247 1651 2323 eals Auskunftsmittel; denn, kakkuliert er, wenn niemand
622 2304 1648 2376 kaußer Anina und mir weiß, was geschehen ist, und
618 2350 1626 2430 zwenn wir nichts ausplandern, ist eben nichts ge
632 2407 1652 2484 schehen. Er gibt Casanova das verlangte Geld und
619 2441 1091 2507 dieser nimmt Abschied.
649 2489 1648 2567 * Bassi ruft Anina und teilt ihr mit, wie er die
643 2543 1646 2618 Affäre ans der Welt geschaffen. Aber die bösen
617 2571 1647 2673 Worte, die er früher gebraucht, haben die Kleine
608 2634 1640 2697 rwilb gemacht. Sie will fort, zu Casanova. Da tritt
638 2676 1642 2760 Flamkuia herein und erfährt nun, daß Anina sie um
647 2735 1647 2820 die Wonnen dieser Nacht betrogen und nun Casanova
611 2771 1644 2861 fnachreisen will. Flaminia wütet, beschimpft Anina
619 2835 1640 2908 #und es entwickelt sich ein regelrechter Dirnenzank,
612 2863 1646 2963 der durch den Eintritt des Barons Santis unter¬
612 2928 1630 3002 sbrochen wird. Auf seine Frage, was es gäbe, er¬
609 2961 1642 3047 zhlie ihm Bassi, es sei ein Streit ausgebrochen, den
616 3028 1638 3087 ser (der Baron) entscheiden möge. Und nun erzählt
605 3077 1641 3148 Bassi die Verwechslungsgeschichte so, als ob sie zwei
621 3121 1651 3193 (Schwestern und nicht in Wirklichkeit, sondern nur in
607 3163 1561 3240 seiner Novelle, die Bassi ersonnen, passiert wäre.
613 3206 1563 3274 ∆ Während man noch herumdisputiert, erscheint
605 3247 1639 3336 Casanova, den der Baron an der Abreise gehindert
600 3327 1633 3394 shat, um ihn zu einem Gastmahl zu laden. Und jetzt
601 3363 1628 3442 wird ihm die Lösung der Preisfrage übertragen. Ex
601 3400 1635 3478 durchschaut die Geschichte und trifft die Entscheidung.
606 3433 1636 3526 ster Betrogene sei der — Liebhaber. Nun geraten
610 3498 1634 3577 ddie Männer aneinander und ziehen die Degen. Doch
597 3540 1629 3613 der Zweikampf wird durch das Erscheinen einer
604 3591 1626 3667 dritten Geliebten Casanovas — der Tänzerin Teresa —.
599 3648 1660 3729 zunterbrochen, die sich Casanova holt, um ihn nach
647 3773 1664 3865 Wechselstube des Bankhai
646 3917 1660 4006 Deheinammer & Senati
638 3991 1661 4091 em.a Wien, I. Stefansplatz 11
645 4092 1645 4163 Gesch####stolle der Klassenlotterie nebenan I. Goldschmidg
1062 4155 1320 4197 Safe Denosi
1686 119 2703 202 sitzen keine Komtessen mehr. Darch scheim, Direktor
1686 168 2196 282 eHeine gedacht haben, 9
2374 190 2687 274 Amehn
2619 220 2723 276 L
