<?xml version="1.0" encoding="UTF-8" standalone="yes"?>
<PcGts xmlns="http://schema.primaresearch.org/PAGE/gts/pagecontent/2013-07-15" xmlns:xsi="http://www.w3.org/2001/XMLSchema-instance" xsi:schemaLocation="http://schema.primaresearch.org/PAGE/gts/pagecontent/2013-07-15 http://schema.primaresearch.org/PAGE/gts/pagecontent/2013-07-15/pagecontent.xsd">
    <Metadata>
        <Creator>prov=University of Rostock/Institute of Mathematics/CITlab/Gundram Leifert/gundram.leifert@uni-rostock.de:name=ONB_Newseye_GT_M1+(htr_id=10810)::::v=2.4.2
prov=University of Rostock/Institute of Mathematics/CITlab/Tobias Gruening/tobias.gruening@uni-rostock.de:name=de.uros.citlab.module.baseline2polygon.B2PSeamMultiOriented:v=2.4.2
prov=University of Rostock/Institute of Mathematics/CITlab/Tobias Gruening/tobias.gruening@uni-rostock.de:name=/mnt/transkribus/LA/DEA/URO/LA_news_onb_att.pb:de.uros.citlab.segmentation.CITlab_LA_ML:v=2.4.2
Transkribus</Creator>
        <Created>2019-10-07T11:09:06.201+02:00</Created>
        <LastChange>2019-10-07T18:48:07.598+02:00</LastChange>
        <TranskribusMetadata docId="223958" pageId="9493674" pageNr="64" tsid="16403546" status="IN_PROGRESS" userId="40391" imgUrl="https://files.transkribus.eu/Get?id=PWNPAPHOFMFTMMZJZBCUYFJH&amp;fileType=view" xmlUrl="https://files.transkribus.eu/Get?id=NFPINYJCTGAFZRPAUVEITFYJ" imageId="6183901"/>
    </Metadata>
    <Page imageFilename="223958_0064.jpeg" imageWidth="3392" imageHeight="4320">
        <ReadingOrder>
            <OrderedGroup id="ro_1711443782456" caption="Regions reading order">
                <RegionRefIndexed index="0" regionRef="r1"/>
            </OrderedGroup>
        </ReadingOrder>
        <TextRegion orientation="0.0" id="r1" custom="readingOrder {index:0;}">
            <Coords points="260,226 260,3039 3327,3039 3327,226"/>
            <TextLine id="r1l1" custom="readingOrder {index:0;}">
                <Coords points="2377,279 2475,263 2498,286 2568,273 2582,287 2733,287 2780,260 2870,250 2870,176 2780,193 2750,176 2646,176 2602,216 2569,199 2377,196"/>
                <Baseline points="2395,253 2420,252 2445,250 2471,250 2496,250 2522,250 2547,250 2573,250 2598,250 2624,251 2649,252 2674,252 2700,252 2725,252 2751,252 2776,252 2802,251 2827,251 2853,249"/>
                <TextEquiv>
                    <Unicode>box 33/5</Unicode>
                </TextEquiv>
            </TextLine>
            <TextLine id="r1l2" custom="readingOrder {index:1;}">
                <Coords points="244,289 2257,275 2096,191 245,212"/>
                <Baseline points="260,257 364,262 468,266 572,269 676,271 780,272 884,273 989,273 1093,272 1197,272 1301,271 1405,270 1509,269 1614,268 1718,268 1822,268 1926,268 2030,269 2134,270 2239,272"/>
                <TextEquiv>
                    <Unicode>28. Die SchuesteroderCasanoun inSna</Unicode>
                </TextEquiv>
            </TextLine>
            <TextLine id="r1l3" custom="readingOrder {index:2;}">
                <Coords points="1882,965 3301,968 3327,884 2579,876 2462,921 2401,878 1881,882"/>
                <Baseline points="1898,959 1968,958 2039,957 2109,956 2180,956 2251,956 2321,956 2392,955 2463,955 2533,955 2604,955 2675,955 2745,955 2816,955 2887,954 2957,953 3028,952 3099,950 3169,948 3240,946 3311,943"/>
                <TextEquiv>
                    <Unicode>aber die Mannes= mit der Frauenseele vergleichen, so stellt der Frauense</Unicode>
                </TextEquiv>
            </TextLine>
            <TextLine id="r1l4" custom="readingOrder {index:3;}">
                <Coords points="1137,975 1889,972 1889,908 1828,898 1748,911 1694,888 1644,925 1570,931 1305,888 1191,922 1137,902"/>
                <Baseline points="1153,959 1188,960 1224,960 1260,960 1296,961 1332,961 1368,961 1404,961 1440,961 1476,961 1512,961 1547,961 1583,961 1619,960 1655,960 1691,960 1727,960 1763,960 1799,960 1835,960 1871,960"/>
                <TextEquiv>
                    <Unicode>.Mnn fül Sportgerale</Unicode>
                </TextEquiv>
            </TextLine>
            <TextLine id="r1l5" custom="readingOrder {index:4;}">
                <Coords points="607,1002 3239,1020 3306,949 606,972"/>
                <Baseline points="622,1009 755,1009 888,1009 1021,1009 1155,1009 1288,1009 1421,1009 1555,1009 1688,1008 1821,1008 1955,1007 2088,1006 2221,1006 2354,1004 2488,1003 2621,1002 2754,1000 2888,998 3021,996 3154,993 3288,990"/>
                <TextEquiv>
                    <Unicode>eine Luxussteuer eingehoben werden sollte. Die Fußballverbände Mann gewöhnlich den ruhig überlegenden Verstand dar, der sie nicht</Unicode>
                </TextEquiv>
            </TextLine>
            <TextLine id="r1l6" custom="readingOrder {index:5;}">
                <Coords points="1873,1108 3108,1115 3322,1108 3322,1067 1873,1071"/>
                <Baseline points="1890,1104 1960,1104 2031,1103 2102,1102 2173,1102 2244,1101 2314,1101 2385,1100 2456,1100 2527,1099 2598,1099 2668,1099 2739,1098 2810,1098 2881,1098 2952,1098 3022,1098 3093,1097 3164,1097 3235,1098 3306,1098"/>
                <TextEquiv>
                    <Unicode>aus der gleichen Stadt von Andrea entfühli. Preimat sind hier; fkrupeslos</Unicode>
                </TextEquiv>
            </TextLine>
            <TextLine id="r1l7" custom="readingOrder {index:6;}">
                <Coords points="1868,1149 3321,1150 3257,1100 1868,1109"/>
                <Baseline points="1886,1152 1956,1151 2027,1151 2098,1150 2169,1150 2240,1149 2311,1149 2382,1149 2453,1148 2524,1148 2595,1148 2665,1147 2736,1147 2807,1146 2878,1146 2949,1146 3020,1145 3091,1144 3162,1144 3233,1143 3304,1142"/>
                <TextEquiv>
                    <Unicode>dramatische Fäden angeknüpft, dreimal könnte sich die Lebens- genießer</Unicode>
                </TextEquiv>
            </TextLine>
            <TextLine id="r1l8" custom="readingOrder {index:7;}">
                <Coords points="905,1173 1623,1162 1623,1115 1556,1071 1509,1094 1476,1071 1335,1090 1291,1067 906,1089"/>
                <Baseline points="921,1151 955,1151 989,1150 1023,1150 1057,1150 1092,1150 1126,1150 1160,1151 1194,1151 1228,1151 1263,1151 1297,1152 1331,1152 1365,1152 1399,1152 1434,1152 1468,1152 1502,1152 1536,1152 1570,1151 1605,1151"/>
                <TextEquiv>
                    <Unicode>Feuilleton.</Unicode>
                </TextEquiv>
            </TextLine>
            <TextLine id="r1l9" custom="readingOrder {index:8;}">
                <Coords points="1872,1210 3294,1209 3330,1145 1871,1150"/>
                <Baseline points="1887,1200 1958,1199 2029,1198 2100,1197 2172,1196 2243,1196 2314,1196 2385,1195 2457,1195 2528,1195 2599,1195 2670,1195 2742,1195 2813,1194 2884,1194 2955,1194 3027,1193 3098,1192 3169,1191 3240,1190 3312,1188"/>
                <TextEquiv>
                    <Unicode>und Liebeskomödie theatralisch auswirken, doch kaum ist der ge= Unwidersc</Unicode>
                </TextEquiv>
            </TextLine>
            <TextLine id="r1l10" custom="readingOrder {index:9;}">
                <Coords points="1863,1245 3326,1268 3325,1194 3285,1191 1863,1208"/>
                <Baseline points="1879,1250 1950,1248 2022,1247 2093,1247 2165,1246 2236,1245 2308,1245 2379,1244 2451,1244 2522,1243 2594,1243 2666,1242 2737,1242 2809,1242 2880,1241 2952,1241 3023,1241 3095,1240 3166,1239 3238,1239 3310,1238"/>
                <TextEquiv>
                    <Unicode>wisse „Knoten“ da, wird er gleich wieder aufgelöst und vor Schnitzler</Unicode>
                </TextEquiv>
            </TextLine>
            <TextLine id="r1l11" custom="readingOrder {index:10;}">
                <Coords points="1061,1234 1124,1268 1198,1256 1211,1270 1252,1257 1329,1269 1406,1253 1500,1265 1501,1212 1394,1183 1350,1205 1226,1193 1175,1206 1062,1167"/>
                <Baseline points="1076,1236 1101,1240 1127,1242 1152,1244 1178,1245 1203,1247 1229,1247 1254,1247 1280,1247 1305,1247 1331,1247 1356,1247 1382,1247 1407,1247 1433,1247 1458,1248 1484,1249"/>
                <TextEquiv>
                    <Unicode>Burgtheater.</Unicode>
                </TextEquiv>
            </TextLine>
            <TextLine id="r1l12" custom="readingOrder {index:11;}">
                <Coords points="1877,1300 3115,1308 3316,1290 3316,1246 1877,1256"/>
                <Baseline points="1893,1295 1963,1294 2033,1293 2103,1293 2174,1292 2244,1292 2314,1292 2384,1292 2455,1292 2525,1292 2595,1292 2665,1292 2736,1291 2806,1291 2876,1291 2946,1290 3017,1290 3087,1289 3157,1288 3227,1287 3298,1286"/>
                <TextEquiv>
                    <Unicode>lauter Motiven kommt es zu keiner Handlung, wird das, was nur von</Unicode>
                </TextEquiv>
            </TextLine>
            <TextLine id="r1l13" custom="readingOrder {index:12;}">
                <Coords points="611,1314 1889,1307 1889,1240 611,1264"/>
                <Baseline points="629,1302 691,1302 753,1302 815,1302 877,1302 939,1302 1001,1302 1063,1302 1125,1301 1187,1301 1250,1301 1312,1301 1374,1300 1436,1300 1498,1299 1560,1299 1622,1298 1684,1297 1746,1296 1808,1295 1871,1294"/>
                <TextEquiv>
                    <Unicode>Zum erstenmal: „Die Schwestern“ oder „Casanova in</Unicode>
                </TextEquiv>
            </TextLine>
            <TextLine id="r1l14" custom="readingOrder {index:13;}">
                <Coords points="1880,1347 3266,1355 3329,1291 1880,1300"/>
                <Baseline points="1897,1340 1967,1340 2038,1340 2109,1340 2179,1339 2250,1339 2321,1339 2391,1339 2462,1339 2533,1339 2604,1339 2674,1338 2745,1338 2816,1338 2886,1337 2957,1337 3028,1336 3098,1336 3169,1335 3240,1334 3311,1333"/>
                <TextEquiv>
                    <Unicode>als dramatischer Auftakt zu gelten scheint, durch einen falschen des Spie</Unicode>
                </TextEquiv>
            </TextLine>
            <TextLine id="r1l15" custom="readingOrder {index:14;}">
                <Coords points="623,1359 1881,1350 1881,1306 1800,1293 623,1305"/>
                <Baseline points="641,1338 702,1339 763,1340 824,1341 885,1342 946,1342 1007,1342 1068,1342 1129,1342 1190,1342 1252,1341 1313,1341 1374,1340 1435,1339 1496,1338 1557,1338 1618,1337 1679,1336 1740,1336 1801,1336 1863,1335"/>
                <TextEquiv>
                    <Unicode>Spa“, ein Lustspiel in Versen, drei Akte in einem, von Artur</Unicode>
                </TextEquiv>
            </TextLine>
            <TextLine id="r1l16" custom="readingOrder {index:15;}">
                <Coords points="1111,1391 1131,1387 1174,1411 1241,1384 1335,1408 1376,1385 1423,1385 1423,1348 1339,1338 1268,1347 1235,1331 1158,1341 1111,1330"/>
                <Baseline points="1128,1375 1153,1376 1178,1377 1203,1378 1229,1378 1254,1378 1279,1378 1304,1377 1330,1377 1355,1377 1380,1377 1406,1377"/>
                <TextEquiv>
                    <Unicode>Schnitzler.</Unicode>
                </TextEquiv>
            </TextLine>
            <TextLine id="r1l17" custom="readingOrder {index:16;}">
                <Coords points="1877,1397 3326,1404 3305,1331 1877,1350"/>
                <Baseline points="1892,1393 1962,1391 2033,1389 2104,1388 2175,1387 2246,1386 2317,1385 2387,1385 2458,1384 2529,1384 2600,1383 2671,1383 2742,1383 2813,1383 2883,1383 2954,1383 3025,1382 3096,1382 3167,1382 3238,1382 3309,1381"/>
                <TextEquiv>
                    <Unicode>Tastengriff auf eine andere Melodie übertragen. Grundton ist: Helden G</Unicode>
                </TextEquiv>
            </TextLine>
            <TextLine id="r1l18" custom="readingOrder {index:17;}">
                <Coords points="1183,1432 1224,1436 1230,1432 1244,1439 1251,1433 1294,1437 1301,1430 1334,1434 1335,1401 1318,1401 1302,1383 1292,1387 1221,1385 1208,1398 1184,1395"/>
                <Baseline points="1201,1427 1230,1424 1260,1425 1289,1427 1319,1427"/>
                <TextEquiv>
                    <Unicode>Von</Unicode>
                </TextEquiv>
            </TextLine>
            <TextLine id="r1l19" custom="readingOrder {index:18;}">
                <Coords points="1856,1455 3308,1437 3271,1384 1855,1381"/>
                <Baseline points="1872,1440 1943,1439 2014,1438 2085,1437 2156,1436 2227,1435 2298,1434 2369,1433 2440,1433 2511,1432 2582,1432 2653,1431 2724,1431 2795,1430 2866,1430 2937,1430 3008,1430 3079,1429 3150,1429 3221,1429 3292,1429"/>
                <TextEquiv>
                    <Unicode>ein junges Mädchen entflieht mit einem jungen Mann aus dem vor den</Unicode>
                </TextEquiv>
            </TextLine>
            <TextLine id="r1l20" custom="readingOrder {index:19;}">
                <Coords points="1007,1488 1138,1501 1182,1487 1219,1504 1329,1486 1473,1492 1520,1471 1520,1444 1443,1411 1409,1432 1355,1415 1322,1439 1178,1430 1158,1444 1007,1415"/>
                <Baseline points="1025,1473 1050,1476 1075,1477 1100,1479 1125,1479 1150,1480 1175,1480 1201,1480 1226,1480 1251,1479 1276,1479 1301,1478 1326,1478 1352,1477 1377,1476 1402,1476 1427,1475 1452,1475 1477,1474 1503,1474"/>
                <TextEquiv>
                    <Unicode>Leopold Jacobson.</Unicode>
                </TextEquiv>
            </TextLine>
            <TextLine id="r1l21" custom="readingOrder {index:20;}">
                <Coords points="1868,1490 3153,1501 3327,1483 3327,1433 1868,1440"/>
                <Baseline points="1885,1485 1956,1484 2027,1484 2099,1483 2170,1482 2241,1482 2313,1482 2384,1481 2455,1481 2527,1480 2598,1480 2669,1480 2741,1480 2812,1479 2883,1479 2955,1479 3026,1479 3097,1478 3169,1478 3240,1478 3312,1478"/>
                <TextEquiv>
                    <Unicode>Elternhaus. Gestern noch ganz Liebesleidenschaft für den Einen, Stückes,</Unicode>
                </TextEquiv>
            </TextLine>
            <TextLine id="r1l22" custom="readingOrder {index:21;}">
                <Coords points="728,1543 3130,1552 3324,1484 728,1496"/>
                <Baseline points="744,1534 872,1536 1000,1536 1128,1536 1256,1536 1384,1536 1512,1536 1640,1535 1768,1534 1896,1533 2025,1532 2153,1531 2281,1530 2409,1529 2537,1528 2665,1528 2793,1527 2921,1527 3049,1527 3177,1527 3306,1528"/>
                <TextEquiv>
                    <Unicode>Gestern hieß er Anaiol, heute Casanova. Gestern war er wird sie über Nacht eine wie viele (wie alle Frauen, sagt indirekt „Casanov</Unicode>
                </TextEquiv>
            </TextLine>
            <TextLine id="r1l23" custom="readingOrder {index:22;}">
                <Coords points="619,1606 3316,1581 3158,1512 619,1543"/>
                <Baseline points="636,1586 769,1586 902,1586 1035,1586 1168,1585 1302,1585 1435,1584 1568,1583 1701,1582 1834,1581 1968,1580 2101,1579 2234,1578 2367,1577 2500,1576 2633,1576 2767,1575 2900,1575 3033,1574 3166,1574 3300,1575"/>
                <TextEquiv>
                    <Unicode>noch der melancholisch=leichtsinnige Ringstraßenbummler, heute ist der Dichter). Sie stand, des Liebsten harrend, in der Nacht alterteng</Unicode>
                </TextEquiv>
            </TextLine>
            <TextLine id="r1l24" custom="readingOrder {index:23;}">
                <Coords points="613,1653 3323,1591 613,1593"/>
                <Baseline points="631,1633 764,1634 898,1635 1032,1635 1166,1634 1300,1634 1433,1633 1567,1632 1701,1631 1835,1630 1969,1629 2102,1627 2236,1626 2370,1625 2504,1624 2638,1623 2771,1623 2905,1623 3039,1623 3173,1623 3307,1624"/>
                <TextEquiv>
                    <Unicode>er schon der Weltabenteurer aus Venetien, Held verruchter Liebes-Inackt im Fenster, da schwingt sich einer, Herr Casanova nämlich, Und noch</Unicode>
                </TextEquiv>
            </TextLine>
            <TextLine id="r1l25" custom="readingOrder {index:24;}">
                <Coords points="3127,1682 3161,1686 3174,1675 3221,1675 3242,1685 3258,1675 3272,1685 3288,1674 3322,1681 3322,1630 3268,1628 3241,1645 3204,1628 3174,1635 3157,1625 3127,1625"/>
                <Baseline points="3143,1675 3170,1673 3197,1672 3224,1671 3251,1671 3278,1672 3305,1674"/>
                <TextEquiv>
                    <Unicode>Frau, die</Unicode>
                </TextEquiv>
            </TextLine>
            <TextLine id="r1l26" custom="readingOrder {index:25;}">
                <Coords points="621,1686 3130,1626 621,1636"/>
                <Baseline points="638,1684 761,1684 885,1684 1009,1683 1133,1683 1256,1683 1380,1682 1504,1681 1628,1681 1751,1680 1875,1679 1999,1678 2123,1677 2246,1676 2370,1675 2494,1674 2618,1673 2741,1672 2865,1671 2989,1670 3113,1669"/>
                <TextEquiv>
                    <Unicode>affären, Spielee, Händler, Dichter, Philosoph, Hochstapler. Ins zu ihr ins Zimmer, und eh sie sich noch besinnen kann, nimmt</Unicode>
                </TextEquiv>
            </TextLine>
            <TextLine id="r1l27" custom="readingOrder {index:26;}">
                <Coords points="3119,1731 3152,1730 3159,1723 3179,1733 3202,1726 3216,1733 3233,1722 3300,1728 3316,1714 3333,1714 3332,1670 3309,1678 3252,1675 3242,1685 3222,1675 3175,1676 3141,1690 3118,1687"/>
                <Baseline points="3134,1720 3160,1719 3186,1719 3212,1718 3238,1718 3264,1717 3290,1717 3316,1718"/>
                <TextEquiv>
                    <Unicode>erfährt,</Unicode>
                </TextEquiv>
            </TextLine>
            <TextLine id="r1l28" custom="readingOrder {index:27;}">
                <Coords points="616,1737 3135,1738 2983,1668 616,1694"/>
                <Baseline points="632,1730 756,1730 880,1730 1005,1730 1129,1729 1253,1729 1378,1728 1502,1727 1626,1727 1751,1726 1875,1725 1999,1724 2124,1724 2248,1723 2372,1722 2497,1722 2621,1721 2745,1720 2870,1720 2994,1719 3119,1719"/>
                <TextEquiv>
                    <Unicode>dem wienerisch gehemmten, artigen, sozusagen mit latenter Genuße er sie. Nach der Gier dieser Stunde weiß sie wohl, was geschehen,</Unicode>
                </TextEquiv>
            </TextLine>
            <TextLine id="r1l29" custom="readingOrder {index:28;}">
                <Coords points="3120,1778 3187,1769 3194,1775 3237,1770 3254,1780 3281,1772 3304,1751 3320,1750 3319,1724 3259,1729 3235,1723 3212,1731 3158,1723 3118,1731"/>
                <Baseline points="3136,1770 3164,1768 3192,1767 3220,1766 3248,1765 3276,1764 3305,1763"/>
                <TextEquiv>
                    <Unicode>zu einer</Unicode>
                </TextEquiv>
            </TextLine>
            <TextLine id="r1l30" custom="readingOrder {index:29;}">
                <Coords points="623,1784 3122,1778 623,1741"/>
                <Baseline points="640,1778 763,1778 886,1778 1009,1778 1133,1777 1256,1777 1379,1776 1502,1775 1626,1774 1749,1773 1872,1772 1995,1772 2119,1771 2242,1770 2365,1769 2488,1769 2612,1768 2735,1768 2858,1768 2981,1768 3105,1768"/>
                <TextEquiv>
                    <Unicode>freude begabten Anatol steckt ein sinnverwandter, nur im Blut dennoch erscheint es ihr nicht als Schuld. „Es“ hat sie getrieben,</Unicode>
                </TextEquiv>
            </TextLine>
            <TextLine id="r1l31" custom="readingOrder {index:30;}">
                <Coords points="612,1835 3322,1772 612,1785"/>
                <Baseline points="630,1825 763,1824 897,1824 1031,1824 1164,1823 1298,1823 1432,1822 1565,1821 1699,1821 1833,1820 1967,1819 2100,1819 2234,1818 2368,1817 2501,1817 2635,1816 2769,1815 2902,1815 3036,1814 3170,1813 3304,1813"/>
                <TextEquiv>
                    <Unicode>verdünnter Casanova. Wenn Artur Schnitzler heute nun zu dem überwältigt, jenes „Es“, das schon Herr Beer=Hofmann im Grasen Sie hats</Unicode>
                </TextEquiv>
            </TextLine>
            <TextLine id="r1l32" custom="readingOrder {index:31;}">
                <Coords points="620,1895 3283,1888 3333,1804 620,1831"/>
                <Baseline points="638,1874 771,1874 905,1873 1039,1872 1173,1872 1307,1871 1441,1870 1575,1870 1709,1869 1843,1868 1977,1868 2110,1867 2244,1866 2378,1865 2512,1865 2646,1864 2780,1863 2914,1863 3048,1862 3182,1862 3316,1861"/>
                <TextEquiv>
                    <Unicode>wirklichen Urbild die Linie zieht, dann steht er wohl auch schon von Charolais als das geheimnisvoll-rätselhafte Weibmysterium schließlich</Unicode>
                </TextEquiv>
            </TextLine>
            <TextLine id="r1l33" custom="readingOrder {index:32;}">
                <Coords points="622,1929 3328,1864 622,1886"/>
                <Baseline points="638,1924 771,1922 905,1920 1039,1919 1172,1918 1306,1917 1440,1917 1573,1916 1707,1916 1841,1916 1975,1915 2108,1915 2242,1915 2376,1915 2509,1914 2643,1914 2777,1913 2910,1912 3044,1911 3178,1910 3312,1908"/>
                <TextEquiv>
                    <Unicode>am Ende seiner künstlerisch=erotischen Betrachtungsart, aber zugleich literarisch abgestempelt hat. Anina findet sich noch genau viertes,</Unicode>
                </TextEquiv>
            </TextLine>
            <TextLine id="r1l34" custom="readingOrder {index:33;}">
                <Coords points="614,1979 3330,1918 614,1932"/>
                <Baseline points="632,1972 766,1971 900,1970 1034,1969 1168,1968 1302,1967 1436,1966 1570,1965 1704,1964 1838,1963 1972,1962 2106,1962 2240,1961 2374,1961 2508,1960 2642,1960 2776,1959 2910,1959 3044,1959 3178,1959 3312,1959"/>
                <TextEquiv>
                    <Unicode>bei seinem eigenen Anfang. Man stutzt darob ein bißchen, ist so dieselbe, die sie vorher war; indem sie ihrem Bräutigam das Lustspiel¬</Unicode>
                </TextEquiv>
            </TextLine>
            <TextLine id="r1l35" custom="readingOrder {index:34;}">
                <Coords points="616,2013 3323,2017 616,1979"/>
                <Baseline points="632,2020 765,2019 899,2018 1033,2017 1166,2016 1300,2015 1434,2014 1567,2014 1701,2013 1835,2012 1969,2011 2102,2011 2236,2010 2370,2010 2503,2010 2637,2009 2771,2009 2904,2008 3038,2008 3172,2008 3306,2008"/>
                <TextEquiv>
                    <Unicode>kalt befremdet, begreist auch nicht leicht die Einseitigkeit einesnächtliche Erlebnis freiwillig eingesteht, fühlt sie sich zugleich dem Dich</Unicode>
                </TextEquiv>
            </TextLine>
            <TextLine id="r1l36" custom="readingOrder {index:35;}">
                <Coords points="1876,2069 3325,2064 3324,2010 3227,2000 1876,2015"/>
                <Baseline points="1892,2062 1962,2061 2033,2059 2104,2058 2175,2057 2245,2057 2316,2056 2387,2056 2458,2056 2528,2056 2599,2056 2670,2056 2741,2056 2811,2056 2882,2056 2953,2056 3024,2055 3094,2055 3165,2055 3236,2054 3307,2053"/>
                <TextEquiv>
                    <Unicode>entfühnt und seiner genau so wert wie früher. (Das ist das eine der den Figu#</Unicode>
                </TextEquiv>
            </TextLine>
            <TextLine id="r1l37" custom="readingOrder {index:36;}">
                <Coords points="619,2085 1856,2075 1886,2011 619,2014"/>
                <Baseline points="637,2065 698,2064 760,2064 821,2063 883,2063 945,2062 1006,2062 1068,2062 1130,2061 1191,2061 1253,2061 1315,2061 1376,2061 1438,2060 1500,2061 1561,2061 1623,2061 1685,2061 1746,2061 1808,2062 1870,2062"/>
                <TextEquiv>
                    <Unicode>Gedankenspiels, das immer um denselben Punkt kreist,</Unicode>
                </TextEquiv>
            </TextLine>
            <TextLine id="r1l38" custom="readingOrder {index:37;}">
                <Coords points="1883,2128 3325,2112 3302,2058 1883,2061"/>
                <Baseline points="1901,2103 1971,2104 2041,2105 2112,2105 2182,2105 2253,2106 2323,2105 2394,2105 2464,2105 2535,2104 2605,2104 2675,2104 2746,2103 2816,2103 2887,2102 2957,2102 3028,2102 3098,2102 3169,2102 3239,2103 3310,2103"/>
                <TextEquiv>
                    <Unicode>Motive, nicht ganz lustspielmäßig zwar, aber dem Lustspiel schon nahe.) rissen, ab</Unicode>
                </TextEquiv>
            </TextLine>
            <TextLine id="r1l39" custom="readingOrder {index:38;}">
                <Coords points="630,2106 1877,2115 1877,2071 1746,2059 630,2069"/>
                <Baseline points="647,2113 707,2114 768,2114 828,2113 889,2113 950,2113 1010,2113 1071,2113 1131,2112 1192,2112 1253,2111 1313,2111 1374,2111 1434,2110 1495,2110 1556,2109 1616,2109 1677,2108 1737,2108 1798,2107 1859,2107"/>
                <TextEquiv>
                    <Unicode>und ist dennoch wieder bereit, zu meinen, daß hier nur eine</Unicode>
                </TextEquiv>
            </TextLine>
            <TextLine id="r1l40" custom="readingOrder {index:39;}">
                <Coords points="1987,2159 3319,2157 3319,2113 3127,2094 1987,2112"/>
                <Baseline points="2005,2153 2069,2153 2134,2154 2199,2154 2264,2154 2329,2153 2394,2153 2459,2153 2524,2152 2589,2152 2654,2151 2718,2150 2783,2150 2848,2150 2913,2149 2978,2149 3043,2149 3108,2149 3173,2150 3238,2151 3303,2152"/>
                <TextEquiv>
                    <Unicode>Das zweite Motiv: der junge Mann hört diese Veichte, ist schließlich</Unicode>
                </TextEquiv>
            </TextLine>
            <TextLine id="r1l41" custom="readingOrder {index:40;}">
                <Coords points="623,2176 1803,2171 1890,2156 1890,2110 622,2105"/>
                <Baseline points="639,2161 700,2161 762,2162 824,2162 886,2162 947,2162 1009,2162 1071,2162 1133,2162 1194,2161 1256,2161 1318,2160 1380,2159 1441,2159 1503,2158 1565,2157 1627,2156 1688,2156 1750,2155 1812,2154 1874,2153"/>
                <TextEquiv>
                    <Unicode>seltsame künstlerische Laune sich verrät: immer mit Worten und</Unicode>
                </TextEquiv>
            </TextLine>
            <TextLine id="r1l42" custom="readingOrder {index:41;}">
                <Coords points="1879,2211 3308,2210 3331,2160 1879,2164"/>
                <Baseline points="1896,2203 1967,2203 2038,2203 2109,2204 2180,2203 2251,2203 2322,2203 2393,2203 2464,2202 2535,2201 2606,2201 2677,2200 2748,2200 2819,2199 2890,2199 2961,2198 3032,2198 3103,2198 3174,2198 3245,2198 3316,2198"/>
                <TextEquiv>
                    <Unicode>entsetzt, verletzt, zürnt, zerreißt das Band zwischen sich und der ein Spiell</Unicode>
                </TextEquiv>
            </TextLine>
            <TextLine id="r1l43" custom="readingOrder {index:42;}">
                <Coords points="616,2206 1887,2217 1887,2163 1850,2160 616,2159"/>
                <Baseline points="632,2210 697,2210 762,2210 827,2210 892,2210 958,2209 1023,2209 1088,2208 1153,2208 1218,2207 1284,2207 1349,2206 1414,2205 1479,2205 1544,2204 1610,2204 1675,2203 1740,2203 1805,2203 1871,2203"/>
                <TextEquiv>
                    <Unicode>Begriffen zu tändeln und eine dichterische Relativitätstheorie auf¬</Unicode>
                </TextEquiv>
            </TextLine>
            <TextLine id="r1l44" custom="readingOrder {index:43;}">
                <Coords points="1875,2264 3301,2260 3331,2203 1875,2214"/>
                <Baseline points="1893,2251 1964,2251 2035,2250 2106,2249 2177,2249 2248,2249 2319,2249 2390,2248 2461,2248 2532,2248 2604,2248 2675,2248 2746,2248 2817,2248 2888,2248 2959,2248 3030,2247 3101,2247 3172,2246 3243,2245 3315,2244"/>
                <TextEquiv>
                    <Unicode>Geliebten. Da kommt Casanova zur Tür herein und pumpt ihn entscheiden</Unicode>
                </TextEquiv>
            </TextLine>
            <TextLine id="r1l45" custom="readingOrder {index:44;}">
                <Coords points="628,2269 1879,2260 1878,2206 627,2212"/>
                <Baseline points="644,2261 704,2260 765,2258 826,2258 887,2257 948,2256 1009,2256 1069,2255 1130,2255 1191,2255 1252,2254 1313,2254 1374,2254 1435,2254 1495,2253 1556,2253 1617,2252 1678,2252 1739,2251 1800,2250 1861,2249"/>
                <TextEquiv>
                    <Unicode>zustellen, die den Beweis erbringt, daß es bloß auf den Stand¬</Unicode>
                </TextEquiv>
            </TextLine>
            <TextLine id="r1l46" custom="readingOrder {index:45;}">
                <Coords points="1887,2313 3293,2301 3249,2251 1887,2263"/>
                <Baseline points="1904,2300 1972,2299 2041,2298 2109,2298 2178,2297 2246,2297 2315,2296 2383,2296 2452,2296 2520,2296 2589,2295 2658,2295 2726,2295 2795,2295 2863,2295 2932,2294 3000,2294 3069,2294 3137,2294 3206,2294 3275,2293"/>
                <TextEquiv>
                    <Unicode>an. Er will die Stadt verlassen, denn ein eisersüchtiger Ehemann, war:</Unicode>
                </TextEquiv>
            </TextLine>
            <TextLine id="r1l47" custom="readingOrder {index:46;}">
                <Coords points="615,2309 1883,2313 1883,2259 615,2262"/>
                <Baseline points="632,2307 693,2307 755,2307 817,2307 878,2306 940,2305 1002,2305 1063,2304 1125,2303 1187,2302 1249,2302 1310,2301 1372,2300 1434,2300 1495,2299 1557,2299 1619,2299 1680,2299 1742,2299 1804,2300 1866,2301"/>
                <TextEquiv>
                    <Unicode>punkt ankommt, wie dieselbe Sache von unten, von oben, von</Unicode>
                </TextEquiv>
            </TextLine>
            <TextLine id="r1l48" custom="readingOrder {index:47;}">
                <Coords points="1876,2362 3325,2349 3324,2292 3110,2279 1875,2305"/>
                <Baseline points="1891,2351 1961,2350 2032,2349 2103,2348 2174,2347 2245,2346 2316,2345 2387,2345 2458,2345 2529,2345 2600,2344 2670,2344 2741,2344 2812,2344 2883,2344 2954,2344 3025,2344 3096,2344 3167,2343 3238,2343 3309,2342"/>
                <TextEquiv>
                    <Unicode>zu dessen Frau er heute nacht sich schlich, lauerte ihm auf. Und jene, die</Unicode>
                </TextEquiv>
            </TextLine>
            <TextLine id="r1l49" custom="readingOrder {index:48;}">
                <Coords points="619,2355 1873,2355 1873,2315 1759,2305 619,2314"/>
                <Baseline points="634,2354 695,2354 756,2354 817,2353 878,2353 940,2353 1001,2352 1062,2352 1123,2352 1184,2351 1246,2351 1307,2350 1368,2350 1429,2350 1490,2349 1552,2349 1613,2349 1674,2349 1735,2349 1796,2349 1858,2349"/>
                <TextEquiv>
                    <Unicode>rechts, von links, von vorwärts oder rückwärts besehen, sich aus¬</Unicode>
                </TextEquiv>
            </TextLine>
            <TextLine id="r1l50" custom="readingOrder {index:49;}">
                <Coords points="1884,2402 3283,2404 3336,2350 1884,2351"/>
                <Baseline points="1900,2396 1970,2396 2041,2396 2112,2396 2183,2396 2254,2395 2325,2395 2396,2395 2467,2395 2538,2394 2609,2394 2679,2393 2750,2393 2821,2392 2892,2392 2963,2391 3034,2391 3105,2391 3176,2390 3247,2390 3318,2389"/>
                <TextEquiv>
                    <Unicode>nun stellt sich heraus, daß Casonava gar nicht weiß, wen er be¬ halten wal</Unicode>
                </TextEquiv>
            </TextLine>
            <TextLine id="r1l51" custom="readingOrder {index:50;}">
                <Coords points="624,2407 1737,2420 1881,2412 1881,2355 623,2353"/>
                <Baseline points="642,2402 703,2403 764,2403 825,2403 886,2403 948,2402 1009,2402 1070,2401 1131,2401 1192,2400 1254,2399 1315,2398 1376,2398 1437,2397 1498,2397 1560,2396 1621,2396 1682,2396 1743,2397 1804,2397 1866,2398"/>
                <TextEquiv>
                    <Unicode>nimmt. Es läuft eben schlechterdings alles auf Worte hinaus.</Unicode>
                </TextEquiv>
            </TextLine>
            <TextLine id="r1l52" custom="readingOrder {index:51;}">
                <Coords points="626,2462 3178,2460 3325,2395 625,2408"/>
                <Baseline points="642,2452 775,2451 908,2450 1041,2448 1175,2448 1308,2447 1441,2446 1575,2445 1708,2444 1841,2444 1975,2443 2108,2443 2241,2442 2374,2442 2508,2441 2641,2441 2774,2440 2908,2440 3041,2439 3174,2439 3308,2438"/>
                <TextEquiv>
                    <Unicode>Treue ist gerade so ein Wort wie Untreue, Liebe gerade so wie sessen hat. Er. wollte zu Flaminia im Hotelzimmer nebenan, er Betrogen</Unicode>
                </TextEquiv>
            </TextLine>
            <TextLine id="r1l53" custom="readingOrder {index:52;}">
                <Coords points="629,2499 3312,2493 3123,2427 628,2455"/>
                <Baseline points="644,2500 776,2498 909,2497 1041,2496 1174,2495 1306,2494 1439,2494 1571,2493 1704,2493 1836,2492 1969,2492 2101,2492 2234,2491 2366,2491 2499,2490 2631,2490 2764,2489 2896,2488 3029,2487 3161,2486 3294,2484"/>
                <TextEquiv>
                    <Unicode>Betrug, Heimat gerade so wie Fremde. Nichts ist wirklich, alles irrte sich im Feuster und nahm ahnungslos Anina. Der jung=, er keine.</Unicode>
                </TextEquiv>
            </TextLine>
            <TextLine id="r1l54" custom="readingOrder {index:53;}">
                <Coords points="627,2546 3327,2542 627,2499"/>
                <Baseline points="642,2546 775,2545 908,2545 1042,2545 1175,2544 1309,2543 1442,2543 1575,2542 1709,2541 1842,2540 1976,2539 2109,2539 2242,2538 2376,2537 2509,2536 2643,2536 2776,2535 2909,2535 3043,2534 3176,2534 3310,2534"/>
                <TextEquiv>
                    <Unicode>nur eine süherliche, menschliche, gesellschaftliche Angelegenheit, betrogene Bräutigam ist ein philosophischer Denker; er klärt Herrn sich Andr#</Unicode>
                </TextEquiv>
            </TextLine>
            <TextLine id="r1l55" custom="readingOrder {index:54;}">
                <Coords points="3120,2590 3156,2586 3170,2596 3197,2589 3207,2596 3217,2589 3234,2599 3244,2589 3294,2598 3307,2585 3327,2584 3327,2551 3307,2554 3290,2538 3213,2542 3199,2532 3183,2546 3173,2539 3119,2540"/>
                <Baseline points="3135,2583 3164,2581 3193,2581 3222,2581 3251,2581 3280,2581 3309,2579"/>
                <TextEquiv>
                    <Unicode>schließlich</Unicode>
                </TextEquiv>
            </TextLine>
            <TextLine id="r1l56" custom="readingOrder {index:55;}">
                <Coords points="630,2604 3132,2598 3132,2534 630,2550"/>
                <Baseline points="646,2594 769,2593 892,2592 1016,2591 1139,2591 1263,2590 1386,2590 1509,2590 1633,2590 1756,2589 1880,2589 2003,2589 2126,2589 2250,2588 2373,2588 2497,2587 2620,2586 2743,2586 2867,2585 2990,2583 3114,2582"/>
                <TextEquiv>
                    <Unicode>Diesen Stoifkreis hat Artur Schnitzler eh wie je durchschritten; Casanova auf, pumpt ihm sogar das Geld und wünscht ihm viel</Unicode>
                </TextEquiv>
            </TextLine>
            <TextLine id="r1l57" custom="readingOrder {index:56;}">
                <Coords points="627,2657 3327,2637 627,2604"/>
                <Baseline points="642,2643 775,2642 908,2641 1042,2640 1175,2639 1309,2639 1442,2638 1575,2638 1709,2638 1842,2638 1976,2637 2109,2637 2242,2637 2376,2636 2509,2636 2643,2635 2776,2635 2909,2634 3043,2633 3176,2631 3310,2630"/>
                <TextEquiv>
                    <Unicode>dieser Casanova bedeutet nun, so hofft, erwartet, wünscht man, Glück auf die Reise. Nun ist ja für den Bräutigam alles gut. Frau zur</Unicode>
                </TextEquiv>
            </TextLine>
            <TextLine id="r1l58" custom="readingOrder {index:57;}">
                <Coords points="620,2698 3336,2702 3336,2628 620,2654"/>
                <Baseline points="636,2692 770,2690 904,2689 1038,2687 1172,2686 1306,2686 1440,2685 1574,2684 1708,2684 1842,2684 1977,2684 2111,2684 2245,2684 2379,2684 2513,2683 2647,2683 2781,2682 2915,2682 3049,2681 3183,2679 3318,2678"/>
                <TextEquiv>
                    <Unicode>das Ende einer Komödie der Worte. Oder ist zu dem Thema Niemand weiß, was zwischen Anina und Casanova geschehen, nur kehr, von</Unicode>
                </TextEquiv>
            </TextLine>
            <TextLine id="r1l59" custom="readingOrder {index:58;}">
                <Coords points="630,2748 3323,2684 630,2701"/>
                <Baseline points="646,2740 779,2738 912,2737 1045,2736 1178,2735 1311,2734 1444,2733 1577,2733 1710,2732 1843,2732 1976,2732 2109,2731 2242,2731 2375,2731 2508,2731 2641,2730 2774,2730 2907,2730 3040,2729 3173,2728 3306,2728"/>
                <TextEquiv>
                    <Unicode>noch etwas zu sagen? Vielleicht. Denn wer vermißt sich zus er und seine Braut, kein Dritter ist eingeweiht, also kann man mag zusti</Unicode>
                </TextEquiv>
            </TextLine>
            <TextLine id="r1l60" custom="readingOrder {index:59;}">
                <Coords points="3118,2777 3205,2780 3212,2787 3225,2780 3242,2790 3258,2773 3282,2786 3329,2793 3329,2729 3295,2729 3285,2739 3262,2736 3252,2743 3191,2730 3117,2730"/>
                <Baseline points="3136,2774 3161,2775 3186,2776 3211,2776 3236,2776 3261,2775 3286,2775 3311,2773"/>
                <TextEquiv>
                    <Unicode>immer nu</Unicode>
                </TextEquiv>
            </TextLine>
            <TextLine id="r1l61" custom="readingOrder {index:60;}">
                <Coords points="623,2802 3128,2793 3128,2733 623,2748"/>
                <Baseline points="641,2787 764,2786 888,2785 1011,2784 1135,2783 1258,2783 1382,2782 1505,2782 1629,2781 1752,2781 1876,2781 1999,2780 2123,2780 2246,2780 2370,2779 2493,2779 2617,2779 2740,2779 2864,2778 2987,2778 3111,2777"/>
                <TextEquiv>
                    <Unicode>behaupten, daß ein Dichter nicht zu immer neuen Erkenntnissen wohl vergessen, auch verzeihen. (Das ist das zweite Motiv. Es</Unicode>
                </TextEquiv>
            </TextLine>
            <TextLine id="r1l62" custom="readingOrder {index:61;}">
                <Coords points="1882,2840 3123,2846 3327,2822 3327,2778 1882,2787"/>
                <Baseline points="1898,2828 1968,2828 2039,2828 2109,2828 2180,2828 2251,2828 2321,2828 2392,2828 2462,2828 2533,2827 2604,2827 2674,2827 2745,2827 2815,2827 2886,2826 2957,2826 3027,2825 3098,2824 3168,2824 3239,2823 3310,2822"/>
                <TextEquiv>
                    <Unicode>ist, durch diese heitere Verwechslung, ganz im Lustspielmäßigen fläche der</Unicode>
                </TextEquiv>
            </TextLine>
            <TextLine id="r1l63" custom="readingOrder {index:62;}">
                <Coords points="992,2834 1505,2861 1626,2831 1703,2858 1888,2841 1888,2780 992,2794"/>
                <Baseline points="1009,2828 1052,2827 1095,2827 1138,2827 1181,2827 1224,2828 1267,2828 1311,2828 1354,2828 1397,2828 1440,2829 1483,2829 1526,2829 1569,2829 1613,2829 1656,2829 1699,2828 1742,2828 1785,2827 1828,2826 1872,2825"/>
                <TextEquiv>
                    <Unicode>Es ist nur dann schlimm, wenn das Rad der</Unicode>
                </TextEquiv>
            </TextLine>
            <TextLine id="r1l64" custom="readingOrder {index:63;}">
                <Coords points="623,2842 996,2842 994,2785 951,2799 877,2785 830,2809 790,2790 622,2798"/>
                <Baseline points="641,2835 666,2836 692,2836 718,2836 744,2835 770,2834 796,2834 822,2832 848,2831 874,2830 900,2829 926,2829 952,2829 978,2830"/>
                <TextEquiv>
                    <Unicode>gelangen könnte.</Unicode>
                </TextEquiv>
            </TextLine>
            <TextLine id="r1l65" custom="readingOrder {index:64;}">
                <Coords points="1855,2869 2938,2907 3304,2875 3334,2825 1855,2838"/>
                <Baseline points="1871,2878 1943,2877 2015,2877 2087,2876 2160,2876 2232,2875 2304,2875 2376,2874 2449,2874 2521,2874 2593,2873 2665,2873 2738,2873 2810,2872 2882,2872 2954,2872 3027,2872 3099,2871 3171,2871 3243,2871 3316,2871"/>
                <TextEquiv>
                    <Unicode>verwurzelt, hat auch einen seelischen Einschlag und bleibt trotzdem Antithesenk</Unicode>
                </TextEquiv>
            </TextLine>
            <TextLine id="r1l66" custom="readingOrder {index:65;}">
                <Coords points="627,2905 654,2912 668,2898 721,2911 788,2884 845,2897 879,2886 926,2886 939,2899 976,2885 1016,2892 1016,2851 966,2838 875,2849 815,2833 627,2848"/>
                <Baseline points="644,2876 669,2878 694,2879 720,2879 745,2879 770,2878 796,2877 821,2876 846,2875 872,2875 897,2874 922,2874 948,2875 973,2877 999,2880"/>
                <TextEquiv>
                    <Unicode>Stunde leer läuft.</Unicode>
                </TextEquiv>
            </TextLine>
            <TextLine id="r1l67" custom="readingOrder {index:66;}">
                <Coords points="3098,2923 3168,2934 3185,2924 3205,2931 3259,2925 3272,2936 3285,2923 3329,2920 3330,2886 3280,2875 3239,2885 3219,2874 3212,2881 3129,2876 3122,2869 3098,2876"/>
                <Baseline points="3113,2914 3138,2914 3163,2915 3188,2916 3213,2917 3238,2917 3263,2918 3288,2917 3313,2915"/>
                <TextEquiv>
                    <Unicode>Theaterstül</Unicode>
                </TextEquiv>
            </TextLine>
            <TextLine id="r1l68" custom="readingOrder {index:67;}">
                <Coords points="753,2931 2453,2930 2386,2879 1826,2856 753,2890"/>
                <Baseline points="770,2924 853,2925 936,2926 1019,2926 1103,2926 1186,2927 1269,2927 1353,2926 1436,2926 1519,2926 1603,2926 1686,2925 1769,2925 1852,2925 1936,2925 2019,2925 2102,2925 2186,2925 2269,2925 2352,2925 2436,2926"/>
                <TextEquiv>
                    <Unicode>Casanova ist der Held dieses Lustspiels. Nicht doch: der da wie dort ganz ungenutzt.)</Unicode>
                </TextEquiv>
            </TextLine>
            <TextLine id="r1l69" custom="readingOrder {index:68;}">
                <Coords points="1980,2978 3204,2992 3345,2953 3344,2906 1979,2938"/>
                <Baseline points="1998,2976 2064,2976 2130,2976 2197,2976 2263,2976 2330,2975 2396,2975 2463,2974 2529,2974 2596,2973 2662,2972 2728,2971 2795,2971 2861,2970 2928,2969 2994,2968 3061,2967 3127,2966 3194,2965 3260,2964 3327,2963"/>
                <TextEquiv>
                    <Unicode>Das dritte Motiv: das ist Herr Casanova selbst. Wer ist ewigen ##</Unicode>
                </TextEquiv>
            </TextLine>
            <TextLine id="r1l70" custom="readingOrder {index:69;}">
                <Coords points="628,3008 1614,2968 1892,3001 1892,2931 628,2924"/>
                <Baseline points="645,2979 706,2977 768,2976 829,2975 891,2974 953,2974 1014,2974 1076,2974 1137,2974 1199,2974 1261,2975 1322,2975 1384,2975 1445,2976 1507,2976 1569,2976 1630,2976 1692,2976 1753,2975 1815,2975 1877,2973"/>
                <TextEquiv>
                    <Unicode>Held ist Andrea Bassi, ein wohlhabender junger Mann aus</Unicode>
                </TextEquiv>
            </TextLine>
            <TextLine id="r1l71" custom="readingOrder {index:70;}">
                <Coords points="632,3047 3227,3060 3331,2966 631,2987"/>
                <Baseline points="648,3025 781,3026 914,3026 1048,3027 1181,3027 1315,3027 1448,3028 1581,3028 1715,3028 1848,3027 1982,3027 2115,3027 2248,3026 2382,3025 2515,3025 2649,3024 2782,3023 2915,3022 3049,3021 3182,3020 3316,3018"/>
                <TextEquiv>
                    <Unicode>Ferrara. Auch nicht wahr: es ist Anina, ein junges Mäschen er? Der Mann der Memoiren. Ein strahlender Edelmann und am drau</Unicode>
                </TextEquiv>
            </TextLine>
            <TextEquiv>
                <Unicode>box 33/5
28. Die SchuesteroderCasanoun inSna
aber die Mannes= mit der Frauenseele vergleichen, so stellt der Frauense
.Mnn fül Sportgerale
eine Luxussteuer eingehoben werden sollte. Die Fußballverbände Mann gewöhnlich den ruhig überlegenden Verstand dar, der sie nicht
aus der gleichen Stadt von Andrea entfühli. Preimat sind hier; fkrupeslos
dramatische Fäden angeknüpft, dreimal könnte sich die Lebens- genießer
Feuilleton.
und Liebeskomödie theatralisch auswirken, doch kaum ist der ge= Unwidersc
wisse „Knoten“ da, wird er gleich wieder aufgelöst und vor Schnitzler
Burgtheater.
lauter Motiven kommt es zu keiner Handlung, wird das, was nur von
Zum erstenmal: „Die Schwestern“ oder „Casanova in
als dramatischer Auftakt zu gelten scheint, durch einen falschen des Spie
Spa“, ein Lustspiel in Versen, drei Akte in einem, von Artur
Schnitzler.
Tastengriff auf eine andere Melodie übertragen. Grundton ist: Helden G
Von
ein junges Mädchen entflieht mit einem jungen Mann aus dem vor den
Leopold Jacobson.
Elternhaus. Gestern noch ganz Liebesleidenschaft für den Einen, Stückes,
Gestern hieß er Anaiol, heute Casanova. Gestern war er wird sie über Nacht eine wie viele (wie alle Frauen, sagt indirekt „Casanov
noch der melancholisch=leichtsinnige Ringstraßenbummler, heute ist der Dichter). Sie stand, des Liebsten harrend, in der Nacht alterteng
er schon der Weltabenteurer aus Venetien, Held verruchter Liebes-Inackt im Fenster, da schwingt sich einer, Herr Casanova nämlich, Und noch
Frau, die
affären, Spielee, Händler, Dichter, Philosoph, Hochstapler. Ins zu ihr ins Zimmer, und eh sie sich noch besinnen kann, nimmt
erfährt,
dem wienerisch gehemmten, artigen, sozusagen mit latenter Genuße er sie. Nach der Gier dieser Stunde weiß sie wohl, was geschehen,
zu einer
freude begabten Anatol steckt ein sinnverwandter, nur im Blut dennoch erscheint es ihr nicht als Schuld. „Es“ hat sie getrieben,
verdünnter Casanova. Wenn Artur Schnitzler heute nun zu dem überwältigt, jenes „Es“, das schon Herr Beer=Hofmann im Grasen Sie hats
wirklichen Urbild die Linie zieht, dann steht er wohl auch schon von Charolais als das geheimnisvoll-rätselhafte Weibmysterium schließlich
am Ende seiner künstlerisch=erotischen Betrachtungsart, aber zugleich literarisch abgestempelt hat. Anina findet sich noch genau viertes,
bei seinem eigenen Anfang. Man stutzt darob ein bißchen, ist so dieselbe, die sie vorher war; indem sie ihrem Bräutigam das Lustspiel¬
kalt befremdet, begreist auch nicht leicht die Einseitigkeit einesnächtliche Erlebnis freiwillig eingesteht, fühlt sie sich zugleich dem Dich
entfühnt und seiner genau so wert wie früher. (Das ist das eine der den Figu#
Gedankenspiels, das immer um denselben Punkt kreist,
Motive, nicht ganz lustspielmäßig zwar, aber dem Lustspiel schon nahe.) rissen, ab
und ist dennoch wieder bereit, zu meinen, daß hier nur eine
Das zweite Motiv: der junge Mann hört diese Veichte, ist schließlich
seltsame künstlerische Laune sich verrät: immer mit Worten und
entsetzt, verletzt, zürnt, zerreißt das Band zwischen sich und der ein Spiell
Begriffen zu tändeln und eine dichterische Relativitätstheorie auf¬
Geliebten. Da kommt Casanova zur Tür herein und pumpt ihn entscheiden
zustellen, die den Beweis erbringt, daß es bloß auf den Stand¬
an. Er will die Stadt verlassen, denn ein eisersüchtiger Ehemann, war:
punkt ankommt, wie dieselbe Sache von unten, von oben, von
zu dessen Frau er heute nacht sich schlich, lauerte ihm auf. Und jene, die
rechts, von links, von vorwärts oder rückwärts besehen, sich aus¬
nun stellt sich heraus, daß Casonava gar nicht weiß, wen er be¬ halten wal
nimmt. Es läuft eben schlechterdings alles auf Worte hinaus.
Treue ist gerade so ein Wort wie Untreue, Liebe gerade so wie sessen hat. Er. wollte zu Flaminia im Hotelzimmer nebenan, er Betrogen
Betrug, Heimat gerade so wie Fremde. Nichts ist wirklich, alles irrte sich im Feuster und nahm ahnungslos Anina. Der jung=, er keine.
nur eine süherliche, menschliche, gesellschaftliche Angelegenheit, betrogene Bräutigam ist ein philosophischer Denker; er klärt Herrn sich Andr#
schließlich
Diesen Stoifkreis hat Artur Schnitzler eh wie je durchschritten; Casanova auf, pumpt ihm sogar das Geld und wünscht ihm viel
dieser Casanova bedeutet nun, so hofft, erwartet, wünscht man, Glück auf die Reise. Nun ist ja für den Bräutigam alles gut. Frau zur
das Ende einer Komödie der Worte. Oder ist zu dem Thema Niemand weiß, was zwischen Anina und Casanova geschehen, nur kehr, von
noch etwas zu sagen? Vielleicht. Denn wer vermißt sich zus er und seine Braut, kein Dritter ist eingeweiht, also kann man mag zusti
immer nu
behaupten, daß ein Dichter nicht zu immer neuen Erkenntnissen wohl vergessen, auch verzeihen. (Das ist das zweite Motiv. Es
ist, durch diese heitere Verwechslung, ganz im Lustspielmäßigen fläche der
Es ist nur dann schlimm, wenn das Rad der
gelangen könnte.
verwurzelt, hat auch einen seelischen Einschlag und bleibt trotzdem Antithesenk
Stunde leer läuft.
Theaterstül
Casanova ist der Held dieses Lustspiels. Nicht doch: der da wie dort ganz ungenutzt.)
Das dritte Motiv: das ist Herr Casanova selbst. Wer ist ewigen ##
Held ist Andrea Bassi, ein wohlhabender junger Mann aus
Ferrara. Auch nicht wahr: es ist Anina, ein junges Mäschen er? Der Mann der Memoiren. Ein strahlender Edelmann und am drau</Unicode>
            </TextEquiv>
        </TextRegion>
    </Page>
</PcGts>
