3344 4256
148 171 349 262 28.
2309 144 2768 240 box 3375
342 187 2170 268 Die Schuestern-oder-Casanous n Sna
1060 666 2320 725 Wendriner. Die Frau in der modernen Literatur
690 672 796 751 636
1702 760 2719 848 von ihr Abschied zu nehmen. Es wird ein Abschied fürs
684 790 1700 856 eine resignierte Ruhe findet. Außere Geschehnisse im Leben
1706 823 2715 877 Leben. Lotte. Eßlinger heiratet ohne Liebe den reichen
692 848 1696 894 dieser schlanken, blonden Frau, die unter den Töchtern
1707 864 2714 923 Weintaufmann Adrian Leuthold und führt ein resigniertes
683 882 1701 949 der anspruchsvollen, ehrgeizigen Frau Monica immer
1708 924 2728 967 Mutterdasein, bis Felix Heß ihr wieder in den Weg
697 925 1702 987 im Vordergrunde bleibt, erinnern deutlich an die ersten
1702 946 2734 1007 tritt. Die alte Liebe erwacht von neuem. In schwersten
687 964 1701 1024 Abenteuer Ellis. Aber es ist, die Atmosphäre der beiden
1714 992 2725 1050 inneren Kämpfen will sich Lotte von ihrem Mann und von
701 1005 1701 1071 beleuchtend, charakteristisch, daß Christiane sich zuerst
1709 1047 2729 1099 ihren Kindern trennen, bis sie, zuerst zurückgehalten durch
691 1067 1706 1123 ihrem ihr feierlich verlobten Bräutigam, dem Oberlent¬
1716 1086 2727 1151 die brutale Gewalt des Gatten, zuletzt nach dem Frei¬
696 1098 1707 1166 nant v. Moor, hingibt, während sich Elli an den jungen
1711 1128 2729 1182 tode ihres Sohnes erkennen muß, daß es ihre Pflicht ist,
691 1142 1707 1209 Gelehrten, der ihr sehnsüchtiges Herz mit dem Klang
1714 1183 2721 1221 den einmal betretenen Lebensweg zu Ende zu gehen.
697 1188 1701 1243 und der Weisheit Georgescher Verse erfüllt, verschentt.
1709 1215 2723 1273 Wie Holzschnittfiguren stehen die Menschen in diesem
701 1228 1706 1289 Fleischers Roman von den drei Töchtern der Frau Monica.
1717 1254 2731 1306 Drama vor unseren Augen, scharf ummeißell und liebe¬
692 1271 1706 1332 von der allzu tüchtigen und gewissenhaften Magda und
1717 1306 2739 1356 voll gezeichnet, vor allem Lottes alte Großmutter, die
695 1315 1713 1374 der kleinen Lisa, die alle nicht nach dem Wunsche ihrer
1720 1354 2736 1402 Frau Bürgermeisterin Dorothea Eßlinger und ihre Ur¬
704 1357 1702 1427 äußerlichen Mutter heiraten, ist eine liebenswürdig er¬
1718 1390 2740 1443 enkelin Angelika, die einst als erste den Stein auf ihre
696 1401 1703 1462 zählte, künstlerisch belanglose Geschichte aus dem täg¬
1727 1442 2736 1497 Mutter geworfen hatte und die nun selbst das Schicksal
699 1449 1613 1500 lichen, allzu täglichen österreichischen Bürgerleben.
1728 1478 2415 1544 ihrer Mutter schmerzvoll erleben muß.
759 1475 1702 1553 „Die große Liebe“ hat eine Frau, Agnes Henning¬
1774 1499 2731 1583 Das Thema von der großen Liebe hat Arthur
709 1542 1709 1598 sen, schon als Titel auf ihren neuen Roman geschrieben.
1716 1561 2732 1617 Schnitzler in seinem Gedicht „Die Schwestern, oder
704 1581 1703 1637 In diesem psychologisch überfeinen Buch einer Frau über
1727 1608 2738 1665 Casanova in Spa“ in einem Lustspiel in Versen behandelt.
692 1618 1710 1692 Frauen erscheint die Liebe als der einzige Lebensinhalt
1726 1659 2737 1703 Bei der Besprechung von Schnitzlers seiner Novelle
701 1663 1719 1724 der Frau. Seelische Klänge schwirren dazwischen. Aber
1720 1689 2740 1759 „Casanovas Heimkehr“ wurde bereits auf den Eindruck
696 1698 1708 1780 die Heldin der Geschichte, die dänische Malerin Gerda
1720 1742 2742 1801 hingewiesen, den die Lektüre der Denkwürdigkeiten des
701 1744 1710 1824 Rose, die ihr Leben lang die große Liebe sucht, und die
1718 1775 2738 1846 großen Abenteurers auf den Dichter der „Liebelei“ ge¬
707 1784 1720 1857 zuletzt als alternde Frau in der erneuten Mutterschaft
1733 1819 2748 1881 macht hat. In seinem Lustsviel erzählt Schnitzler von
695 1833 1722 1891 die Erfüllung ihres Sehnens erlebt, und ihre Tochter,
1731 1879 2753 1925 dem jungen, allen Frauen gefährlichen Casanova, um den
706 1880 1715 1930 die kleine schlanke Yvonne, die ohne vieles Suchen die
1733 1909 2755 1975 sich die siebzehnjährige Anina mit der moralisch nicht
701 1924 1710 1988 große Liebe findet, erleben ihre Leidenschaften wesentlich
1723 1950 2741 2017 ganz einwandfreien Baronin Flaminia und der berühmten
705 1978 1709 2024 in ihren körperlichen Beziehungen zu den Männern, die
1730 2006 2750 2053 Tänzerin Teresa aus Neapel streitet, und der zuletzt doch.
714 2015 1721 2080 sie lieben. Und wie Gerda Rose und ihre Tochter, die
1726 2049 2753 2104 dank der Geschicklichkeit seiner Rede und seiner Degen¬
712 2052 1721 2128 symbolisch verkleidet als Ninon de Lenclos und Sohn
1740 2082 2756 2147 führung, aus allen seinen Liebesabenteuern als Sieger
708 2104 1713 2161 auf das entscheidende Karnevalsfest gehen, leben auch alle
1734 2139 2754 2189 hervorgeht. Schnitzlers Lustspiel, in reizvollen Versen ge¬
714 2142 1714 2201 die anderen Frauen, die schöne Anne und die eifersüchtige
1731 2172 2754 2231 schrieben, ist eine liebenswürdige Plauderei, der der Dich¬
707 2186 1716 2237 Tora, nur ihren Leidenschaften, nur ihrer Sehnsucht nach
1731 2205 2756 2274 ter selbst in der Gestalt eines verabschiedeten älteren
711 2230 1727 2291 einer großen Liebe. Agnes Henningsen hat vollendetere
1740 2254 2751 2318 hollandischen Offiziers nachdenklich lächelnd zuschaut, um
714 2280 1725 2344 Bücher geschrieben, als diese Geschichte von der großen
1738 2300 2741 2377 zuletzt, ein gealterter Anatol, das Schlußwort zu sprechen:
703 2327 1728 2380 Liebe. Es wird zuviel hineingeheimnist in die Seelen und
1743 2348 2729 2413 „Noch einmal jung sein! — Doch man war's einmal!“
716 2364 1725 2420 Herzen der Frauen, so daß uns zum Schluß nicht abgerun¬
1788 2390 2741 2447 Tief tragisch klingt dagegen die Tragikomödie „Kleine
708 2403 1720 2463 dete Gestalten gegenüberstehen, sondern daß ein Komplex
1736 2435 2743 2488 Sklavin“ von Dietzenschmidt aus. Der junge Dichter
723 2454 1717 2508 von Tönen und Farben, schillernd, einschmeichelnd, ver¬
1741 2468 2754 2534 dramatisiert die Geschichte eines vierzehnjährigen Mäd¬
715 2504 1453 2557 führerisch, in unserer Erinnerung bleibt.
1728 2528 2750 2576 chens, das von seiner Mutter unbewußt verkauft wird
774 2531 1717 2586 Nur zwei Gestalten, ein Mann und eine Frau be¬
1739 2558 2739 2625 und in einem Bordell endet. Nicht die Gestalt des un¬
722 2572 1722 2641 herrschen Werner Schendells Roman „Dienerin“.
1734 2613 2749 2668 glücklichen Kindes ist es, die die starke Begabung Dietzen¬
715 2623 1731 2681 Es ist die Geschichte der Liebe zweier Menschen, einer
1738 2659 2760 2716 schmidts beweist, sondern die dramatische Liebesszene
724 2662 1733 2729 starken Frau und eines schwächlichen Mannes, an der
1738 2692 2770 2748 im zweiten Aufzug und die naturalistische Darstellung
713 2714 1724 2764 die Frau zerbricht und zugrunde geht. Breit und lang¬
1735 2737 2756 2797 des Milieus, in dem das Kind aufwächst, der Wirtschaft
718 2750 1727 2816 atmig wird der innere Kampf dieser beiden Menschen
1727 2783 2754 2831 der Frau Deidel mit ihren beiden Zimmerherren, und
712 2800 1723 2869 erzählt, werden die zermürbenden Grübeleien des Mannes
1743 2829 2759 2887 des Lebens im Hause der „Stellenvermittlerin“ Frau
717 2842 1730 2892 und der Frau dargestellt, die Tag und Nacht das Schicksal
1741 2881 2490 2943 Dürmer, von der Lilli verkuppelt wird.
714 2888 1730 2939 um ihre Rechte auf sich selbst und auf den anderen Men¬
1803 2893 2758 2972 Alle diese Dichter, der alternde Arthur Schnitzler und
722 2923 1733 2979 schen befragen. Es steckt eine starke Begabung in diesem
1741 2950 2759 3029 der junge Albrecht Schaeffer, der Österreicher Victor
727 2973 1732 3031 Buch, und doch bleibt, wenn man es aus der Hand legl, ein
1750 2998 2764 3064 Fleischer und die Dänin Agnes Henningsen, haben die
727 3017 1740 3071 Gefühl menschlichen Unbefriedigtseins zurück. Man hat
1744 3042 2762 3114 Frau dargestellt in ihren sinnlichen Leidenschaften, mit
727 3055 1732 3121 das Gefühl des Gleichgültigseins gegen diesen Mann, gegen
1742 3081 2749 3159 all den Wünschen ihres heißen Blutes. Otto Buch¬
718 3111 1729 3176 diesen arroganten Schwächling, der sich als einzigen Mittel¬
1737 3109 2764 3188 mann, dessen Bücher schon im hundertsten Tausend er¬
723 3143 1735 3211 punkt der Welt empfindet, der sich selbst ob seiner unseeli¬
1744 3167 2765 3231 schienen sind und also zu einer großen Menge Menschen
724 3194 1733 3249 schen Intellektualität für so wertvoll hält, daß er ohne
1740 3214 2758 3270 sprechen müssen, singt ein süßlich=sentimentales Lied auf
731 3237 1731 3290 Achselzucken eine geliebte Frau an seinem Wesen zugrunde
1748 3259 2764 3327 die Frauen. Wie ein Chopinsches Notturno soll sein Lied
720 3272 1734 3328 gehen läßt. Das Buch ist charakteristisch für die junge
1752 3299 2764 3363 durch die blasse Nacht wehen und alle Tore der Seele
732 3314 1729 3383 Dichtergeneration unserer Zeit, der die große Gefühls¬
1748 3342 2753 3402 öffnen. In solcher Nächte ungeheurem Schauen neigt er
732 3352 1736 3423 gebärde eines Werther völlig abhanden gekommen ist und
1741 3404 2766 3447 sich demütig, dankbeseelt über die Hände einer geliebten
724 3408 1738 3467 die durch intellektuelle Reflexionen und Grübeleien voll¬
1742 3432 2758 3494 Frau, um leise in Schlaf und bunte Träume zu sinken.
727 3451 1670 3521 wertig die Sprache des Herzens zu ersetzen glaubt.
1740 3478 2770 3546 Es sind geschmackvolle Bucher, die Otto Buchmann seinen
796 3489 1738 3556 Auch Lotte Eßlinger, die Heldin von Ernst Zahns
1757 3517 2763 3591 Getreuen schenkt, es ist Lyrik in Versen und in Prosa.
726 3544 1742 3594 Erzählung „Lotte Eßlingers Wille und Weg“, verblutel
1759 3568 2756 3631 aber es ist eine nur formgewandte Lyrit, die aus einer
731 3584 1738 3632 innerlich an ihrer Jugendliebe. Lotte Eßlinger, das ty¬
1748 3612 2770 3670 letzten Erdenferne nur an das Herz von Menschen dringt,
737 3633 1739 3688 pilche Schweizer Mädchen, hat in ihrer Kindheit den
1757 3650 2757 3710 die nicht selbst in jeder Stunde und an jedem Tage die
733 3660 1738 3735 Knaben Feiix Heß geliebt, der, da er die Universität
1755 3713 2755 3760 Kämpfe des Lebens und ihres Blutes auszukämpfen haben.
733 3718 1738 3777 Berlin besuchen will, eines Tages vor sie hintritt, um
1718 3761 2723 3842 Herasneder für Deuisch=otereich: Frieses kang, Wien I. Beimerstrhe 3.
742 3778 1677 3846 Verantwortlich für die Schrifteluna: Gottios Maper in Leios.
845 3847 2662 3888 verantwortlich für die Schriftleitung: C. O. Friese. Wien I. Brännerstraße 3. — Copyright 1. Juli 1920 by Philipo Reclam jun.. Leipzig.
