<?xml version="1.0" encoding="UTF-8" standalone="yes"?>
<PcGts xmlns="http://schema.primaresearch.org/PAGE/gts/pagecontent/2013-07-15" xmlns:xsi="http://www.w3.org/2001/XMLSchema-instance" xsi:schemaLocation="http://schema.primaresearch.org/PAGE/gts/pagecontent/2013-07-15 http://schema.primaresearch.org/PAGE/gts/pagecontent/2013-07-15/pagecontent.xsd">
    <Metadata>
        <Creator>prov=University of Rostock/Institute of Mathematics/CITlab/Gundram Leifert/gundram.leifert@uni-rostock.de:name=ONB_Newseye_GT_M1+(htr_id=10810)::::v=2.4.2
prov=University of Rostock/Institute of Mathematics/CITlab/Tobias Gruening/tobias.gruening@uni-rostock.de:name=de.uros.citlab.module.baseline2polygon.B2PSeamMultiOriented:v=2.4.2
prov=University of Rostock/Institute of Mathematics/CITlab/Tobias Gruening/tobias.gruening@uni-rostock.de:name=/mnt/transkribus/LA/DEA/URO/LA_news_onb_att.pb:de.uros.citlab.segmentation.CITlab_LA_ML:v=2.4.2
Transkribus</Creator>
        <Created>2019-10-07T11:09:17.081+02:00</Created>
        <LastChange>2019-10-07T19:37:24.463+02:00</LastChange>
        <TranskribusMetadata docId="223958" pageId="9493850" pageNr="109" tsid="16427730" status="IN_PROGRESS" userId="40391" imgUrl="https://files.transkribus.eu/Get?id=ACNSFJBSCITIPDSRJWMBCJEJ&amp;fileType=view" xmlUrl="https://files.transkribus.eu/Get?id=NNUILCFKPQPWBASKPRHPYKHH" imageId="6184077"/>
    </Metadata>
    <Page imageFilename="223958_0109.jpeg" imageWidth="3344" imageHeight="4352">
        <ReadingOrder>
            <OrderedGroup id="ro_1711443814485" caption="Regions reading order">
                <RegionRefIndexed index="0" regionRef="r1"/>
            </OrderedGroup>
        </ReadingOrder>
        <TextRegion orientation="0.0" id="r1" custom="readingOrder {index:0;}">
            <Coords points="211,207 211,2999 3303,2999 3303,207"/>
            <TextLine id="r1l1" custom="readingOrder {index:0;}">
                <Coords points="2372,252 2422,263 2482,240 2532,253 2562,225 2640,260 2668,243 2723,255 2748,235 2813,245 2813,158 2638,170 2608,157 2482,187 2425,165 2372,190"/>
                <Baseline points="2384,234 2410,232 2436,231 2462,231 2488,231 2514,231 2540,231 2566,232 2592,232 2618,233 2644,233 2670,233 2696,233 2722,233 2748,232 2774,231 2801,229"/>
                <TextEquiv>
                    <Unicode>box 33/5</Unicode>
                </TextEquiv>
            </TextLine>
            <TextLine id="r1l2" custom="readingOrder {index:1;}">
                <Coords points="198,273 2227,269 2162,177 198,188"/>
                <Baseline points="211,246 311,249 411,252 511,254 611,255 711,256 811,256 912,256 1012,256 1112,255 1212,254 1312,253 1412,252 1512,251 1613,250 1713,250 1813,249 1913,249 2013,250 2113,251 2214,252"/>
                <TextEquiv>
                    <Unicode>28. Die Schuestern- oderCasanouninSna</Unicode>
                </TextEquiv>
            </TextLine>
            <TextLine id="r1l3" custom="readingOrder {index:2;}">
                <Coords points="569,1435 1328,1453 1383,1447 1384,1409 1309,1380 1116,1407 1041,1368 884,1360 773,1391 570,1380"/>
                <Baseline points="582,1428 621,1429 661,1429 700,1430 740,1431 779,1431 819,1432 858,1433 898,1434 937,1435 977,1436 1016,1436 1056,1437 1095,1438 1135,1439 1174,1439 1214,1439 1253,1440 1293,1440 1332,1440 1372,1439"/>
                <TextEquiv>
                    <Unicode>„had dus Maut, sägte der Leutem..,</Unicode>
                </TextEquiv>
            </TextLine>
            <TextLine id="r1l4" custom="readingOrder {index:3;}">
                <Coords points="1602,1459 1622,1460 1628,1455 1643,1461 1658,1454 1690,1459 1710,1457 1714,1400 1701,1399 1688,1406 1681,1398 1671,1405 1658,1404 1645,1411 1605,1409"/>
                <Baseline points="1617,1444 1644,1444 1671,1446 1699,1448"/>
                <TextEquiv>
                    <Unicode>—.—</Unicode>
                </TextEquiv>
            </TextLine>
            <TextLine id="r1l5" custom="readingOrder {index:4;}">
                <Coords points="1722,1467 3130,1503 3305,1500 3306,1445 1723,1397"/>
                <Baseline points="1736,1462 1813,1465 1891,1467 1969,1468 2047,1470 2125,1471 2203,1472 2280,1473 2358,1474 2436,1474 2514,1475 2592,1476 2670,1476 2748,1477 2825,1478 2903,1479 2981,1480 3059,1481 3137,1483 3215,1485 3293,1487"/>
                <TextEquiv>
                    <Unicode>ihm nicht übel ergangen; daß ich aber mit ganz anderen fer= „Mach Schulk</Unicode>
                </TextEquiv>
            </TextLine>
            <TextLine id="r1l6" custom="readingOrder {index:5;}">
                <Coords points="499,1486 1468,1520 1721,1509 1722,1457 1479,1425 499,1446"/>
                <Baseline points="511,1475 570,1476 630,1477 690,1478 750,1479 810,1480 870,1481 929,1482 989,1483 1049,1484 1109,1485 1169,1486 1229,1487 1289,1488 1348,1489 1408,1490 1468,1491 1528,1492 1588,1493 1648,1494 1708,1495"/>
                <TextEquiv>
                    <Unicode>dich schon, aber auf Schmeicheln und Hetzen hör ich nicht; zum</Unicode>
                </TextEquiv>
            </TextLine>
            <TextLine id="r1l7" custom="readingOrder {index:6;}">
                <Coords points="1721,1516 2890,1543 2935,1538 2936,1488 1721,1466"/>
                <Baseline points="1734,1511 1793,1513 1853,1514 1912,1516 1972,1517 2031,1518 2091,1519 2150,1520 2210,1520 2269,1521 2329,1521 2388,1522 2448,1523 2507,1523 2567,1523 2626,1524 2686,1525 2745,1525 2805,1526 2864,1527 2924,1527"/>
                <TextEquiv>
                    <Unicode>tig zu werden verstehe, das kannst du morgen mit ansehen,</Unicode>
                </TextEquiv>
            </TextLine>
            <TextLine id="r1l8" custom="readingOrder {index:7;}">
                <Coords points="2945,1543 3008,1537 3023,1550 3038,1537 3098,1546 3133,1534 3263,1547 3304,1538 3305,1495 2946,1485"/>
                <Baseline points="2957,1528 2982,1528 3008,1528 3034,1529 3060,1530 3085,1531 3111,1532 3137,1533 3163,1534 3188,1534 3214,1534 3240,1534 3266,1533 3292,1531"/>
                <TextEquiv>
                    <Unicode>im Auge behalten</Unicode>
                </TextEquiv>
            </TextLine>
            <TextLine id="r1l9" custom="readingOrder {index:8;}">
                <Coords points="502,1540 1309,1556 1407,1525 1365,1489 503,1488"/>
                <Baseline points="514,1523 558,1524 602,1525 646,1526 690,1527 734,1528 778,1529 822,1530 866,1531 910,1532 954,1533 998,1534 1042,1535 1086,1535 1130,1536 1174,1536 1218,1536 1262,1535 1306,1534 1350,1533 1394,1532"/>
                <TextEquiv>
                    <Unicode>letztenmal jetzt im guten, Everl, komm her!“</Unicode>
                </TextEquiv>
            </TextLine>
            <TextLine id="r1l10" custom="readingOrder {index:9;}">
                <Coords points="1723,1575 2589,1579 2652,1614 2837,1570 2910,1598 2943,1536 1723,1520"/>
                <Baseline points="1734,1559 1793,1563 1853,1566 1913,1568 1973,1571 2032,1572 2092,1573 2152,1574 2212,1575 2271,1575 2331,1575 2391,1575 2451,1575 2510,1575 2570,1574 2630,1574 2690,1573 2749,1573 2809,1573 2869,1573 2929,1573"/>
                <TextEquiv>
                    <Unicode>da ist einer heute ins Ort gekommen, der es mit mir auf¬</Unicode>
                </TextEquiv>
            </TextLine>
            <TextLine id="r1l11" custom="readingOrder {index:10;}">
                <Coords points="2948,1596 3038,1580 3088,1591 3118,1579 3228,1596 3259,1586 3286,1599 3311,1587 3312,1537 3194,1548 3132,1534 3111,1544 2949,1544"/>
                <Baseline points="2961,1575 2987,1576 3013,1576 3039,1577 3065,1578 3091,1579 3117,1580 3143,1581 3169,1581 3195,1581 3221,1581 3247,1581 3273,1580 3300,1578"/>
                <TextEquiv>
                    <Unicode>vor der Tannenl</Unicode>
                </TextEquiv>
            </TextLine>
            <TextLine id="r1l12" custom="readingOrder {index:11;}">
                <Coords points="557,1583 1719,1612 1719,1564 1624,1548 557,1548"/>
                <Baseline points="568,1585 624,1587 681,1588 738,1590 795,1591 852,1592 909,1593 966,1595 1023,1596 1080,1597 1137,1597 1193,1598 1250,1599 1307,1599 1364,1600 1421,1600 1478,1600 1535,1600 1592,1599 1649,1599 1706,1598"/>
                <TextEquiv>
                    <Unicode>Da zeigte sich etwas Weißes im Fenster und ein seines</Unicode>
                </TextEquiv>
            </TextLine>
            <TextLine id="r1l13" custom="readingOrder {index:12;}">
                <Coords points="1723,1613 1770,1632 1805,1633 1838,1616 1875,1625 1893,1608 1915,1628 1946,1619 1996,1630 2014,1613 2044,1607 2045,1577 1839,1568 1822,1576 1797,1567 1724,1575"/>
                <Baseline points="1736,1607 1762,1608 1789,1608 1816,1609 1842,1609 1869,1610 1896,1611 1923,1612 1949,1613 1976,1613 2003,1614 2030,1615"/>
                <TextEquiv>
                    <Unicode>nehmen will.“</Unicode>
                </TextEquiv>
            </TextLine>
            <TextLine id="r1l14" custom="readingOrder {index:13;}">
                <Coords points="2986,1629 3147,1632 3174,1645 3219,1633 3232,1646 3264,1631 3309,1632 3310,1587 3258,1586 3230,1598 3167,1584 3152,1594 3117,1579 3097,1591 2987,1587"/>
                <Baseline points="2999,1627 3026,1625 3053,1625 3080,1625 3107,1625 3134,1627 3161,1627 3188,1628 3215,1629 3242,1629 3269,1629 3297,1627"/>
                <TextEquiv>
                    <Unicode>Der Leutenbe</Unicode>
                </TextEquiv>
            </TextLine>
            <TextLine id="r1l15" custom="readingOrder {index:14;}">
                <Coords points="500,1633 1727,1671 1728,1603 501,1586"/>
                <Baseline points="513,1632 573,1633 633,1635 693,1637 753,1638 813,1640 873,1642 933,1643 993,1644 1053,1646 1113,1647 1173,1648 1233,1648 1293,1649 1353,1649 1413,1650 1473,1650 1533,1649 1593,1649 1653,1648 1714,1647"/>
                <TextEquiv>
                    <Unicode>Stimmchen sagte trotzig: „Was willst du mir denn?“ Was</Unicode>
                </TextEquiv>
            </TextLine>
            <TextLine id="r1l16" custom="readingOrder {index:15;}">
                <Coords points="1788,1675 3306,1701 3307,1634 2934,1644 2822,1597 1789,1623"/>
                <Baseline points="1802,1656 1876,1658 1951,1659 2025,1661 2100,1663 2174,1664 2249,1666 2323,1667 2398,1668 2472,1669 2547,1670 2622,1671 2696,1672 2771,1672 2845,1673 2920,1674 2994,1675 3069,1675 3143,1676 3218,1677 3293,1677"/>
                <TextEquiv>
                    <Unicode>„Gekommen ist einer?“ fragte das Mädchen. „Er ist also für sollst du jetzt</Unicode>
                </TextEquiv>
            </TextLine>
            <TextLine id="r1l17" custom="readingOrder {index:16;}">
                <Coords points="489,1678 536,1714 571,1692 631,1710 709,1691 1017,1716 1127,1703 1128,1650 489,1638"/>
                <Baseline points="501,1681 531,1682 562,1683 592,1684 623,1684 654,1685 684,1686 715,1687 746,1688 776,1688 807,1689 838,1690 868,1690 899,1690 930,1691 960,1691 991,1691 1022,1690 1052,1690 1083,1689 1114,1688"/>
                <TextEquiv>
                    <Unicode>kannst du mir denn wollen?“</Unicode>
                </TextEquiv>
            </TextLine>
            <TextLine id="r1l18" custom="readingOrder {index:17;}">
                <Coords points="1722,1715 2925,1739 2948,1674 1723,1659"/>
                <Baseline points="1734,1703 1794,1706 1854,1708 1914,1710 1974,1712 2034,1713 2094,1713 2154,1714 2214,1714 2274,1715 2334,1715 2394,1715 2454,1714 2514,1714 2574,1714 2634,1715 2694,1715 2754,1715 2814,1716 2874,1718 2934,1719"/>
                <TextEquiv>
                    <Unicode>schon da, — er ist schon da!“ Sie drückte beide Arme vor</Unicode>
                </TextEquiv>
            </TextLine>
            <TextLine id="r1l19" custom="readingOrder {index:18;}">
                <Coords points="2934,1715 2969,1734 3059,1730 3099,1741 3122,1721 3141,1734 3234,1730 3304,1744 3305,1696 3283,1688 3215,1692 3193,1677 3034,1690 2934,1678"/>
                <Baseline points="2947,1720 2973,1721 3000,1721 3026,1722 3053,1723 3079,1723 3106,1724 3132,1725 3159,1725 3185,1725 3212,1726 3238,1725 3265,1725 3292,1725"/>
                <TextEquiv>
                    <Unicode>kriegen,“ sagte er</Unicode>
                </TextEquiv>
            </TextLine>
            <TextLine id="r1l20" custom="readingOrder {index:19;}">
                <Coords points="552,1739 1701,1772 1722,1715 1427,1678 1364,1710 552,1706"/>
                <Baseline points="564,1742 621,1742 678,1743 735,1743 793,1744 850,1745 907,1746 965,1747 1022,1749 1079,1750 1137,1751 1194,1752 1251,1753 1308,1754 1366,1754 1423,1755 1480,1755 1538,1755 1595,1755 1652,1755 1710,1754"/>
                <TextEquiv>
                    <Unicode>Der Leutenberger aber griff mit beiden Armen zu und</Unicode>
                </TextEquiv>
            </TextLine>
            <TextLine id="r1l21" custom="readingOrder {index:20;}">
                <Coords points="1715,1759 1788,1781 1851,1762 1881,1773 1943,1762 2003,1776 2051,1772 2052,1722 2032,1727 1982,1705 1892,1728 1839,1712 1812,1724 1752,1715 1716,1726"/>
                <Baseline points="1729,1758 1754,1755 1780,1754 1806,1753 1832,1753 1857,1753 1883,1755 1909,1756 1935,1757 1960,1758 1986,1760 2012,1761 2038,1762"/>
                <TextEquiv>
                    <Unicode>Freude an sich.</Unicode>
                </TextEquiv>
            </TextLine>
            <TextLine id="r1l22" custom="readingOrder {index:21;}">
                <Coords points="2996,1779 3046,1785 3106,1771 3124,1789 3174,1782 3199,1790 3209,1780 3269,1789 3312,1780 3313,1735 3288,1727 3278,1737 3192,1738 3130,1726 3105,1736 2997,1734"/>
                <Baseline points="3008,1769 3034,1769 3060,1770 3087,1771 3113,1772 3140,1773 3166,1774 3193,1775 3219,1775 3246,1774 3272,1774 3299,1772"/>
                <TextEquiv>
                    <Unicode>Das Mädchen</Unicode>
                </TextEquiv>
            </TextLine>
            <TextLine id="r1l23" custom="readingOrder {index:22;}">
                <Coords points="492,1792 1581,1840 1730,1809 1730,1772 1607,1760 493,1754"/>
                <Baseline points="506,1788 566,1791 627,1792 687,1794 748,1796 809,1797 869,1798 930,1799 990,1800 1051,1801 1112,1801 1172,1802 1233,1802 1293,1802 1354,1803 1415,1803 1475,1803 1536,1804 1596,1804 1657,1805 1718,1805"/>
                <TextEquiv>
                    <Unicode>hob das Weiße, leicht wie eine Feder heraus und setzte es</Unicode>
                </TextEquiv>
            </TextLine>
            <TextLine id="r1l24" custom="readingOrder {index:23;}">
                <Coords points="1792,1820 2396,1845 2772,1814 2844,1850 2934,1834 2935,1763 1793,1777"/>
                <Baseline points="1806,1804 1861,1805 1917,1805 1973,1805 2029,1805 2084,1806 2140,1807 2196,1807 2252,1808 2307,1809 2363,1810 2419,1811 2475,1812 2530,1812 2586,1813 2642,1814 2698,1814 2753,1815 2809,1815 2865,1815 2921,1816"/>
                <TextEquiv>
                    <Unicode>„Wer? Kennst du ihn denn!“ fragte erstaunt der Leuten¬</Unicode>
                </TextEquiv>
            </TextLine>
            <TextLine id="r1l25" custom="readingOrder {index:24;}">
                <Coords points="2949,1829 3194,1828 3237,1839 3295,1825 3295,1785 3130,1790 3108,1772 3040,1783 3000,1767 2950,1776"/>
                <Baseline points="2962,1817 2988,1818 3015,1819 3042,1820 3069,1821 3095,1821 3122,1822 3149,1822 3176,1823 3202,1823 3229,1823 3256,1823 3283,1822"/>
                <TextEquiv>
                    <Unicode>kahle Mauer des</Unicode>
                </TextEquiv>
            </TextLine>
            <TextLine id="r1l26" custom="readingOrder {index:25;}">
                <Coords points="496,1838 571,1862 636,1847 694,1863 974,1863 1032,1831 1033,1808 497,1798"/>
                <Baseline points="508,1837 533,1838 559,1839 584,1839 610,1840 636,1840 661,1841 687,1841 712,1841 738,1841 764,1841 789,1841 815,1841 840,1842 866,1842 892,1842 917,1842 943,1842 968,1843 994,1843 1020,1844"/>
                <TextEquiv>
                    <Unicode>neben sich auf die Bank.</Unicode>
                </TextEquiv>
            </TextLine>
            <TextLine id="r1l27" custom="readingOrder {index:26;}">
                <Coords points="1725,1870 1758,1870 1776,1858 1803,1876 1831,1862 1861,1867 1878,1850 1901,1848 1902,1813 1884,1813 1866,1822 1849,1817 1841,1822 1821,1814 1794,1824 1767,1800 1754,1808 1726,1810"/>
                <Baseline points="1738,1851 1763,1850 1788,1850 1813,1851 1838,1852 1863,1852 1888,1853"/>
                <TextEquiv>
                    <Unicode>berger.</Unicode>
                </TextEquiv>
            </TextLine>
            <TextLine id="r1l28" custom="readingOrder {index:27;}">
                <Coords points="2938,1896 2991,1899 3037,1873 3091,1889 3132,1875 3217,1884 3237,1872 3257,1887 3304,1891 3306,1828 3240,1837 3208,1818 3163,1835 2940,1828"/>
                <Baseline points="2952,1864 2978,1865 3004,1866 3030,1867 3056,1867 3082,1868 3108,1868 3134,1869 3160,1869 3186,1870 3212,1870 3238,1870 3264,1871 3291,1872"/>
                <TextEquiv>
                    <Unicode>und gefalteten H#</Unicode>
                </TextEquiv>
            </TextLine>
            <TextLine id="r1l29" custom="readingOrder {index:28;}">
                <Coords points="563,1909 1680,1929 1720,1915 1721,1860 564,1861"/>
                <Baseline points="576,1898 632,1899 689,1901 745,1902 802,1904 859,1905 915,1906 972,1907 1028,1908 1085,1910 1142,1910 1198,1911 1255,1912 1311,1912 1368,1912 1425,1913 1481,1913 1538,1913 1594,1913 1651,1913 1708,1912"/>
                <TextEquiv>
                    <Unicode>Florian sah mit Erstaunen ein Kind, ein völliges Kind</Unicode>
                </TextEquiv>
            </TextLine>
            <TextLine id="r1l30" custom="readingOrder {index:29;}">
                <Coords points="1785,1914 2949,1938 2950,1870 2517,1839 1785,1867"/>
                <Baseline points="1798,1902 1857,1904 1917,1905 1977,1906 2037,1907 2097,1908 2157,1909 2217,1909 2277,1910 2337,1910 2397,1910 2457,1911 2517,1911 2577,1911 2637,1911 2697,1911 2757,1911 2817,1912 2877,1912 2937,1912"/>
                <TextEquiv>
                    <Unicode>„Seit du mich nicht in Ruhe läßt,“ sagte das Kind mit</Unicode>
                </TextEquiv>
            </TextLine>
            <TextLine id="r1l31" custom="readingOrder {index:30;}">
                <Coords points="2989,1925 3056,1935 3089,1923 3142,1934 3162,1925 3192,1943 3219,1929 3302,1946 3303,1891 3281,1880 3256,1887 3236,1872 3200,1888 3181,1875 3173,1883 3118,1876 3085,1888 3040,1874 2990,1875"/>
                <Baseline points="3002,1915 3028,1915 3054,1916 3080,1916 3107,1917 3133,1918 3159,1920 3185,1921 3212,1921 3238,1921 3264,1921 3291,1920"/>
                <TextEquiv>
                    <Unicode>Der Kampf w</Unicode>
                </TextEquiv>
            </TextLine>
            <TextLine id="r1l32" custom="readingOrder {index:31;}">
                <Coords points="482,1943 1707,1965 1707,1920 482,1897"/>
                <Baseline points="495,1945 555,1946 615,1948 675,1949 735,1950 795,1951 855,1953 915,1953 975,1955 1035,1955 1095,1956 1155,1957 1215,1958 1275,1958 1335,1959 1395,1959 1455,1959 1515,1960 1575,1960 1635,1959 1695,1959"/>
                <TextEquiv>
                    <Unicode>vor sich, ein Mädchen von etwa dreizehn Jahren, mit ver¬</Unicode>
                </TextEquiv>
            </TextLine>
            <TextLine id="r1l33" custom="readingOrder {index:32;}">
                <Coords points="1725,1965 2835,1979 2935,1970 2936,1927 1726,1910"/>
                <Baseline points="1738,1951 1797,1951 1856,1952 1915,1953 1975,1953 2034,1954 2093,1955 2152,1956 2212,1957 2271,1958 2330,1959 2389,1960 2449,1961 2508,1961 2567,1962 2626,1962 2686,1962 2745,1962 2804,1961 2863,1961 2923,1960"/>
                <TextEquiv>
                    <Unicode>scharfer Stimme, „habe ich tagtäglich zu Gott gebetet, er</Unicode>
                </TextEquiv>
            </TextLine>
            <TextLine id="r1l34" custom="readingOrder {index:33;}">
                <Coords points="2948,1973 3020,1979 3088,1968 3173,1990 3208,1975 3309,1980 3309,1932 3157,1924 3141,1937 3089,1923 3059,1933 2949,1913"/>
                <Baseline points="2961,1964 2986,1964 3012,1965 3038,1966 3064,1967 3089,1969 3115,1969 3141,1970 3167,1971 3192,1971 3218,1971 3244,1970 3270,1969 3296,1966"/>
                <TextEquiv>
                    <Unicode>wurde auch ohne</Unicode>
                </TextEquiv>
            </TextLine>
            <TextLine id="r1l35" custom="readingOrder {index:34;}">
                <Coords points="488,2003 1686,2028 1719,1978 489,1960"/>
                <Baseline points="502,1993 562,1995 622,1997 682,1999 742,2000 803,2002 863,2003 923,2004 983,2006 1043,2007 1104,2008 1164,2008 1224,2009 1284,2010 1344,2010 1405,2010 1465,2010 1525,2009 1585,2009 1645,2008 1706,2007"/>
                <TextEquiv>
                    <Unicode>weinten Augen, barfuß, im Hemd und Unterröckchen. Es war</Unicode>
                </TextEquiv>
            </TextLine>
            <TextLine id="r1l36" custom="readingOrder {index:35;}">
                <Coords points="1722,2008 2939,2030 2940,1970 1722,1963"/>
                <Baseline points="1734,1999 1793,2000 1853,2002 1912,2003 1972,2004 2032,2005 2091,2006 2151,2007 2210,2007 2270,2008 2330,2009 2389,2009 2449,2010 2508,2010 2568,2010 2628,2010 2687,2011 2747,2011 2806,2011 2866,2011 2926,2011"/>
                <TextEquiv>
                    <Unicode>möchte einen starken Engel vom Himmel schicken, der dich</Unicode>
                </TextEquiv>
            </TextLine>
            <TextLine id="r1l37" custom="readingOrder {index:36;}">
                <Coords points="2948,2019 3023,2021 3046,2034 3099,2022 3148,2034 3266,2026 3309,2045 3310,1975 3240,1986 3210,1975 3174,1992 3147,1978 3092,1980 3080,1967 3067,1977 2949,1971"/>
                <Baseline points="2962,2011 2987,2013 3013,2014 3039,2016 3064,2017 3090,2018 3116,2020 3141,2021 3167,2021 3193,2021 3218,2021 3244,2020 3270,2019 3296,2016"/>
                <TextEquiv>
                    <Unicode>Erbitterung hielte</Unicode>
                </TextEquiv>
            </TextLine>
            <TextLine id="r1l38" custom="readingOrder {index:37;}">
                <Coords points="493,2049 1707,2073 1708,2020 493,2004"/>
                <Baseline points="506,2045 565,2045 624,2046 684,2047 743,2047 803,2049 862,2050 921,2051 981,2053 1040,2054 1100,2056 1159,2057 1218,2058 1278,2059 1337,2060 1397,2060 1456,2060 1515,2060 1575,2060 1634,2059 1694,2057"/>
                <TextEquiv>
                    <Unicode>allerdings ein hübsches Kind mit reichen blonden Flechten um</Unicode>
                </TextEquiv>
            </TextLine>
            <TextLine id="r1l39" custom="readingOrder {index:38;}">
                <Coords points="1726,2057 2646,2060 2856,2096 2936,2074 2937,2029 1727,2007"/>
                <Baseline points="1739,2046 1798,2046 1857,2047 1916,2047 1975,2048 2035,2049 2094,2050 2153,2052 2212,2053 2271,2054 2331,2056 2390,2057 2449,2058 2508,2059 2567,2060 2627,2060 2686,2060 2745,2060 2804,2060 2863,2059 2923,2058"/>
                <TextEquiv>
                    <Unicode>klein,“ — die schwachen Fäuste ballten sich, — „ganz klein</Unicode>
                </TextEquiv>
            </TextLine>
            <TextLine id="r1l40" custom="readingOrder {index:39;}">
                <Coords points="2940,2075 3015,2071 3035,2082 3055,2072 3090,2085 3140,2073 3165,2093 3195,2071 3255,2082 3301,2072 3301,2027 3281,2024 3231,2036 3201,2023 3181,2036 3123,2022 3061,2034 2940,2025"/>
                <Baseline points="2953,2063 2978,2064 3004,2065 3030,2066 3055,2067 3081,2067 3107,2069 3132,2069 3158,2069 3184,2069 3209,2069 3235,2068 3261,2067 3287,2065"/>
                <TextEquiv>
                    <Unicode>Wage, aber das</Unicode>
                </TextEquiv>
            </TextLine>
            <TextLine id="r1l41" custom="readingOrder {index:40;}">
                <Coords points="1727,2115 1930,2121 1960,2106 2007,2124 2040,2105 2078,2126 2130,2109 2223,2131 2263,2104 2308,2107 2309,2065 1958,2071 1856,2044 1826,2061 1728,2057"/>
                <Baseline points="1740,2094 1767,2094 1795,2093 1823,2094 1851,2094 1879,2094 1906,2095 1934,2096 1962,2096 1990,2097 2018,2098 2045,2099 2073,2100 2101,2101 2129,2101 2157,2101 2184,2102 2212,2101 2240,2101 2268,2100 2296,2099"/>
                <TextEquiv>
                    <Unicode>macht! Und der ist nun da!“</Unicode>
                </TextEquiv>
            </TextLine>
            <TextLine id="r1l42" custom="readingOrder {index:41;}">
                <Coords points="483,2107 818,2088 1539,2137 1610,2102 1692,2136 1718,2071 483,2050"/>
                <Baseline points="495,2095 555,2095 616,2096 676,2097 737,2098 797,2099 858,2100 918,2100 979,2101 1039,2103 1100,2103 1161,2104 1221,2105 1282,2106 1342,2106 1403,2107 1463,2107 1524,2107 1584,2107 1645,2106 1706,2105"/>
                <TextEquiv>
                    <Unicode>das milchweiße Gesichtchen, in welchem, seltenerweise, tief¬</Unicode>
                </TextEquiv>
            </TextLine>
            <TextLine id="r1l43" custom="readingOrder {index:42;}">
                <Coords points="2938,2116 3006,2131 3086,2115 3118,2128 3266,2117 3301,2129 3301,2079 3198,2070 3161,2097 3126,2072 3096,2088 3056,2073 2938,2078"/>
                <Baseline points="2950,2115 2976,2117 3002,2118 3028,2118 3054,2119 3080,2119 3106,2119 3133,2118 3159,2118 3185,2117 3211,2117 3237,2116 3263,2116 3290,2116"/>
                <TextEquiv>
                    <Unicode>wehrte ab, und n</Unicode>
                </TextEquiv>
            </TextLine>
            <TextLine id="r1l44" custom="readingOrder {index:43;}">
                <Coords points="492,2148 559,2173 594,2151 647,2164 685,2146 880,2173 1058,2144 1058,2109 1023,2106 492,2105"/>
                <Baseline points="505,2140 532,2141 559,2141 586,2142 613,2143 640,2143 667,2144 694,2144 721,2145 748,2145 775,2145 802,2146 829,2146 856,2146 883,2146 910,2146 937,2145 964,2145 991,2144 1018,2143 1046,2143"/>
                <TextEquiv>
                    <Unicode>schwarze Augen brannten.</Unicode>
                </TextEquiv>
            </TextLine>
            <TextLine id="r1l45" custom="readingOrder {index:44;}">
                <Coords points="1769,2170 2937,2183 2937,2115 1770,2120"/>
                <Baseline points="1782,2157 1839,2158 1896,2159 1953,2160 2010,2160 2067,2161 2124,2162 2181,2163 2238,2164 2295,2164 2352,2165 2409,2166 2466,2166 2523,2167 2580,2167 2637,2167 2694,2167 2751,2167 2808,2167 2865,2166 2923,2166"/>
                <TextEquiv>
                    <Unicode>„Run, ein Engel ist es just nicht,“ lachte Urban, „es ist</Unicode>
                </TextEquiv>
            </TextLine>
            <TextLine id="r1l46" custom="readingOrder {index:45;}">
                <Coords points="2944,2177 2987,2167 3030,2187 3055,2167 3105,2184 3182,2162 3215,2184 3265,2169 3313,2177 3312,2132 3260,2117 3175,2132 3090,2114 3017,2129 2944,2120"/>
                <Baseline points="2957,2163 2983,2164 3009,2165 3036,2166 3062,2166 3088,2166 3115,2166 3141,2166 3168,2166 3194,2165 3220,2165 3247,2164 3273,2164 3300,2164"/>
                <TextEquiv>
                    <Unicode>warf seinen Wide</Unicode>
                </TextEquiv>
            </TextLine>
            <TextLine id="r1l47" custom="readingOrder {index:46;}">
                <Coords points="552,2204 1707,2222 1708,2160 1483,2140 553,2156"/>
                <Baseline points="566,2198 622,2200 678,2201 735,2203 791,2204 848,2205 904,2206 961,2208 1017,2209 1074,2209 1130,2210 1186,2211 1243,2212 1299,2212 1356,2213 1412,2213 1469,2213 1525,2212 1582,2212 1638,2211 1695,2210"/>
                <TextEquiv>
                    <Unicode>„Steh Gott mir armem Weibe bei, daß ich nicht irr werd'</Unicode>
                </TextEquiv>
            </TextLine>
            <TextLine id="r1l48" custom="readingOrder {index:47;}">
                <Coords points="2943,2224 3033,2213 3086,2223 3106,2211 3141,2229 3166,2219 3246,2232 3314,2225 3314,2178 3289,2170 3214,2184 3181,2162 3106,2181 3054,2165 3041,2175 2943,2174"/>
                <Baseline points="2955,2211 2981,2211 3008,2211 3035,2211 3061,2212 3088,2212 3115,2213 3141,2213 3168,2214 3195,2214 3221,2214 3248,2214 3275,2213 3302,2212"/>
                <TextEquiv>
                    <Unicode>wie ein wildes T#</Unicode>
                </TextEquiv>
            </TextLine>
            <TextLine id="r1l49" custom="readingOrder {index:48;}">
                <Coords points="1720,2216 2933,2230 2933,2185 2878,2171 1721,2158"/>
                <Baseline points="1732,2203 1791,2205 1850,2207 1910,2209 1969,2210 2029,2212 2088,2212 2148,2213 2207,2214 2267,2214 2326,2215 2385,2215 2445,2216 2504,2216 2564,2216 2623,2216 2683,2216 2742,2216 2802,2216 2861,2216 2921,2217"/>
                <TextEquiv>
                    <Unicode>nur ein Müllerssohn von Langendorf, und was das Klein¬</Unicode>
                </TextEquiv>
            </TextLine>
            <TextLine id="r1l50" custom="readingOrder {index:49;}">
                <Coords points="492,2252 1712,2266 1712,2230 1652,2220 492,2210"/>
                <Baseline points="504,2249 563,2249 623,2250 683,2250 743,2251 802,2252 862,2252 922,2253 982,2253 1041,2254 1101,2255 1161,2256 1221,2256 1280,2257 1340,2258 1400,2258 1460,2259 1519,2260 1579,2260 1639,2260 1699,2261"/>
                <TextEquiv>
                    <Unicode>in ihm!“ rief mit bebenden Mundwinkeln das alte Mütter¬</Unicode>
                </TextEquiv>
            </TextLine>
            <TextLine id="r1l51" custom="readingOrder {index:50;}">
                <Coords points="1724,2281 2105,2259 2459,2269 2516,2303 2717,2273 2715,2210 1725,2218"/>
                <Baseline points="1738,2251 1786,2251 1834,2252 1882,2254 1931,2254 1979,2256 2027,2257 2076,2259 2124,2260 2172,2261 2221,2262 2269,2263 2317,2264 2365,2265 2414,2265 2462,2265 2510,2265 2559,2265 2607,2264 2655,2262 2704,2260"/>
                <TextEquiv>
                    <Unicode>machen anlangt, so denk' wohl ich das zu treffen.“</Unicode>
                </TextEquiv>
            </TextLine>
            <TextLine id="r1l52" custom="readingOrder {index:51;}">
                <Coords points="2929,2252 2956,2267 3034,2265 3044,2275 3162,2269 3187,2281 3239,2267 3257,2279 3299,2272 3300,2230 3245,2234 3180,2219 3144,2231 3029,2208 2997,2222 2929,2214"/>
                <Baseline points="2941,2261 2967,2260 2994,2260 3021,2260 3047,2260 3074,2261 3101,2262 3127,2262 3154,2263 3181,2263 3207,2263 3234,2262 3261,2262 3288,2260"/>
                <TextEquiv>
                    <Unicode>und schlug ihn, we</Unicode>
                </TextEquiv>
            </TextLine>
            <TextLine id="r1l53" custom="readingOrder {index:52;}">
                <Coords points="493,2308 1637,2333 1720,2322 1721,2264 493,2255"/>
                <Baseline points="505,2298 565,2299 625,2300 685,2301 745,2302 805,2303 865,2304 926,2305 986,2306 1046,2307 1106,2308 1166,2308 1226,2309 1286,2310 1347,2310 1407,2310 1467,2311 1527,2311 1587,2311 1647,2310 1708,2310"/>
                <TextEquiv>
                    <Unicode>chen. „Ein Enkelkind haft du mir blutrünstig geschlagen,</Unicode>
                </TextEquiv>
            </TextLine>
            <TextLine id="r1l54" custom="readingOrder {index:53;}">
                <Coords points="2951,2343 2974,2341 3019,2308 3072,2326 3114,2312 3310,2330 3310,2270 3105,2279 3085,2266 3034,2266 3014,2278 2952,2265"/>
                <Baseline points="2964,2312 2989,2310 3015,2309 3040,2309 3066,2310 3092,2311 3117,2312 3143,2313 3168,2314 3194,2314 3220,2314 3245,2312 3271,2310 3297,2307"/>
                <TextEquiv>
                    <Unicode>ihn aufs neue zu t#</Unicode>
                </TextEquiv>
            </TextLine>
            <TextLine id="r1l55" custom="readingOrder {index:54;}">
                <Coords points="1781,2321 2410,2344 2545,2327 2546,2292 2346,2268 1782,2276"/>
                <Baseline points="1794,2312 1830,2312 1867,2312 1904,2312 1941,2313 1978,2314 2015,2314 2052,2315 2089,2316 2126,2317 2163,2318 2199,2318 2236,2319 2273,2320 2310,2321 2347,2321 2384,2322 2421,2322 2458,2322 2495,2322 2532,2322"/>
                <TextEquiv>
                    <Unicode>„O nein!“ schrie heftig das Mädchen.</Unicode>
                </TextEquiv>
            </TextLine>
            <TextLine id="r1l56" custom="readingOrder {index:55;}">
                <Coords points="490,2356 1723,2372 1723,2317 491,2314"/>
                <Baseline points="502,2347 562,2348 622,2350 683,2352 743,2353 804,2354 864,2355 924,2356 985,2357 1045,2358 1106,2359 1166,2360 1226,2360 1287,2361 1347,2361 1408,2362 1468,2362 1528,2362 1589,2363 1649,2363 1710,2363"/>
                <TextEquiv>
                    <Unicode>willst du mir jetzt das andere gar zugrunde richten?! O, du</Unicode>
                </TextEquiv>
            </TextLine>
            <TextLine id="r1l57" custom="readingOrder {index:56;}">
                <Coords points="2971,2374 2999,2361 3024,2374 3089,2364 3109,2380 3124,2367 3305,2371 3305,2321 3115,2312 3105,2322 3050,2322 3020,2309 2972,2319"/>
                <Baseline points="2983,2357 3008,2357 3034,2357 3060,2358 3085,2359 3111,2359 3137,2359 3162,2360 3188,2360 3214,2360 3239,2359 3265,2359 3291,2357"/>
                <TextEquiv>
                    <Unicode>Das Mädchen</Unicode>
                </TextEquiv>
            </TextLine>
            <TextLine id="r1l58" custom="readingOrder {index:57;}">
                <Coords points="1780,2386 2261,2372 2764,2423 2937,2398 2938,2348 2077,2323 1781,2351"/>
                <Baseline points="1794,2370 1850,2371 1907,2372 1963,2373 2020,2374 2077,2376 2133,2377 2190,2379 2246,2380 2303,2381 2360,2383 2416,2384 2473,2385 2529,2386 2586,2387 2643,2387 2699,2387 2756,2388 2812,2387 2869,2387 2926,2386"/>
                <TextEquiv>
                    <Unicode>„O ja. Hinlegen will ich ihn dir, daß du selbst deine</Unicode>
                </TextEquiv>
            </TextLine>
            <TextLine id="r1l59" custom="readingOrder {index:58;}">
                <Coords points="493,2409 1612,2431 1710,2414 1711,2369 493,2354"/>
                <Baseline points="505,2398 564,2398 624,2399 683,2399 743,2400 803,2400 862,2401 922,2402 981,2403 1041,2404 1101,2405 1160,2406 1220,2406 1279,2407 1339,2408 1399,2409 1458,2410 1518,2410 1577,2411 1637,2411 1697,2411"/>
                <TextEquiv>
                    <Unicode>elender Leutschinder und Kinderverderber, daß du doch die</Unicode>
                </TextEquiv>
            </TextLine>
            <TextLine id="r1l60" custom="readingOrder {index:59;}">
                <Coords points="2946,2413 3036,2412 3081,2431 3096,2421 3131,2434 3156,2422 3171,2433 3191,2423 3309,2436 3310,2368 3120,2371 3108,2358 3075,2370 2947,2367"/>
                <Baseline points="2958,2405 2984,2405 3010,2405 3036,2407 3062,2407 3088,2408 3114,2409 3140,2410 3166,2411 3192,2411 3218,2412 3244,2411 3270,2411 3296,2409"/>
                <TextEquiv>
                    <Unicode>weinend und schre</Unicode>
                </TextEquiv>
            </TextLine>
            <TextLine id="r1l61" custom="readingOrder {index:60;}">
                <Coords points="1719,2431 2082,2439 2132,2425 2217,2446 2288,2423 2288,2385 2263,2375 1995,2390 1848,2375 1805,2390 1720,2368"/>
                <Baseline points="1732,2420 1759,2419 1786,2419 1813,2419 1840,2419 1867,2419 1894,2420 1921,2420 1948,2422 1975,2422 2003,2423 2030,2424 2057,2425 2084,2425 2111,2426 2138,2426 2165,2426 2192,2426 2219,2426 2246,2425 2274,2423"/>
                <TextEquiv>
                    <Unicode>Freude daran haben wirst.“</Unicode>
                </TextEquiv>
            </TextLine>
            <TextLine id="r1l62" custom="readingOrder {index:61;}">
                <Coords points="493,2455 585,2476 651,2451 893,2476 941,2456 1001,2480 1044,2457 1214,2477 1297,2445 1272,2409 493,2407"/>
                <Baseline points="505,2444 546,2445 587,2445 628,2446 669,2447 710,2448 751,2448 792,2449 833,2450 874,2450 915,2451 956,2451 997,2451 1038,2452 1079,2452 1120,2452 1161,2451 1202,2451 1243,2451 1284,2450"/>
                <TextEquiv>
                    <Unicode>nächste Sonn' nimmer sehen möchtest!“</Unicode>
                </TextEquiv>
            </TextLine>
            <TextLine id="r1l63" custom="readingOrder {index:62;}">
                <Coords points="2935,2484 2955,2486 2983,2469 3005,2472 3015,2462 3065,2470 3103,2460 3103,2422 3091,2422 3078,2432 3053,2417 3038,2422 3031,2414 3023,2419 3006,2412 2991,2417 2960,2411 2935,2416"/>
                <Baseline points="2948,2452 2976,2452 3004,2453 3033,2454 3061,2453 3090,2452"/>
                <TextEquiv>
                    <Unicode>delten.</Unicode>
                </TextEquiv>
            </TextLine>
            <TextLine id="r1l64" custom="readingOrder {index:63;}">
                <Coords points="1776,2473 2933,2501 2934,2426 2887,2420 1777,2431"/>
                <Baseline points="1790,2466 1846,2468 1903,2470 1959,2472 2016,2474 2072,2475 2129,2476 2185,2478 2242,2479 2298,2480 2355,2480 2411,2481 2468,2481 2524,2482 2581,2482 2637,2482 2694,2482 2750,2482 2807,2482 2863,2482 2920,2482"/>
                <TextEquiv>
                    <Unicode>„Hinlegen, du ihn?“ kreischte außer sich die Kleine auf.</Unicode>
                </TextEquiv>
            </TextLine>
            <TextLine id="r1l65" custom="readingOrder {index:64;}">
                <Coords points="2989,2511 3011,2511 3024,2524 3086,2511 3104,2519 3147,2511 3199,2526 3234,2511 3274,2523 3297,2518 3297,2456 3264,2453 3242,2431 3149,2441 3106,2466 3016,2461 2989,2471"/>
                <Baseline points="3002,2507 3027,2505 3053,2504 3078,2504 3104,2504 3130,2504 3155,2505 3181,2506 3207,2506 3232,2505 3258,2504 3284,2502"/>
                <TextEquiv>
                    <Unicode>Florian schrie</Unicode>
                </TextEquiv>
            </TextLine>
            <TextLine id="r1l66" custom="readingOrder {index:65;}">
                <Coords points="556,2523 1666,2530 1706,2523 1707,2475 557,2467"/>
                <Baseline points="568,2506 624,2506 680,2506 736,2506 793,2506 849,2506 905,2507 961,2507 1018,2507 1074,2508 1130,2508 1186,2509 1243,2509 1299,2510 1355,2510 1411,2511 1468,2512 1524,2513 1580,2514 1636,2515 1693,2516"/>
                <TextEquiv>
                    <Unicode>„Schimpf dich nur aus, Alte,“ lachte Urban, „später reden</Unicode>
                </TextEquiv>
            </TextLine>
            <TextLine id="r1l67" custom="readingOrder {index:66;}">
                <Coords points="1712,2526 2844,2552 2926,2540 2927,2493 1712,2476"/>
                <Baseline points="1724,2517 1783,2518 1843,2519 1902,2520 1962,2521 2021,2522 2081,2523 2140,2524 2200,2524 2259,2525 2319,2525 2379,2526 2438,2527 2498,2527 2557,2528 2617,2529 2676,2530 2736,2531 2795,2532 2855,2534 2915,2536"/>
                <TextEquiv>
                    <Unicode>„Sieh, so und so wird er es dir machen!“ sie schlug den Leu¬</Unicode>
                </TextEquiv>
            </TextLine>
            <TextLine id="r1l68" custom="readingOrder {index:67;}">
                <Coords points="2931,2553 3001,2570 3077,2557 3172,2569 3195,2552 3219,2570 3309,2567 3311,2520 3015,2515 2970,2509 2955,2493 2933,2498"/>
                <Baseline points="2943,2550 2968,2551 2993,2551 3018,2553 3043,2553 3069,2554 3094,2555 3119,2556 3144,2556 3169,2557 3195,2558 3220,2558 3245,2558 3270,2558 3296,2557"/>
                <TextEquiv>
                    <Unicode>auf, er wäre ohn</Unicode>
                </TextEquiv>
            </TextLine>
            <TextLine id="r1l69" custom="readingOrder {index:68;}">
                <Coords points="498,2555 1632,2582 1707,2571 1708,2534 498,2500"/>
                <Baseline points="509,2552 568,2552 627,2552 686,2552 746,2553 805,2554 864,2554 924,2555 983,2557 1042,2558 1102,2559 1161,2560 1220,2561 1279,2563 1339,2563 1398,2564 1457,2565 1517,2566 1576,2566 1635,2566 1695,2566"/>
                <TextEquiv>
                    <Unicode>wir uns dann leichter.“ Er wandte sich zu dem Kinde. „Was</Unicode>
                </TextEquiv>
            </TextLine>
            <TextLine id="r1l70" custom="readingOrder {index:69;}">
                <Coords points="1717,2573 2396,2611 2797,2584 2902,2616 2931,2536 1718,2526"/>
                <Baseline points="1730,2563 1789,2563 1848,2564 1908,2565 1967,2566 2027,2567 2086,2569 2145,2570 2205,2572 2264,2574 2324,2575 2383,2577 2442,2578 2502,2579 2561,2580 2621,2581 2680,2581 2739,2582 2799,2582 2858,2581 2918,2580"/>
                <TextEquiv>
                    <Unicode>tenberger rasch ein paarmal mit den geballten Fäusten in das</Unicode>
                </TextEquiv>
            </TextLine>
            <TextLine id="r1l71" custom="readingOrder {index:70;}">
                <Coords points="2930,2604 2998,2615 3108,2609 3133,2620 3186,2600 3226,2616 3299,2617 3299,2562 3222,2573 3199,2553 3172,2570 3077,2556 2994,2567 2931,2554"/>
                <Baseline points="2944,2599 2970,2600 2996,2600 3022,2601 3048,2601 3075,2602 3101,2602 3127,2603 3153,2603 3180,2604 3206,2604 3232,2604 3258,2604 3285,2604"/>
                <TextEquiv>
                    <Unicode>ein Gedanke bei</Unicode>
                </TextEquiv>
            </TextLine>
            <TextLine id="r1l72" custom="readingOrder {index:71;}">
                <Coords points="490,2603 1707,2627 1687,2572 490,2561"/>
                <Baseline points="503,2601 562,2601 622,2602 681,2602 741,2603 801,2604 860,2605 920,2605 979,2606 1039,2607 1099,2607 1158,2608 1218,2609 1277,2609 1337,2610 1397,2611 1456,2611 1516,2612 1575,2612 1635,2613 1695,2614"/>
                <TextEquiv>
                    <Unicode>ich dir will, meinst du? Was werd' ich wollen? Dich herzen,</Unicode>
                </TextEquiv>
            </TextLine>
            <TextLine id="r1l73" custom="readingOrder {index:72;}">
                <Coords points="1722,2633 1745,2634 1758,2627 1787,2637 1808,2625 1818,2630 1838,2623 1890,2624 1891,2589 1874,2586 1868,2591 1851,2578 1834,2573 1811,2577 1804,2570 1773,2579 1756,2571 1723,2573"/>
                <Baseline points="1735,2612 1763,2611 1791,2612 1820,2612 1848,2613 1877,2614"/>
                <TextEquiv>
                    <Unicode>Gesicht.</Unicode>
                </TextEquiv>
            </TextLine>
            <TextLine id="r1l74" custom="readingOrder {index:73;}">
                <Coords points="2934,2668 2972,2659 2999,2670 3050,2654 3062,2667 3090,2657 3107,2668 3120,2655 3177,2654 3295,2670 3312,2665 3314,2618 3263,2622 3179,2604 3086,2620 3026,2605 2998,2617 2936,2606"/>
                <Baseline points="2948,2645 2973,2646 2998,2647 3023,2648 3048,2649 3073,2650 3098,2651 3123,2652 3148,2652 3173,2653 3198,2654 3223,2654 3248,2654 3273,2653 3299,2652"/>
                <TextEquiv>
                    <Unicode>begabt, der Gedan</Unicode>
                </TextEquiv>
            </TextLine>
            <TextLine id="r1l75" custom="readingOrder {index:74;}">
                <Coords points="489,2665 1196,2678 1197,2620 1137,2612 490,2610"/>
                <Baseline points="501,2647 535,2648 569,2648 603,2649 637,2649 671,2650 705,2650 740,2651 774,2652 808,2653 842,2653 876,2654 910,2655 944,2655 979,2656 1013,2656 1047,2657 1081,2658 1115,2658 1149,2659 1184,2659"/>
                <TextEquiv>
                    <Unicode>weil du mein kleiner Schatz bist.“</Unicode>
                </TextEquiv>
            </TextLine>
            <TextLine id="r1l76" custom="readingOrder {index:75;}">
                <Coords points="1767,2668 2909,2695 2942,2693 2942,2602 2784,2638 2219,2595 1767,2631"/>
                <Baseline points="1780,2663 1837,2665 1895,2666 1952,2667 2010,2668 2067,2669 2125,2669 2182,2670 2240,2670 2297,2670 2355,2670 2412,2670 2470,2670 2527,2671 2585,2671 2642,2672 2700,2673 2757,2674 2815,2676 2872,2678 2930,2680"/>
                <TextEquiv>
                    <Unicode>„Ho.“ rief der, „so gefällst du mir, komm mit!“ Er schlug</Unicode>
                </TextEquiv>
            </TextLine>
            <TextLine id="r1l77" custom="readingOrder {index:76;}">
                <Coords points="2976,2704 3001,2697 3055,2723 3093,2706 3178,2717 3226,2705 3283,2726 3316,2722 3317,2664 3119,2656 3106,2666 3087,2655 3066,2665 3052,2655 2976,2664"/>
                <Baseline points="2989,2698 3015,2697 3041,2696 3067,2697 3093,2697 3119,2698 3146,2699 3172,2700 3198,2701 3224,2701 3250,2701 3276,2701 3303,2699"/>
                <TextEquiv>
                    <Unicode>Dort hinter de</Unicode>
                </TextEquiv>
            </TextLine>
            <TextLine id="r1l78" custom="readingOrder {index:77;}">
                <Coords points="561,2725 819,2721 864,2746 995,2719 1225,2725 1225,2675 1078,2662 995,2679 561,2670"/>
                <Baseline points="573,2712 606,2711 640,2711 673,2711 707,2711 741,2711 774,2711 808,2711 842,2711 875,2712 909,2712 942,2712 976,2713 1010,2713 1043,2713 1077,2713 1111,2713 1144,2713 1178,2712 1212,2712"/>
                <TextEquiv>
                    <Unicode>„Ich will dein Schatz nicht sein.“</Unicode>
                </TextEquiv>
            </TextLine>
            <TextLine id="r1l79" custom="readingOrder {index:78;}">
                <Coords points="1708,2722 2928,2735 2929,2689 2871,2683 1710,2652"/>
                <Baseline points="1722,2710 1781,2710 1841,2710 1901,2711 1960,2712 2020,2713 2080,2714 2139,2715 2199,2717 2259,2718 2319,2720 2378,2721 2438,2722 2498,2724 2557,2725 2617,2725 2677,2726 2736,2726 2796,2726 2856,2725 2916,2724"/>
                <TextEquiv>
                    <Unicode>das Röckchen dem Mädchen über die Füße, preßte dessen Arme</Unicode>
                </TextEquiv>
            </TextLine>
            <TextLine id="r1l80" custom="readingOrder {index:79;}">
                <Coords points="2985,2756 3008,2763 3066,2751 3088,2764 3118,2754 3161,2762 3176,2750 3236,2768 3274,2753 3306,2761 3306,2711 3249,2703 3236,2713 3141,2707 3126,2717 3091,2706 3056,2721 2986,2698"/>
                <Baseline points="2997,2746 3024,2748 3051,2749 3078,2750 3105,2751 3132,2752 3159,2752 3186,2752 3213,2751 3240,2751 3267,2750 3294,2748"/>
                <TextEquiv>
                    <Unicode>da hinab über</Unicode>
                </TextEquiv>
            </TextLine>
            <TextLine id="r1l81" custom="readingOrder {index:80;}">
                <Coords points="1718,2784 2109,2766 2557,2808 2665,2772 2665,2732 1719,2722"/>
                <Baseline points="1730,2755 1776,2757 1822,2759 1868,2760 1914,2761 1960,2763 2006,2764 2052,2765 2098,2766 2144,2766 2191,2767 2237,2768 2283,2769 2329,2769 2375,2770 2421,2770 2467,2770 2513,2771 2559,2771 2605,2771 2652,2771"/>
                <TextEquiv>
                    <Unicode>an sich und trug es wie ein Wickelkind hinweg.</Unicode>
                </TextEquiv>
            </TextLine>
            <TextLine id="r1l82" custom="readingOrder {index:81;}">
                <Coords points="553,2787 1627,2798 1707,2786 1708,2739 553,2730"/>
                <Baseline points="565,2768 621,2768 678,2768 734,2768 791,2768 847,2769 904,2770 960,2771 1017,2773 1073,2774 1130,2775 1186,2776 1243,2777 1299,2778 1356,2778 1412,2779 1469,2779 1525,2779 1582,2778 1638,2777 1695,2776"/>
                <TextEquiv>
                    <Unicode>„Oho, warum gerade du nicht? Da sitzen noch andere</Unicode>
                </TextEquiv>
            </TextLine>
            <TextLine id="r1l83" custom="readingOrder {index:82;}">
                <Coords points="2925,2811 3286,2810 3313,2795 3314,2755 3279,2749 3216,2764 3179,2751 3091,2762 2991,2751 2926,2763"/>
                <Baseline points="2937,2797 2962,2797 2988,2798 3014,2798 3040,2799 3066,2800 3092,2800 3118,2801 3144,2801 3170,2802 3196,2802 3222,2802 3248,2801 3274,2800 3300,2798"/>
                <TextEquiv>
                    <Unicode>lert und der bleibt</Unicode>
                </TextEquiv>
            </TextLine>
            <TextLine id="r1l84" custom="readingOrder {index:83;}">
                <Coords points="1762,2826 2248,2850 2316,2826 2396,2849 2444,2827 2424,2777 2329,2793 2299,2775 2106,2790 1871,2770 1763,2788"/>
                <Baseline points="1774,2814 1806,2815 1839,2817 1872,2818 1905,2819 1938,2819 1971,2820 2004,2821 2037,2821 2070,2821 2103,2822 2135,2822 2168,2822 2201,2822 2234,2822 2267,2823 2300,2823 2333,2823 2366,2824 2399,2824 2432,2825"/>
                <TextEquiv>
                    <Unicode>Das Kind schrie jammernd auf.</Unicode>
                </TextEquiv>
            </TextLine>
            <TextLine id="r1l85" custom="readingOrder {index:84;}">
                <Coords points="477,2830 1717,2852 1718,2772 477,2780"/>
                <Baseline points="490,2815 550,2816 611,2817 672,2817 732,2818 793,2818 854,2819 914,2820 975,2820 1036,2821 1097,2822 1157,2822 1218,2823 1279,2823 1339,2824 1400,2824 1461,2825 1521,2825 1582,2826 1643,2826 1704,2826"/>
                <TextEquiv>
                    <Unicode>Dirndln in der letzten Klass' neben dir auf der Schulbank, die</Unicode>
                </TextEquiv>
            </TextLine>
            <TextLine id="r1l86" custom="readingOrder {index:85;}">
                <Coords points="2935,2870 2975,2857 2998,2868 3015,2855 3060,2866 3143,2854 3314,2860 3314,2795 3241,2814 3214,2804 2936,2807"/>
                <Baseline points="2947,2846 2972,2846 2997,2846 3022,2846 3048,2847 3073,2847 3098,2848 3124,2848 3149,2848 3174,2849 3199,2849 3225,2849 3250,2848 3275,2848 3301,2847"/>
                <TextEquiv>
                    <Unicode>liegen und läßt R#</Unicode>
                </TextEquiv>
            </TextLine>
            <TextLine id="r1l87" custom="readingOrder {index:86;}">
                <Coords points="484,2859 1688,2891 1717,2829 484,2832"/>
                <Baseline points="497,2864 557,2864 617,2864 678,2865 738,2865 798,2866 859,2867 919,2868 979,2869 1040,2870 1100,2872 1160,2873 1221,2873 1281,2874 1341,2875 1402,2876 1462,2876 1522,2876 1583,2875 1643,2875 1704,2874"/>
                <TextEquiv>
                    <Unicode>mir freundlich waren, frag nur nach, die sind stolz darauf, daß</Unicode>
                </TextEquiv>
            </TextLine>
            <TextLine id="r1l88" custom="readingOrder {index:87;}">
                <Coords points="1773,2891 2860,2909 2931,2902 2932,2852 1774,2841"/>
                <Baseline points="1785,2877 1841,2877 1898,2877 1955,2878 2011,2878 2068,2879 2125,2880 2181,2881 2238,2882 2295,2884 2352,2885 2408,2886 2465,2887 2522,2888 2578,2889 2635,2890 2692,2891 2748,2891 2805,2891 2862,2891 2919,2890"/>
                <TextEquiv>
                    <Unicode>Da fühlte sich der Leutenberger am Arme ergriffen. Flo¬</Unicode>
                </TextEquiv>
            </TextLine>
            <TextLine id="r1l89" custom="readingOrder {index:88;}">
                <Coords points="2983,2897 3043,2907 3088,2900 3115,2914 3125,2904 3203,2904 3255,2916 3298,2905 3300,2857 3205,2862 3150,2847 3140,2857 3069,2865 2984,2857"/>
                <Baseline points="2996,2891 3022,2892 3048,2892 3075,2893 3101,2894 3128,2895 3154,2896 3181,2897 3207,2898 3234,2898 3260,2899 3287,2900"/>
                <TextEquiv>
                    <Unicode>Er umschlang</Unicode>
                </TextEquiv>
            </TextLine>
            <TextLine id="r1l90" custom="readingOrder {index:89;}">
                <Coords points="1626,2936 1643,2938 1663,2953 1673,2943 1683,2941 1688,2946 1701,2946 1701,2891 1688,2891 1683,2886 1671,2886 1668,2883 1666,2886 1663,2883 1658,2888 1646,2881 1626,2883"/>
                <Baseline points="1639,2921 1664,2919 1689,2921"/>
                <TextEquiv>
                    <Unicode>ich</Unicode>
                </TextEquiv>
            </TextLine>
            <TextLine id="r1l91" custom="readingOrder {index:90;}">
                <Coords points="490,2914 1637,2946 1638,2893 1575,2880 491,2871"/>
                <Baseline points="503,2915 559,2916 615,2917 671,2917 727,2918 783,2919 839,2919 895,2920 951,2920 1007,2921 1064,2922 1120,2922 1176,2923 1232,2923 1288,2924 1344,2924 1400,2925 1456,2926 1512,2926 1568,2927 1625,2927"/>
                <TextEquiv>
                    <Unicode>ich mich mit ihnen abgegeben hab', denn weißt, Everl,</Unicode>
                </TextEquiv>
            </TextLine>
            <TextLine id="r1l92" custom="readingOrder {index:91;}">
                <Coords points="1716,2933 2769,2939 2924,2973 2924,2893 1717,2878"/>
                <Baseline points="1729,2928 1788,2929 1847,2930 1906,2930 1965,2931 2024,2932 2083,2933 2142,2933 2201,2934 2260,2935 2320,2935 2379,2936 2438,2936 2497,2937 2556,2937 2615,2938 2674,2938 2733,2939 2792,2939 2851,2940 2911,2940"/>
                <TextEquiv>
                    <Unicode>rian stand vor ihm und sagte: „Setz' das Kind nieder! Also so</Unicode>
                </TextEquiv>
            </TextLine>
            <TextLine id="r1l93" custom="readingOrder {index:92;}">
                <Coords points="2930,2960 3038,2948 3068,2951 3085,2969 3110,2957 3133,2970 3155,2953 3196,2948 3218,2963 3236,2954 3291,2962 3291,2904 3198,2916 3121,2902 3036,2908 3003,2895 2981,2910 2931,2902"/>
                <Baseline points="2942,2941 2967,2942 2993,2942 3019,2943 3045,2944 3070,2944 3096,2945 3122,2945 3148,2946 3173,2946 3199,2946 3225,2946 3251,2945 3277,2944"/>
                <TextEquiv>
                    <Unicode>rollten sie bis zur</Unicode>
                </TextEquiv>
            </TextLine>
            <TextLine id="r1l94" custom="readingOrder {index:93;}">
                <Coords points="484,2976 526,2991 724,2981 742,2999 775,2980 849,2996 1083,2982 1083,2926 485,2925"/>
                <Baseline points="496,2962 524,2961 553,2960 582,2960 611,2960 639,2961 668,2962 697,2962 726,2963 754,2964 783,2965 812,2966 841,2967 869,2968 898,2968 927,2968 956,2968 984,2967 1013,2966 1042,2965 1071,2963"/>
                <TextEquiv>
                    <Unicode>hin der Stürkite im Land!“</Unicode>
                </TextEquiv>
            </TextLine>
            <TextLine id="r1l95" custom="readingOrder {index:94;}">
                <Coords points="2833,2968 2845,2970 2853,2982 2871,2984 2876,2947 2862,2945 2860,2942 2857,2944 2852,2938 2838,2936"/>
                <Baseline points="2846,2965 2860,2967"/>
                <TextEquiv>
                    <Unicode></Unicode>
                </TextEquiv>
            </TextLine>
            <TextLine id="r1l96" custom="readingOrder {index:95;}">
                <Coords points="1678,3004 2327,3019 2407,2985 2667,3028 2858,2987 2859,2950 1679,2944"/>
                <Baseline points="1690,2981 1747,2980 1805,2979 1863,2979 1921,2979 1979,2979 2036,2980 2094,2981 2152,2982 2210,2983 2268,2984 2325,2985 2383,2986 2441,2987 2499,2988 2557,2989 2614,2989 2672,2989 2730,2989 2788,2988 2846,2987"/>
                <TextEquiv>
                    <Unicode>ein Kriminalkerl bist du? Setz' das Kind nieder, sag' ich!“</Unicode>
                </TextEquiv>
            </TextLine>
            <TextEquiv>
                <Unicode>box 33/5
28. Die Schuestern- oderCasanouninSna
„had dus Maut, sägte der Leutem..,
—.—
ihm nicht übel ergangen; daß ich aber mit ganz anderen fer= „Mach Schulk
dich schon, aber auf Schmeicheln und Hetzen hör ich nicht; zum
tig zu werden verstehe, das kannst du morgen mit ansehen,
im Auge behalten
letztenmal jetzt im guten, Everl, komm her!“
da ist einer heute ins Ort gekommen, der es mit mir auf¬
vor der Tannenl
Da zeigte sich etwas Weißes im Fenster und ein seines
nehmen will.“
Der Leutenbe
Stimmchen sagte trotzig: „Was willst du mir denn?“ Was
„Gekommen ist einer?“ fragte das Mädchen. „Er ist also für sollst du jetzt
kannst du mir denn wollen?“
schon da, — er ist schon da!“ Sie drückte beide Arme vor
kriegen,“ sagte er
Der Leutenberger aber griff mit beiden Armen zu und
Freude an sich.
Das Mädchen
hob das Weiße, leicht wie eine Feder heraus und setzte es
„Wer? Kennst du ihn denn!“ fragte erstaunt der Leuten¬
kahle Mauer des
neben sich auf die Bank.
berger.
und gefalteten H#
Florian sah mit Erstaunen ein Kind, ein völliges Kind
„Seit du mich nicht in Ruhe läßt,“ sagte das Kind mit
Der Kampf w
vor sich, ein Mädchen von etwa dreizehn Jahren, mit ver¬
scharfer Stimme, „habe ich tagtäglich zu Gott gebetet, er
wurde auch ohne
weinten Augen, barfuß, im Hemd und Unterröckchen. Es war
möchte einen starken Engel vom Himmel schicken, der dich
Erbitterung hielte
allerdings ein hübsches Kind mit reichen blonden Flechten um
klein,“ — die schwachen Fäuste ballten sich, — „ganz klein
Wage, aber das
macht! Und der ist nun da!“
das milchweiße Gesichtchen, in welchem, seltenerweise, tief¬
wehrte ab, und n
schwarze Augen brannten.
„Run, ein Engel ist es just nicht,“ lachte Urban, „es ist
warf seinen Wide
„Steh Gott mir armem Weibe bei, daß ich nicht irr werd'
wie ein wildes T#
nur ein Müllerssohn von Langendorf, und was das Klein¬
in ihm!“ rief mit bebenden Mundwinkeln das alte Mütter¬
machen anlangt, so denk' wohl ich das zu treffen.“
und schlug ihn, we
chen. „Ein Enkelkind haft du mir blutrünstig geschlagen,
ihn aufs neue zu t#
„O nein!“ schrie heftig das Mädchen.
willst du mir jetzt das andere gar zugrunde richten?! O, du
Das Mädchen
„O ja. Hinlegen will ich ihn dir, daß du selbst deine
elender Leutschinder und Kinderverderber, daß du doch die
weinend und schre
Freude daran haben wirst.“
nächste Sonn' nimmer sehen möchtest!“
delten.
„Hinlegen, du ihn?“ kreischte außer sich die Kleine auf.
Florian schrie
„Schimpf dich nur aus, Alte,“ lachte Urban, „später reden
„Sieh, so und so wird er es dir machen!“ sie schlug den Leu¬
auf, er wäre ohn
wir uns dann leichter.“ Er wandte sich zu dem Kinde. „Was
tenberger rasch ein paarmal mit den geballten Fäusten in das
ein Gedanke bei
ich dir will, meinst du? Was werd' ich wollen? Dich herzen,
Gesicht.
begabt, der Gedan
weil du mein kleiner Schatz bist.“
„Ho.“ rief der, „so gefällst du mir, komm mit!“ Er schlug
Dort hinter de
„Ich will dein Schatz nicht sein.“
das Röckchen dem Mädchen über die Füße, preßte dessen Arme
da hinab über
an sich und trug es wie ein Wickelkind hinweg.
„Oho, warum gerade du nicht? Da sitzen noch andere
lert und der bleibt
Das Kind schrie jammernd auf.
Dirndln in der letzten Klass' neben dir auf der Schulbank, die
liegen und läßt R#
mir freundlich waren, frag nur nach, die sind stolz darauf, daß
Da fühlte sich der Leutenberger am Arme ergriffen. Flo¬
Er umschlang
ich
ich mich mit ihnen abgegeben hab', denn weißt, Everl,
rian stand vor ihm und sagte: „Setz' das Kind nieder! Also so
rollten sie bis zur
hin der Stürkite im Land!“

ein Kriminalkerl bist du? Setz' das Kind nieder, sag' ich!“</Unicode>
            </TextEquiv>
        </TextRegion>
    </Page>
</PcGts>
