3436 4320
2388 214 2865 315 box 3375
230 222 2251 331 28. Die Schuestern-oder-Casanovs insna
279 1476 3222 1549 und entschieden hat. Ihm ist es genug, daß  fsüllung bedeutet und einen Abschluß. Der dem alten Gudar und dem jungen Bassi, nur
296 1522 1268 1603 auch diese Stunden hier nicht leer aewesen sind.
1261 1530 2234 1602 Schlußpunkt einer jetzt schon vergangenen Zeit,
2227 1520 3215 1589 in die Reihe gestellt. Der eine steht schon am
1272 1578 2236 1641 ihrer Weltanschauung, ihres Lebensgefühls,
2223 1572 3222 1645 Ausgang des Lebens, der andere erst an der
363 1580 1262 1648 Casanovas Gestalt übt einen starken
1255 1624 2227 1679 ihrer inneren Form und ihres Stils. All dies
2240 1620 3216 1694 Schwelle. Jetzt ist Casanova da und hat seine
286 1619 1274 1703 Zauber auf Artur Schnitzler. Der Dichter der
2237 1661 3225 1747 Zeit. Figuren, die vorüberwandeln. Menschen,
1256 1660 2248 1745 geistig verarbeitet, zur letzten Einheit gebracht
291 1675 1271 1752 in tausend Zweifeln schmerzlichen Liebe fühlt
2226 1705 3226 1779 die kommen und vergehen. Diese da sind von
1254 1718 2230 1793 und damit erlebigt. Als Dasein und zu ver¬
284 1732 1272 1797 sich von diesem großen Schmerzlosen mächtig
1259 1753 3226 1842 richtende Arbeit erledigt... nicht als fort= der gleichen Art. Casanova nur ein Glied in
297 1779 1273 1840 angezogen. Der Dichter des immer wachen
1255 1822 1782 1897 wirkende Ausstrahlung.
2224 1802 2739 1895 der abrollenden Kette.
293 1818 1265 1900 Todesbewußtseins fühlt sich entzückt von
294 1875 1278 1960 diesem kraftvoll unbedenklichen Meister des
2306 1866 3233 1951 Er könnte — in diesem Stück — auch
1331 1873 2230 1955 Reizende Nachdenklichkeiten des Stückes:
285 1932 2233 2009 Lebens. Er erfindet Abenteuer für diesen Casanova, in die Reihe der Menschen gestellt,
2225 1932 3233 1994 anders heißen, da es ja nur erfundene, nie ge¬
286 1990 1266 2048 Abenteurer, der an wirklichen Erlebnissen so
2238 1978 3226 2045 schehene Dinge lebendig scheinen läßt. Und
1262 1978 2234 2062 die jung sind, ihre Zeit haben, altern und
284 2022 1268 2089 überreich gewesen ist. Doch es reizt den Dichter,
2231 2023 3227 2094 könnte doch unmöglich anders heißen, ohne daß
1253 2040 2248 2117 dahinschwinden. Da ist der alte Herr von
2231 2068 3227 2148 sogleich das ganze Stück erlöschen würbe, so wie
299 2085 2248 2163 solche Abenteuer zu ersinnen, darin das farbig! Gudar, der einst jung gewesen ist, berühmt
295 2127 1275 2201 flammende, wunderbar menschliche Wesen
2223 2112 3234 2189 man diesen Namen löschen wollte. Denn dieser
1257 2129 2236 2190 durch seine Abentener, seine Kraft und Schön¬
284 2170 1260 2244 Casanovas höher aufleuchtet und in seiner
2235 2158 3238 2237 Name bedeutet an sich schon Leben, ist die Ver¬
1263 2188 2235 2247 heit, durch sein Glück bei Frauen, durch seine
293 2223 1273 2288 Zeuchtkraft mehr gesammelt, als in Geschichten,
2224 2214 3232 2287 ständigung von tausend Dingen, die nun nicht
1271 2237 2240 2302 geistige Bravour wie durch die Bravour seines
287 2279 1267 2337 von ihm selbst erzählt. Er hat ihn mitten in
2232 2260 3228 2347 mehr gesagt werden brauchen. Und, selbst in der
1257 2284 2241 2344 Leibes, genau so, wie Casanova jetzt. Vielleicht,
293 2328 1269 2393 eine herrliche Novelle gestellt, deren kostbare
2239 2318 3223 2401 Reihe stehend, bedeutet er: daß es auf die
1254 2327 2249 2404 wenn diesem Herrn von Gudar, der ja des
125 2338 307 2439 va in
292 2371 1265 2432 Reife, deren äußerste Vollendung in ihrer
2224 2373 3227 2450 Farbe allein nicht onkommt, sondern auf die
1256 2373 2240 2441 Daseins immer noch nicht gesättigt ist, ein
130 2416 1272 2497 tzler.ganzen, von seglicher Schwere wie erlösten
2229 2413 3232 2491 Intensität der Farbe. Bedeutet: daß gerade
1269 2431 2241 2500 hohes Greisenalter beschieden wäre und ein
291 2456 1267 2546 Anmut vielleicht später erst wirkliches Be¬
2236 2480 3231 2535 dieser eine, geheimnisvolle Grad der Intensität
127 2456 313 2539 erfahrt
1257 2476 2237 2549 Asyl auf irgendeinem Schloß, vielleicht hätte
130 2521 1267 2590 bends greifen finden wird. Und er brinat ihn jetzt
1261 2515 2249 2605 auch er sich in geschriebenen Erinnerungen ver¬
2224 2514 3232 2587 von einem gewissen, ebenfalls geheimnisvollen
292 2566 1268 2639 wieder, in diesem Lustspiel, das, wie ich
132 2573 302 2638 . Glück
2227 2558 3230 2638 Punkt an, den großen Meister von so vielen
1257 2573 2241 2634 ewigt, wie Casanova. Und da ist Andrea Bassi,
290 2600 1270 2684 glaube. gleichfolls erst auf das richtige Ver¬
2230 2609 3222 2685 kleinen Meistern, so viele kleine Meister von all
141 2626 319 2692 Denn
1270 2602 2253 2695 der Jüngling, der eben erst anfängt. Er hat
114 2659 1267 2732 übschen stehen und auf die gerechte Würdigung noch
2238 2653 3237 2730 den zahllosen Stümpern unterscheidet. Stärker
1263 2677 2239 2743 die schöne Annina, die er liebt, entführt, er
121 2711 1271 2781 ie ihn eine Weile warten muß, weil es den Leuten
2234 2721 3229 2779 und blasser haben sie insgesamt in der gleichen
1262 2717 2238 2782 glaubt jetzt, daß es die große, die ewige Liebe
122 2745 1271 2847 rch ihr jetzt wohl noch zu leicht erscheinen mag, und
2246 2756 3242 2821 Art die gleiche Farbe. Doch Casanova hat das
1266 2770 2238 2835 ist, und ahnt nicht, daß er vielleicht noch viele
297 2808 1270 2874 weil sie jetzt an dem tieferen Sinn dieser in
2232 2806 3239 2875 Blut, hat die Essenz dieser Farbe. Deshalb ist er
139 2807 310 2899 besitzt,
1269 2821 2245 2896 Mädchen entführen wird. Aber die anderen,
2234 2863 3241 2928 da, um die anderen in sich, für immer, zu ver¬
150 2869 1272 2950 Eine, Heiterkeit schwebenden Verse wohl noch vorbei¬
1262 2851 2246 2931 Gudar, Casanova und der Spieler Santis,
288 2908 476 2977 hören.
207 2903 313 2985 in
2232 2900 3239 2973 körpern. Deshalb ist er, für immer, der Reprä¬
1256 2906 2243 2979 wittern an ihm den hochbegabten Anfänger.
2232 2963 3235 3027 sentant all derer, die ihm gleichen, die vor ihm,
120 2956 306 3036 beschöpf.
1257 2939 2245 3024 Wer weiß, wenn er nicht irgendwo den Hals
373 2967 1265 3029 Man wird es ja überhaupt erst später, erst.
2233 2999 3244 3069 mit ihm gelebt haben und vergessen worden sind.
120 3013 2241 3079 zündet, wenn eine Distanz gewonnen ist, verstehen, was bricht oder an einem Degenstich zum Teufel
119 3047 3231 3120 nächsten in unserer Gegenwart, in der augenblicklich zugeht, wird auch er ein großer Daseinsräuber, die nach ihm leben werden, ohne daß man sie
118 3119 3227 3169 en, dienichts und zu niemandem irgendeine Distanz ein Ritter des Glücks und der Genüsse. Und beachtet. Deshalb hat nur er Memoiren ge¬
1266 3141 3233 3218 kann, wenn er's erlebt, einst Memoiren schrieben, und es genügt. Die anderen brauchten
117 3158 1281 3224 sich ihn möglich scheint, gar nicht beachtet wird: daß
126 3186 3238 3280 as ge-dies Zusammentreffen Schnitzlers, des Ge=schreiben. Von gleicher Wesensfarbe sind sie alle. das nicht zu tun. Es wäre vergebliche Mühe ge¬
130 3271 2416 3342 erwirrt 1 statters, mit Casanova als Gestalt eine Er= Casanova, der Dreißigjährige, ist hier, zwischen wesen.
