3344 4352
1735 77 1829 157 1
1569 90 1691 160 Mn
2362 116 2504 168 1 1
662 132 1515 188 abbiamo un randeville francese di Varin,
1512 145 2319 196 arventure d’amore e di viaggien, e!
2354 158 2618 207 Peati coie 61
662 173 1514 226 Eticnne Nrago e Desverger, intitolato:
1512 188 2358 248 quali Casanova parla nei capitoli 13.0, 14.0
2355 193 2657 247 personhle pre
660 216 1504 289 Casanora an Jort Saint-André, rappresen¬
2367 229 2643 285 nnova prova
1510 226 2356 285 13.0 della H.a parte delle Memorie: e
662 279 2356 335 tato al eTheatre du Vandevilles gel 1830.Tcice l’incontro col vecchio capitano unghe¬
2366 272 2642 324 Governe alle
659 306 1507 372 Accennerento appena a due #b##'li d’o¬
2364 318 2634 365 dannegglate
1511 315 2356 375 rese, al quale porta via la bella amante
2363 350 2625 401 a propesito
658 352 1504 417 #at intitolati a Gasanoga, Inedsiento
1517 362 2355 412 francese, Eurichetta e il ene dolore per
2362 388 2647 448 1913 il Gore:
655 386 1510 451 dal m.6 Alberto Lortzing ne####, Paitro
1517 405 2355 471 deverla abbandenare à Ginevra, dove l'a¬
2370 423 2607 474 in linen. di
646 432 1505 488 dal m.o Pulvermacher nel 18%; e ricorde¬
1514 442 1943 513 vera accompaghata.
2367 459 2637 516 plinmento
659 457 1522 530 remo di passata la commedia del pocta
1550 474 2359 555 Qualche pennellata di colorc G assai se¬
2364 505 2646 552 Temnberga, in
649 517 1510 572 viennese HIugo von Hofmannsthal: L’as¬
2372 542 2642 589 vori fürono !
1516 537 2354 597 lice: c qualche episelio comico, qualche
656 569 1503 633 wentnierge la cantanle (1800), nella qua¬
2365 576 2643 632 II nostro Ge
1524 585 2358 638 particolare nella pittura dell’ambiente set¬
659 605 1497 660 Ie Casanova appare come personaggio se¬
2364 615 2646 674 dello autorit
1521 622 2347 685 tecentesco, d reso con gusto e con evidlen¬
654 653 1500 717 condiario in un intrigo galante, inostran¬
2358 653 2643 706 dendo per o)
1517 669 2357 727 za rappresentativa ma nel suo complesso
2363 693 2640 750 armonin al
653 696 1503 766 do la sua avidità sentimentale e la sta
1509 712 2352 777 l’opera risulta slegata e frammentaria,
2367 734 2618 788 polazione 6
655 734 1163 792 ardente sete di piaceri.
1503 747 2135 812 senza continuità di interesse.
2368 769 2613 832 di Gorizia.
697 765 1514 838 Non ebbe licta sorte una commedia sto¬
1543 795 2354 849 II Casanova amatore fortunato, gioca¬
651 829 1500 886 rica in zatti: La morale di Casanova, do¬
1510 845 2359 889 tore di vantaggio, scmpre pronto a cam¬
655 882 1504 926 vuta alla collaborazione di Sem Beuelli e
1514 886 2365 946 biar progetti quando possa ricavarne qual¬
2424 869 2650 961 Gl alfter
653 916 1487 968 Giulio De Frenzi (alias: on. Federzoni)
1519 933 2370 998 che piacere o qualche utile, & tratteggiato
652 966 1507 1014 fu rappresentata una sol volta al eTeatro
1515 970 2368 1032 con un certo buon gusto; ma l’avventuric¬
2398 968 2634 1035 II restaur
647 1006 1496 1076 de! Corson di Bologna da Ermete Novelli,
1508 1014 2628 1067 ro senza scrupoli, einico e sinistro, l’uomo Rccco nella
649 1042 1159 1113 il 2z fchbraio del 1000.
1501 1053 2629 1111 ricco di espedienti truffaldini, i1 filosolo un fatto cor
694 1096 1507 1158 Ed ebbe scarso successo auche /7 Ma¬
1518 1105 2617 1167 materialista impcriato di religione, & qui no stati esc
654 1132 1505 1193 trimonio di Casanova, commedia in # atti
2355 1143 2593 1192 genti con
1513 1150 1889 1208 del tutto assente.
2363 1177 2593 1232 Comitato 1
648 1187 1511 1246 di Ugo Ojetti e Renato Simoni, rappresen¬
1541 1184 2346 1247 E si puó concludere, anche dopo questa
2370 1217 2619 1268 guerrn. Am
644 1238 1501 1287 tata al Carignanos di Torino, il 25 gen¬
1515 1241 2355 1293 nnova commedia, che l’opera nella quale
2370 1248 2617 1308 le opere o
650 1281 1497 1330 naio del roro dalla compagnia Di Lorenzo
1520 1286 2356 1336 Giacomo Casanova appaia vivo alla scena,
2372 1292 2587 1348 rA si son0
641 1318 1502 1366 Falconi. Ma questa volta il pubblico fu
1516 1326 2018 1396 resta ancora da scriversi.
2353 1327 2603 1386 gsvoli affre
640 1354 1507 1409 soverchiamente severo, che la commedia ha
2353 1371 2615 1428 schitto. Qu
1989 1372 2332 1452 CESARE LEVI
649 1407 1510 1465 delle scene gustosissime, c la figura del
2348 1413 2601 1469 tohl prof.
651 1448 1515 1510 protagonista halza con grande rilievo dal
2355 1451 2610 1507 6 Hergio Se
1540 1449 2347 1531 (1) Arthur Schnitzler: Die Schwestern,
2366 1486 2572 1542 p in q
645 1484 1508 1552 quadro: soprattutto poi é ben caratteriz¬
1515 1490 2349 1557 Ein Lusteniel in Versen. Drei akto in ei¬
2361 1524 2595 1583 nahno lode
649 1540 1512 1601 zato il sccolo frivole e corrotto del quale
1519 1552 2349 1605 nem. (Berlin, S. Fischer, 1919) in 16.0, pa¬
2363 1566 2595 1629 t di tu
649 1574 1506 1650 Casanova # in certo qual modo l’espo¬
1520 1589 1732 1655 gine 109.
2359 1607 2598 1666 te genoraj
646 1621 819 1676 nente.
2362 1645 2590 1699 Flla chie!
681 1644 1509 1730 Nei quattro atti della commedia 1i Ojet-
2357 1684 2584 1739 venendo c
1531 1666 2342 1769 Chateaubriand al suo editere
644 1713 1514 1773 ti e Simoni sono sceneggiati gli cpisodi e¬
2357 1723 2562 1782 di tutta
1950 1744 2329 1817 PARIGI, ottobre
2347 1752 2581 1822 noltre rit
650 1760 1517 1813 rotico-galanti che Casanova racconta nella
2363 1796 2566 1859 fresco in
1535 1779 2352 1859 (Camillo) &Caro eignore, ecccci in vendi¬
655 1804 1510 1862 IV.a parte delle sue Memorie, parlando
2358 1834 2576 1910 la primit#
1513 1848 2355 1905 ta: fin qui, l’affare si presenta bene. Se non
644 1843 1503 1899 di Nuove avventures, e cioc della sua re¬
1518 1882 2352 1932 avete tirato troppe copie, sarebbe utile po¬
653 1891 1506 1947 Jazione con la signorina C. C. c dei snoi
1509 1921 2360 1971 ter fare al piu presto una seconda edizione.
650 1937 1505 1989 rapporti con lambasciatore di Francia
1517 1967 2347 2017 lo sono pronto u introdurre, in questa se¬
2354 1925 2591 2040 I“Krade
659 1974 1504 2038 Bernio: opportunamente gli autori hanno
1512 2000 2363 2054 gonda edizione aleuni brani che tolsi prima.
646 2019 1503 2075 messo al primo piano la figura del Bra¬
1514 2045 2363 2083 Vogliate dirmi a quel punto siamo. Sapete
2393 2041 2569 2116 (Camille
640 2070 1463 2124 gadin, protettore e amico di Casanova
1516 2083 2350 2142 benissimo che, sccondo il vecchio adagio,
2355 2104 2571 2161 ferenze C
642 2110 1514 2174 no al momento del suo arresto per ordine
1508 2123 2352 2180 abisogna hattere il ferro mentre e caldoy.
2357 2139 2591 2203 deve nom
651 2139 1027 2211 dell'Inquisizione.
1539 2160 2365 2220 Questa dettera dello Chateaubriand al eno
2362 2182 2574 2231 berto 1 c
682 2175 1502 2253 Commedia ricca di colore, nella varietà
1513 2212 2571 2270 editore 6 del 9 maggio 1844. Da ersa ei rile- nuche, rei
644 2241 1503 2304 det suoi quadri sceniei, alla quale sol nuc¬
1518 2247 2574 2307 rache il metodo di annunziare nuove edi-no troverg
1508 2287 2352 2340 zioni mentre le precedenti non erano an¬
641 2288 1500 2336 ce und certn ientezza di svolgimento: mu
2357 2295 2570 2350 dei colleg
1511 2328 2349 2383 cora esaurite, non appartiene soltanto al
650 2330 1504 2374 il suo dialogo ha un fresco sapore dialet¬
2359 2334 2560 2387 che ne ##
1515 2362 1802 2426 nostri giorni.
2364 2352 2568 2422 re dei b
652 2375 1507 2428 tale, e conserva tutta la grazia e l’aroma
1883 2375 2050 2452 — —
2355 2396 2581 2459 chin conog
648 2409 1507 2460 delle frasi vencziane pin curatteristiche:
2368 2445 2579 2501 bet. Vitt#
1543 2423 2351 2499 La Banca per i lavori di costruzione a Pra¬
641 2459 1509 2507 e felicemente imitato dal dialogo goldonia¬
1504 2475 2585 2540 ga crea una succursale a Pilsen che costi-dell’alstitg
647 2504 1497 2553 no. Poiché la commedia & stata già pubbli¬
2367 2524 2579 2581 colleghi:
1505 2530 2353 2590 tuirà la 33.a specialità di banca stabilita
650 2548 1499 2607 cata molti anni or sono (Milano, Treves,
2318 2556 2616 2630 gina di
1508 2565 1838 2629 in questa citta.
643 2591 1502 2655 roro), non istarcmo a seguirne lo svolgi¬
637 2635 1337 2695 mento nei suoi quattro quadri.
686 2689 1506 2743 Forse questa commedia storica, scritta
647 2721 1509 2769 da due autori di grande buon gusto, po¬
641 2768 1500 2818 trebbe oggi esser ripresa con qualche for¬
1515 2764 2579 2866 Aoctaztone e.
643 2811 1507 2877 tuna. Certamente questo di Ojetti e Simo¬
648 2839 1515 2923 ni é il miglior Casanova che abbiamo ve¬
1797 2867 2595 2940 Proprietà letterarta - Riprode
645 2894 1042 2961 duto alla ribalta.
687 2930 1515 3006 Quasi contemporancamente appaiono al¬
1537 2966 2373 3042 — Arrestare il comandante? + diese lo
636 2977 1518 3034 Ja ribalta una commedia in vers: di Mau¬
1514 3016 2378 3073 alutante stupito. Ma gli miscro Rubitamen¬
2415 3009 2583 3084 Varat
652 3031 1494 3084 rice Rostand: Casanova (rappresentata ai
1517 3052 2370 3110 te le loro mani sulle spalle, tostlo che Gio¬
2380 3060 2597 3137 Richiugt
645 3071 1498 3137 Bouffes Parisieuse il 2g febbraio 1010, con
1512 3096 2599 3169 vanni Paolo Vallier ebbe comandato pillvarono 60.
647 3125 1494 3176 mediocre successo), edl una commedia in 1
1505 3134 1869 3195 imperiosamente:
646 3164 1497 3217 atto e z quadri, in versi, del celehre serit¬
1603 3144 2581 3232 lo ve lo ordino in nome della legse1“ Bruto:
2432 3181 2604 3245 — Citta
641 3205 1492 3272 tore viennese Arthur Schnitzler: Le sorel¬
1510 3199 2585 3288 L’acrusato Vallier eard tradotto (domani da-tun testa
646 3253 1179 3308 1e o Casanova a Spa (1).
1505 3265 2047 3321 vanti alla Corte Marziale!
2379 3264 2599 3333 La frase
680 3270 1500 3356 Nella commedia todesca il celehre avren¬
1534 3290 2604 3379 E il euo sguardo si abbasso vense ie chrtercamera ov
652 3338 1342 3394 turiero non ha la parte principale.
1515 3342 1666 3401 sparse:
2345 3350 2579 3410 nistro ed
1602 3374 1966 3439 Conducetelo via!
681 3382 1505 3444 In un albergo di Spa si ritrovano una
2351 3384 2579 3446 la patrin
1540 3418 2592 3476 Giacomo Vallier cammino tra i due uo-Ugensibilità
644 3430 1503 3489 giovane ragazza ferrarese, Anina, che 6
1503 3461 2354 3511 mini verso la porta. Al momento di pas¬
2351 3465 2604 3532 vanni Pae
649 3477 1495 3526 stata sedlotta dal su mante, Andrca Bas¬
2353 3502 2606 3563 curvate. E
1506 3511 2361 3568 sare la soglia si volse verso suc fratello ol
649 3520 1496 3570 si, (pur egli di Ferrara) insieme con Fla¬
1518 3553 2197 3599 con voce supplichevole domandé:
2359 3550 2617 3598 quella ince
650 3555 1503 3618 minia, moglie del barone Santis: le due
2356 3588 2604 3659 pito con la
1593 3576 2352 3659 Ma lei? Lei? Che ne faraig tu? Ella 6
646 3612 1505 3656 giovani donne si giurano eterna amicizia,
2393 3631 2617 3683 Si intese
1513 3619 1971 3696 innecente, te lo giuro!
640 3645 1497 3703 al punto che tutti le chiamano dle sorelles:
2355 3664 2621 3729 zato e peen
1648 3653 2353 3744 restri compliei appartengono alla
643 3695 1500 3756 Anina racconta che Casanova nella notte
2365 3705 2603 3773 gevano gli
1516 3709 1672 3777 lenge!
654 3737 1507 3796 precedente, mentre Andren cra alla tavola
2389 3745 2613 3805 Bruto an
1547 3726 2362 3806 E siccome Taintante eembrptva esitale
647 3775 1493 3838 del gincco, s’é introdotto nella sua stanza
2367 3789 2610 3841 peltrona, n¬
1514 3795 2342 3852 ancora. Giovanni Paclo Vallierf urlö que¬
646 3824 1497 3887 #l’ha fatta sua (jedele al proverbio, pro¬
2369 3825 2608 3883 sulla cener
1504 3820 2349 3894 sta volta un erdise sccco e brete che non
644 3875 1511 3929 prio quella etessa notte, Casanova aveva
2357 3871 2630 3928 mantello su
1506 3877 1907 3931 ammetteva replicn:
2339 3911 2637 3969 fronte incre
661 3917 1470 3969 perso tutto al giucco, e s’ern latto impte
1580 3883 2137 3958 Conducete vie ####cuento !7
2355 3946 2630 4022 va la muto
674 3955 2210 4028 star denaro da un ufficiale olandese, Voni La forza rimanera alls legte!
