3392 4320
2360 166 2815 267 box 3375
204 184 390 271 28.
390 214 2206 288 Die Schwestern-oder Casanova in sna
220 518 741 625 Der Morgen Wies
720 485 1328 672 Theaten
344 605 662 712 2Z07 1340
527 711 1507 801 Schnitzlers neues Stück im Burg¬
621 782 890 859 theater.
618 854 1526 920 Die Direktion des Deutschen Volks¬
1908 846 2175 931 N. 9390
2414 712 2994 981 1 an
526 907 1517 973 theaters hat mit besonderem Entgegen¬
535 941 1520 1010 kommen und im Einvernehmen mit dem Dichter
537 982 1524 1053 einem Wunsche der Direktion des Burg¬
2100 949 2949 1079 Theater und Kunst.
524 1038 1511 1103 theaters um Ueberlassung des Aufführungs¬
522 1078 1529 1146 rechtes von Artur Schnitzlers Lustspiel
2216 1069 2846 1163 Hinter den Kulissen.
529 1128 1520 1187 „Die Schwestern“ entsprochen, wogegen
1891 1133 3160 1221 (Artus Schnitzlers „Schmestern“ im Burgtheater. — Der Wettbewerb
522 1174 1522 1231 die Direktion des Burgtheaters dem Deutschen
2876 1185 3161 1254 Telepathie auf
2160 1194 2868 1250 Trei Personkn und eine Dekoration. —
1883 1195 2143 1269 im Stucke.
525 1204 1516 1282 Volkstheater-das Werk eines namhaften Ver¬
2170 1235 2881 1296 der Bühne. — Das fingende Ballett.)
530 1259 1328 1322 fassers zur Aufführung überlassen hat.
1996 1263 3159 1339 Baron Berger hat vor Jahren, als er das Burgtheater
1870 1317 3161 1415 übernahm, einen Brief geschrieben, der viel von sich reden machte.
1890 1381 3159 1438 Der Brief war an Caillavet und Flers gerichtet. Er enthielt die
1890 1425 3158 1494 Aufforderung an die französischen Dramatiker, sie mögen ein
1888 1472 3158 1533 Stück fürs Burgtheater schreiben. Diese sonst so spröde und tief
1890 1532 3165 1583 verschlossene Bühne pflegte derlei nicht zu tun, so daß die kühne
1146 1532 1222 1606 V
395 1528 1269 1652 (Schnißler wieder im Burg¬
1891 1569 3162 1620 Neuerung damals revolutionär angemutet hat. Das Stück, das
213 1568 1269 1696 theateDause wird Schnitzler
1885 1623 3158 1682 die Pariser Autoren dann schrieben, war: „Die Fahrt ins Blaue“.
1271 1612 1438 1695 58
225 1635 1246 1741 wieder im Burgtheater zum Worte gelangen. Nach¬
1998 1673 3172 1727 Nun hat man in dieser Woche von einem ähnlichen Fall gehört:
1267 1686 1414 1754 = 1
227 1678 1244 1790 dem „Professor Bernhardi“ und „Fink und Flieder¬
1268 1734 1364 1783 P
1882 1716 3169 1788 Das Burgtheater hat sich um Artur Schnitzlers Casanova=Stück
211 1729 1259 1835 busch“ im Deutschen Volkstheater zur Aufführung
1262 1766 1365 1820 —
2316 1771 3161 1836 selbst beworben. Niemand wird daran An¬
1889 1766 2259 1835 „Die Schwestern“
1261 1804 1367 1844 75
208 1765 1253 1879 gelangten, hatte Schnitzler auch sein neuestes Werk,
1894 1797 3170 1882 stoß nehmen, erstens handelt es sich um niemand Geringeren als
209 1814 1246 1918 das dreiaktige Lustspiel „Die Schwestern“ dem
1270 1815 1389 1906 *
1890 1853 3154 1915 Artur Schnitzler, weitens gehört dieses Werk ins Burgtheater,
1330 1881 1439 1940 *
206 1860 1255 1972 Volkstheater überlassen. Direktor Bernau hat nun
1897 1906 3179 1985 seinem Stoffe, seinem Format, seiner Gattung nach. Im Volks¬
317 1909 1250 2016 Aufkührungsrecht dieses Werkes, das das
1901 1971 3176 2033 theater hatte man auch augenblicklich für die weiblichen Haupt¬
211 1917 1244 2049 Cusanoygthema behandelt, im Einvernehmen mit
1890 2007 2733 2064 rollen nicht die geeigneten Darstellerinnen.
196 1999 1264 2099 dem Dichtet über Wunsch des Burgtheaters dieser
1338 2048 1443 2118 20
2009 2039 3174 2120 Der Wettbewerb um Stücke seitens der Bühnenleiter hat
214 2047 1247 2145 Bühne überlassen. Die Direktion des Burgtheaters
1894 2111 3160 2172 jetzt im allgemeinen einen viel freundlicheren Charakter als
210 2084 1243 2210 hat dafür dem Deutschen. Volkstheater das Werk)
1317 2128 1441 2201 *
201 2138 1228 2241 eines namhaften Verfassels ##fführung zediert
1895 2142 3161 2211 ehedem Die Direktoren halten fester zusammen und so schnappen
241 2182 1236 2292 Das Burgtheater wird „Diecweser“ Anfang
1893 2196 3162 2259 sie sich jetzt auch keine Stücke vor der Nase weg. Im Gegenteil:
194 2216 917 2317 Februar zur Uraufführung bringen.
1898 2255 3160 2307 sie unterstützen sich gegenseitig. Sie sind fast hilfreich und edel.
324 2275 517 2342 #
1903 2295 3158 2349 Man leiht einander Schauspieler, oder — wie im Falle Carlsen—
590 2285 1252 2385 As #.-121.
2071 2330 3174 2401 — man gibt trotz bindender Verträge erste Kräfte frei.
1902 2346 2067 2405 Forest
1895 2384 3175 2451 Das Volkstheater hat zum Beispiel Fritz v. Unruhs Tragödie¬
1911 2437 3160 2503 „Ein Geschlecht“ dem Burgtheater überlassen, ebenso
1907 2476 3171 2554 Bahrs „Konzert“, eines seiner beliebiesten Repertoirestücke,
1898 2545 3172 2600 Auf diesem Wege erhielt das Volkstheater wieder vom Burg¬
1891 2584 3175 2651 theater, sozusagen als Revanche: „Meine Frau, die Hof¬
1899 2627 3172 2700 schauspielerin“. Dieser dramatische Tauschverkehr scheint sich jetzt
1893 2684 3173 2745 einzubürgern. Vor kurzem wurde Harry Walden ein englisches
1895 2717 3172 2803 Stück von Direktor Jarno überlassen. Slobodas „Pharisäer“ die
1903 2775 3165 2851 am Volkstheater angenommen waren, werden an der Neuen
1901 2832 2529 2900 Wiener Bühne in Szene gehen.
2020 2850 3165 2940 Einem Werke, das seinerzeit die Neue Wiener Bühne an¬
1896 2913 3172 2992 genommen hatte, werden sich sogar die Pforten des Burgtheateis
1906 2978 3168 3034 öffnen Es ist das Schauspiel: „Frau Gitas Sühne“ von Siegfried
1895 3002 3168 3092 Trebitsch. Felix Saltens Einakterzyklus: „Kinder der Freude“
1904 3070 2944 3127 wandert vom Deutschen Volkstheater ins Burgtheater.
2032 3112 3186 3179 Eine wahre Ausnahmsstellung nimmt Karl Schönherr ein.
1910 3167 3178 3223 Er läßt sich bei seinen Stücken volle Bewegungsfreiheit. So er¬
1909 3215 3186 3278 eignete es sich einmal, daß der „Weibsteufel“ an einem Sonntag
1904 3259 3184 3317 am Stadttheater und am Schönbrunner Schloßtheater gegeben
1906 3308 3181 3369 wurde. Außerdem ist dieses Werk auch noch vom Volkstheater
1899 3342 3172 3427 erworben worden und überdies bildet es ein Repertoirestück der
1908 3398 3165 3465 Exl-Bühne. Der Theaterzufall kann es wollen, daß es also gleich¬
1907 3439 3167 3519 zeitig an vier Wiener Bühnen gespielt wird! Der „Weibs¬
1902 3512 3171 3573 zeufel“ erfreut sich gegenwärtig großer Beliebtheit wegen seines
1903 3544 3169 3597 einfachen szenischen Apparats. Stücke mit drei Personen find
1898 3597 3167 3654 jetzt besonders begehrt. Dann hat dieses Drama auch den Vorzug,
1896 3642 3176 3695 daß der Schauplatz durch drei Akte der gleiche bleibt. Stücke mit
1908 3695 3163 3755 einer Dekoration werden von den Spielleitern ebenfalls sehr
1905 3729 3168 3805 bevorzugt, denn die Teuerung ist enorm. Diesen Umständen ver¬
1900 3784 3007 3866 dankt auch das Lustspiel „Femina“ seine Bühnenkarriere.
2055 4090 2232 4166 B
3115 911 3256 1002 „Dor
3121 981 3257 1043 Pau
3142 1017 3258 1102 Ope
