3392 4256
2387 164 2844 272 box 3375
233 178 2239 275 23. Die Schuestern-oder-Casanova insna
1595 433 2447 539 Reichenberger Stadttheater.
1680 522 2551 600 Die Schwestern oder [osanova in Spaa
1584 570 2566 648 Ein Lustspiel in. Persen. Diel(Akte in einem von
1371 570 1464 658 8
1371 635 1476 690 2
1586 628 2172 709 Arthur Schnil
1557 670 2570 763 So lautet der Titel der Buchasesgabe und er ist
1377 681 1489 785 *
1466 742 2563 809 wohl für das Stück viel bezeichnendet als der den der
1457 787 2563 867 Theaterzettel vom Freitag brachte. Ein echt Schnitzleri¬
1458 849 2562 921 sches Stück, „drei Akte in einem“, nicht ein „Lustspiel
1466 909 2570 962 in 3 Aufzügen“. Schnitzler hat dom Wesen unsd Le¬
1456 940 2567 1008 ben des berühmten Abenteurers in zwei Werken, ir
1459 982 2555 1058 einer Novelle und in diesem Stück nachgespürt und je¬
1453 1043 2565 1100 desmal diesen aus Leichtsinn, Herzlichkeit, Schlauheit
1467 1099 2558 1156 Kühle, Berechnung, Glut, Leidenschaft. Ritterlichkei
1468 1139 2555 1197 und Unverfrorenheit sonderbar gemischten Charestte¬
1464 1190 2566 1266 zu gestalten gewußt. Casomova, Don Juan und Ahas
1469 1241 2573 1306 per zugleich, ist diesmal auf der Reise von Brüsse
1458 1288 2564 1357 nach — Paris, Wien, irgendwohln. In Spaa ergibt sid
1463 1338 2575 1403 für ihn ein Intermezto. Andrea Bassi ist mit seinen
1458 1375 2572 1453 Geliebten Anina aus Ferrara geflohen und gerät au¬
1471 1438 2573 1510 der Reise in die Gesellschaft des angeblichen Barons
1471 1471 2580 1558 Semtis, der der durchtriehene Zehälter seiner Frau¬
1463 1540 2572 1606 Flaminia ist. Dazu kommt, Herr von Gudar, ein abge¬
1470 1574 2588 1653 dankter holländischer Offizeer. Karten und rollendes
1467 1628 2578 1707 Gold, Lebenskeirst und Leichtsinn besiegeln dee Freund¬
1471 1674 2575 1758 schaft. Da trifft Casanova ein, sitzt zwischen den bei¬
1461 1746 2567 1808 den Frauen, der schlauen Flaminia und der unersah¬
1463 1775 2589 1850 renen Answa, Man plandert, man spielt. Die Nacht
1460 1841 2586 1902 lockt Casanova in die Arme Fleminias. Im Nebenzim¬
1473 1870 2585 1958 mer wacht Anna und erwartatehren Andrea, sie lehnt
1469 1945 2585 2003 am Fenster, und Casanova, mit der Oertlichkeit nicht
1466 1981 2598 2062 vertreut, hält sie für Flaminia und schwingt sich zum
1474 2034 2578 2105 Fenster herein ... Ueber das Glück Andregs und
1468 2074 2582 2154 An'nas fällt ein Schattem. Die Auseinandorsetzung
1473 2133 2587 2209 unterbricht Cafanova, der den betrogenen Andrea an¬
1468 2188 2580 2260 zuborgen kommt, um der Bitte der Geliebten zu. will¬
1470 2240 2585 2314 fahren und Spaa zu verlassen. Andrea erkennt, daß
1471 2303 2577 2358 Casanova im Irrtum lebt, Flaminia habe ihm ange¬
1473 2334 2579 2411 hört und ihn fortgeschickt, er schöpft neue Hoffnung,
1463 2393 2595 2446 doch Anfmna hält das Band zerrissen. Schließlich er¬
1470 2441 2586 2512 fährt Flaminia, daß sie betrogen wurde. Die beden
1470 2485 2582 2573 Frauen kämpfen um den Geliebten. Da wird die Frage
1470 2538 2577 2602 aufgeworfen, zu welchem Ende die Situation führen
1479 2588 2579 2655 solle und man beginnt das Problem zu diskutieren.
1474 2630 2581 2706 Man einigt sich, daß Casanova, dem man die Sache als
1468 2691 2584 2750 Novelle vortragen will, die Lösung finden solle. Schon
1473 2750 2584 2803 blitzen die Degen der betrogenen Männer, da erscheint
1474 2789 2578 2869 Cafanovas frühere GeliebteTheresia und der verschkun¬
1472 2830 2581 2903 gene Faden entwirrt sich in lebensbejahender Fröh¬
1484 2886 2580 2958 lichkeit. — Die Eigentümlichkeit und Seltsamkeit die¬
1485 2934 2592 3011 ser Zeit, des Milieus und der Gestalten weiß keiner so
1467 2977 2583 3052 zu schildern wie Schnitzler. In leichter Causerle ant¬
1480 3015 2592 3130 hüllen sich die setschen Feinheiten der Personen,
2016 3080 2579 3156 Sim, über das man plau¬
1479 3087 1859 3157 wird das Intise
1471 3119 2575 3213 dert. Die sprache ist voll Grazie und Liebenswürdig¬
1473 3172 2579 3258 keit, es pi#telt, hüpft und lacht in den Versen der
1468 3233 2582 3294 Leichtsinn der Lebewelt des 18. Jahrhunderts. Das
1473 3302 2589 3355 Stück hat soviel Zartheit, schelmische Launigkeit, daß
1480 3336 2582 3408 es ihm bei der Aufführung leicht ergehen kann wie
1464 3378 2580 3458 dem samtenen Schmetterling zwischen den Fingern
1480 3436 2577 3512 des Kindes. Das Werk buhlt nicht um Publikumser¬
1480 3486 2584 3552 folg. Es will gespielt werden und wie ein flüchtiger
1484 3541 2578 3599 Menuettwalzer vorübeerollen und Erheiterung ver¬
1472 3578 2583 3648 breiten. — Die Aufführung war nicht auf voller Höhs.
1475 3631 2592 3716 Deklamierte Verse erschlagen alle Weichheit, allen
1643 3914 1749 3979 S □
1292 3954 2399 4059 Scherz und Humor. Der P# „Von verliert sich, wenn
1298 4036 2397 4094 nicht Rade und Gegenrode lnnig Schlag auf Schlag
1294 4084 2524 4156 folgt. Den richtigen Ton, die plandernde Munterkeite
1927 4132 2387 4193 LePb lhn are  na.
