3344 4256
2323 129 2831 222 box 3375
222 139 2237 238 28. Die Schuestern-oder-Gasanouain Sna
740 856 1601 1056 niole & Seidel
770 1066 1582 1152 Bureau für Zeitungsausschnitte
763 1137 1589 1221 Berlin IO. 45, Georgenkirchplatz 21!
720 1234 1396 1329 Bayrische PNU
1141 1319 1604 1451 National-2te
724 1358 1189 1459 Zeitung:
1111 1429 1511 1516 Türnberg
730 1467 1128 1554 Or:
1346 1488 1626 1557 —
1137 1573 1466 1661 —.—
723 1575 1047 1662 Datum:
1410 1637 1591 1722 147
729 1689 1030 1774 —
690 1749 1041 1820 an unamtnan mausan
2944 1807 2988 1838 2#
1897 1816 3101 1869 bester Aufmachung und sorgfältigster Vorbereitung nicht gefällt, ist
1901 1855 3092 1895 nicht die Leitung, sondern der Verfasser und sein Werk zu tadeln.
918 1828 1644 1922 Stadttheater Nürnberg.
751 1843 848 1923 0
1942 1899 3087 1946 An der Aufführung selbst ließ sich nicht viel aussetzen. Frl.
736 1907 1883 1987 Die Schweikern, Verslustspiel von Arthur Schnitzler.
1897 1927 3101 2006 Liebing und Frau Berger gaben die zwei beteiligten Wei¬
676 1968 1873 2020 Erst wenige Mönate sind es her, daß Arthur Schnißler mit seinem
1905 1984 3091 2026 ber und es muß anerkannt werden, daß sie durch ihre einnehmende
679 2002 1876 2054 Stück „Der Reigen“ einen hösen Reinfall erlebte; es wurde wegen
1899 2019 3085 2076 Persönlichkeit und durch die liebreizende Art ihrer Darstellung die
672 2036 1891 2078 des unsittlichen Inhaltes fast überall verboten oder nur in geschlosse¬
1894 2058 3080 2111 oft häßlichen Ausdrücke in ihrer Wirkung zu mildern verstanden,
673 2077 1890 2132 nen Zirkeln zur Aufführung zugelassen. Am Dienstag ging nun
1904 2100 3091 2140 sonst wäre das Stück noch bedeutend abstoßender gewesen. — Herr
675 2120 1887 2177 wieder ein Stück des gleichen Verfassers erstmalig über die Bühne
1899 2135 3083 2185 Marx gab den Casanova ich möchte fast sagen: zu deutsch — es
686 2155 1877 2208 des hiesigen Stadttheaters. Es trägt den harmlosen Titel „Die
1904 2180 3086 2229 fehlte dem welschen Schwerenöter noch eine Dosis Eleganz und
676 2192 1880 2257 Schwestern“, entpuppte sich aber als eine richtige, saftige Schnitz¬
1899 2214 3095 2261 Chick. Vorzüglich war der Baron des Herrn Jung, namentlich in
674 2244 1876 2290 lextade. Im Mittelpunkt steht eine Lieberaffäre-des durch seine
1898 2251 3097 2303 der köstlich gespielten Trunkenheitsszene. Herr Willy Brandt
668 2277 1877 2322 vielen Liebschaften bekannten italienischen Abenteurers Casanova.
1902 2295 3098 2338 gab den betrogenen Bräutigam darstellerisch flott und glaubhaft,
671 2315 1878 2357 Indessen ist es nicht das Erlebnis selbst, das den Hörer abstößt,
1898 2329 3097 2386 doch nicht immer verständlich genug in der Aussprache. Frl. Rei¬
674 2350 1878 2400 sondern die At#amlosigkeit, mit der die beiden beteiligten Weiber
1902 2370 3096 2423 mann spielte den Kellner fesch und stramm. Frl. Hannen trug
683 2387 1883 2442 ihre Fehltrieke, bezw. ihre Gestünung offenbaren. — Von der Hand¬
1896 2412 3083 2449 als Tänzerin ziemlich stark auf, doch gestattete dies der Charakter
680 2422 1879 2476 lung, soweit überhaupt von einer solchen gesprochen werden kann,
1895 2445 3092 2493 der Roile. Die Inszenierung des Herrn Ludwig=Schön muß
680 2465 1879 2517 sei erwähnt, daß Casanova zu einem nächtlichen Besuch zu einer
1902 2483 3099 2557 als vornehm und der modernen Richtung entsprechend bezeichnet
676 2505 1877 2568 verheirateten Baronin bestellt war, versehentlich aber zu deren
1896 2523 2068 2581 werden.
2888 2528 3036 2595 A.
678 2547 1892 2594 Freundin, einem von dem reichen Italiener Bassi entführten Mäd¬
681 2580 1880 2643 chen gerät. Bassi erfährt von einem Brief, den dieses Mädchen,
677 2619 1886 2666 seine Braut, dem Casanova geschickt hat, macht ihr Vorwürfe und
676 2666 1880 2713 sie erzählt nun mit zynischer Offenheit das ganze nächtliche Erlebnis;
681 2696 1895 2751 es kommt zu einer Entzweiung, — da erscheint die Baronin, der
1789 2729 1831 2763 70
681 2731 1892 2781 Baisi das Erlebnis seiner Braut ungeschminkt mitteilt. Nun, fühlt
670 2771 1891 2828 sich die Baronin als die Betrogene, es entsteht eine heftige Eifer¬
675 2815 1874 2869 suchtsszene, die ganze Geschichte wird jetzt dem Baron vorgetragen,
673 2854 1882 2917 also zum 3. Male wiedergeläut. Er soll sein Veto abgeben, schiebt
677 2895 1886 2938 aber die Entscheidung des Falles dem Casanova zu, der allein in
667 2931 1894 2991 dieser Sache zuständig sei. So wird die Geschichte zum 4. Male
676 2973 1880 3026 aufgetischt, wenn auch in variierter und humoristisch aufgeputzter
677 3014 1881 3061 Art. Casanova kommt zu dem Weisheitsspruch, daß die beiden
670 3048 1892 3100 Weiber nur die einmal Betrogenen seien, der Liebhaber aber der
682 3084 1884 3138 doppelt Betrogene. Dann droht ein Doppelduell zwischen Casanova
679 3128 1888 3175 einer= und Bassi und dem Baron andrerseits. Die Weiber ver¬
677 3156 1896 3218 hindern es. Jetzt erscheint plötzlich eine alte Geliebte des Casa¬
682 3206 1881 3251 nova, eine schamlose Tänzerin, die ihn für sich in Beschlag nimmt,
671 3246 1892 3294 sich mit ihren Rivalinnen aufreundet und schließlich die beleidigten
682 3275 1882 3329 Ehemänner zur Versöhnung veranlaßt. — Das Publikum stand dem
670 3321 1879 3375 ganzen Stück teilnahmslos, ja gelangweilt gegenüber und man
680 3363 1877 3413 muß ja auch zugestehen, daß ein Lustspiel, bei dem fast nicht ge¬
676 3394 1887 3448 lacht wird, eben kein Lustspiel ist. Die Abonnenten pflegen ein
678 3435 1892 3491 Stück nicht offen abzulehnen, sondern ziehen es vor, beim Verlassen
697 3479 1888 3526 Theaters und auf dem Heimweg weidlich zu schimpfen. Jedoch
677 3504 1879 3563 #e Sefenhanz hat unbestritten die Pflicht, das Publikum mit den
679 3558 1875 3606 Neuerscheinungen anerkannter Autoren, zu denen Schnitzler immer
666 3591 1890 3658 noch gehört, bekannt zu machen. Wenn dann ein solches Werk trotz
