3392 4384
2472 260 2921 362 box 3375
299 297 2316 382 28. Die Schuestern oder Casanova in sna
659 1322 999 1422 A. feinen —
658 1365 1837 1458 Kaisers, die Bestrafung der Kriegsverviecher, Ha##e
1837 1362 2985 1464 eine heledte Sprache. Die Rroision isr sche. 21
195 1373 652 1468 eines Koalitions¬
653 1436 1820 1499 und Strenge bis zum Aeußersten gefordert. Frank¬
1835 1430 3005 1511 vermeidlich, weil Amerika diesen Frieden nicht will und
187 1445 546 1544 inn Müller.
1040 1478 1826 1544 seiner sittlichen Entrüstung, es
653 1487 995 1552 reich glaubte
1841 1476 3016 1553 daher ein neuer geschlossen werden muß. Amerika will
655 1523 1825 1595 rechnete mit einer Leidenschaft, deren Zweck es war,
190 1531 403 1596 n Presse“.)
1834 1529 3016 1602 ebenfalls die Hilfe für die Mittelmächte, und es wäre der
655 1576 1826 1635 die Wahlen zu gewinnen. Es verkannte die Natur dieses
194 1568 623 1648 in, 26. März, abends.
1842 1594 3009 1662 größte Fehler von Frankreich, sich solchen Strömungen
668 1610 1833 1685 Mannes der ein Verwandlungskünstler der Politik enannt
187 1623 656 1697 kösung entgegen. Es ist
1836 1626 3008 1708 entgegenzustellen und Gehässigkeiten auf sich zu nehmen,
657 1659 1837 1738 werden muß. So ließ es sich verlocken und forderte mit
194 1671 661 1744 daß es dem bisherigen
1835 1669 3004 1752 ohne die Kraft zum entscheidenden Widerstand. England
661 1703 1835 1790 größter Wucht die Herausgabe des Kaisers, die Anklage
194 1730 660 1792 üller gelingen wird,
1837 1720 3019 1801 hat die Besetzung des Ruhrgebietes durch Foch verhindert.
677 1755 1839 1843 gegen die Kriegsbeschuldigten und zuletzt noch in diesen
189 1777 660 1849 altung dürfte im Laufe
1837 1769 3011 1847 Es will keine neuen Schwächungen von Deutschland und
666 1809 1832 1881 Tagen die Besetzung des Ruhrgebietes. Lloyd=George aber
223 1817 663 1877 Das Kabinett
1846 1807 3013 1897 leine neuen Eroberungszüge. Schon jetzt ist das Bild der
658 1853 1835 1914 war verschwunden. Während Frankreich sich aufregte, war
192 1849 663 1929 inett auf Grund der¬
1837 1879 3016 1954 Entente nicht wieder zu erkennen. Ein französischer Ab¬
668 1896 1828 1969 er bereits kühl bis ans Herz hinan, milde und weich, als
194 1908 655 1988 zur wird die Beteiligung
1839 1908 3019 1993 geordneter droht mit einem Bruche der Bündnisse. Barthon
663 1953 1826 2015 hätte er nie daran gedacht, den Greueltaten Bedeutung bei¬
1831 1954 3023 2039 soll seine Stelle niederlegen. Aber seine Worte sind nicht
661 1991 1828 2066 zumessen und den Kaiser zu hängen Er hatte Frankreich im
193 1983 662 2062 n Müller. Das
1832 2012 2703 2078 auszulöschen; sie sind ein Zeichen der Zeit.
667 2036 1834 2098 Stich gelassen, weil die innere Politik so gebot, die Stimmen¬
207 2042 661 2113 dem früheren Justiz¬
197 2079 671 2161 Brüssel, dem Mehrheits¬
1836 2106 3024 2188 wenn auch ein außerirdisches oder, wie die Schriftgelehrten
193 2128 680 2218 etragen worden. Wenn
1836 2174 3015 2230 der Geheimwissenschaften sagen, ein transzendentales Sub¬
188 2183 665 2249 er Linie Graf Brock¬
887 2148 1618 2277 Feuilleton.
1837 2201 3020 2289 jekt. Sofort überschüttete er den Dichter mit einem Schwall
189 2233 668 2306 n Graf Bernstorff
1853 2268 2240 2350 von Dankesworten.
205 2280 676 2345 on, welcher der hervor¬
978 2266 1506 2370 Casg#ova in Wien.
195 2317 679 2390 Brockdorff=Rantzau in
1930 2310 3030 2402 „Das haben Sie gut gemacht, Verehrtester, vortrefflich!
741 2347 1846 2423 Kaum angekommen, eilte er zu Artur Schnitzler,
192 2373 668 2435 Moten dort verfaßt hat.
1849 2386 3023 2453 Sogar mit Versen haben Sie mich beehrt, mit feinen Blank¬
681 2393 1834 2461 um sich zu bedanken, daß er ihn, den Viel¬
213 2418 662 2483 Cuno, Direktor der
1845 2427 3029 2498 versen. Reime wären mir noch lieber gewesen, weil sie uns
1740 2443 1833 2503 so¬
1704 2451 1756 2490 8
670 2442 1715 2519 berühmten, Vielberüchtigten, in dem neuen,
190 2463 669 2537 minister der demokrat
1844 2486 3028 2549 mit ihrem musikalischen Klang noch höher über das All¬
1700 2485 1830 2552 Die
681 2488 1703 2557 eben im Burgtheater aufgeführten Lustspiel „
194 2519 666 2576 knisterium soll der be¬
1842 2517 3034 2595 tägliche emportragen und weil mein Ohr von jeher nach
671 2536 1845 2605 Schwestern“ zur Hauptfigur der muntern Handlung er¬
201 2555 672 2625 und badische Minister
1848 2568 3023 2641 Musik lechzte. Doch ich danke Ihnen auch für die Jamben.
671 2587 1843 2657 hoben hatte. Der Dichter war nicht wenig erstaunt über den
198 2609 672 2687 was eine ausgezeichnete
1838 2616 3025 2682 Sie haben mich, Bester, sozusagen im seidenen Sonntagsfrack
678 2634 1845 2701 höchst unerwarteten Besuch. Wie war er nur herein¬
189 2654 675 2724 en würde. Die dem
1846 2678 3033 2743 den Wienern vorgestellt, haben jedenfalls bewiesen, daß ich,
675 2697 1831 2753 gekommen? Keine Tür ging auf, kein Fenster öffnete sich.
198 2697 674 2766 esberts und Bell
1850 2709 3037 2782 den alle Welt einen Taugenichts schilt, wenigstens zum Lust¬
677 2734 1846 2787 Er stieg nicht aus dem Boden auf, fiel nicht von der Decke
195 2748 669 2815 tzministerimn erhält der
1842 2758 3029 2829 spielhelden ausgezeichnet tauge. Es mußte eben nur der
669 2781 1841 2851 herab. Eine schmale Schichte Luft hatte sich unversehens zu
188 2799 677 2861 erte badische Finanz¬
1849 2802 3039 2882 rechte Mann kommen, der mich verstand und zu verwenden
684 2827 1844 2893 menschlicher Gestalt verdichtet, und nun war er eben da, stand
186 2840 663 2911 ngefochtene Reichswirt¬
1846 2857 3028 2930 wußte.... Erst gestern habe ich davon erfahren. Ich be¬
677 2887 1836 2935 vor ihm in seiner Rokokotracht, ein Stück achtzehntes Jahr¬
193 2887 675 2952 ist Robert Schmidt,
1860 2907 3039 2982 fand mich in meiner Vaterstadt Venedig, saß, ganz unbemerkt
671 2919 1848 2989 hundert, wenn nicht das Jahrhundert in ganzer Figur, wohl
197 2933 672 3018 rd der bisherige Reichs¬
1826 2955 3045 3033 natürlich in einem Kaffeehaus unter den Arkaden und las
660 2969 1838 3061 kein greifbar Fleisch und Blut, aber sichtbar und beweglich,
912 3130 1620 3264 Pene Prtie Praaze Wien
1655 3159 1967 3284 27. Ml. 29
