3392 4320
398 118 1667 171 Schnitzler erschien schon lange nicht mit einer Novität im Burg¬
337 155 1666 225 theater, wo er sonst in jedem Jahr mit einem neuen Werk ver¬
327 189 1665 286 treten war. Seiner Komödie „Professor Bernhardi“ blieben
384 239 1671 306 Caus Tendenz= und Zensurrücksichten die damals noch spröderen
414 274 1679 357 Pforten des „Hoftheaters“ verschlossen. Jetzt öffnen sie
414 345 1685 409 sich, selbst in solchen Fällen, leichter. Mit um so größerer Freud¬
418 399 1682 455 wurde dann Heines Initiative in der Angelegenheit der Komödie
429 425 1681 508 „Die Schwestern“ behauptet. Bekanntlich wendete sich das Burg¬
420 482 1666 537 theater selbst an Arti Schnitzlerum Ueberlassung des Stückes
420 530 1681 604 (Ein Schritt, den man früher einmal mit Rücksicht auf die be¬
425 577 1682 637 rühmte „Tradition“ nie unternommen hätte.) Der Dichter sagte
417 625 1697 696 „Ja“, da er im Volkstheater Besetzungsschwierigkeiten hatte. Im
411 672 1695 726 Burgtheater, wo bereits eifrig an den Dekorationen gearbeitet
414 722 1693 784 wird, ist auch die kleinste Rolle mit ersten Kräften besetzt. Die
430 757 1695 826 Pröben haben bereits begonnen, Schnitzler wohnt ihnen natürlich
559 813 1575 877 er ist bekannt als der beste Regisseur seiner Stücke.
534 882 1179 949 Hier die Besetzung der Komödie:
1133 919 1415 977 Herr Treßler
660 922 910 990 Casanova
1146 962 1464 1019 Frau Wolgemnt
657 971 920 1021 Flaminia
1138 1007 1393 1053 Frau Retty
651 1011 915 1072 Theresa
1131 1038 1456 1107 Fräulein Aknay
661 1049 861 1102 Anina
1140 1081 1415 1137 Herr Thimig
664 1090 816 1136 Tito
1148 1121 1443 1175 Herr Danegger
656 1104 962 1173 Baron Santis
1151 1159 1383 1207 Herr Heine
653 1163 957 1213 Herr v. Jndar
1125 1188 1390 1259 Herr Schott
663 1201 968 1256 Andräa Bassi
422 1238 1687 1303 Ursrunglich hatte Schnitzlers Versstück einen anderen Titel. Es
422 1280 1684 1340 hieß „Casanova in Spa“. Erst später entschloß sich der
426 1324 1690 1408 Dichter, den Titel zu ändern, weil „Die Schwestern“ den Inhalt
417 1379 1691 1430 des Stückes besser ausdrücken. Mit dem alten Titel hätte nun
425 1428 1697 1502 die Komödie im Deutschen Volkstheater als Weihnachtsnovität in
432 1480 1690 1546 Szeue gehen sollen. Bekanntlich bat nun Schnitzler das Volks.
423 1526 1680 1582 theater, die Aufführung zu verschieben, er hatte damals der
421 1574 1696 1633 großen Erfelg mit „Professor Bernhadi“ und wollte nicht ir
432 1630 1684 1687 einer Spielzeit mit zwei Stücken an einem Theater erscheinen
433 1672 1692 1730 Als nun seinerzeit die erste Notiz aus der Kanzlei verschick
430 1727 1698 1776 wurde, gab es einen heiteren Zwischenfall. Es gibt nämlic
418 1776 1676 1829 nicht nur einen Druckfehler-, sondern auch einen Schreibmaschinen
428 1816 1688 1881 teufel. Und so passierte dem Tippfräulein des Volkstheaters ein
418 1863 1687 1918 lustiger Irrtum. Einer der Dramaturgen bat sie, eine Noti
421 1907 1680 1968 über die Aufführung des Werkes an die Zeitungen zu versenden
426 1955 1683 2021 Es war bereits ziemlich spät und in der Hast der Arbeit er
427 1997 1703 2079 eignete sich das harmlese kleine Malheur. Das Tippfräulei:
433 2057 1059 2122 schrieb nämlich ruhig als Titel:
856 2104 1275 2184 „Casanova in Spo.“
427 2166 1689 2225 Er rutschte ihr einfach statt des „a“ ein „o“ heraus. Wahr
425 2215 1689 2276 scheinlich war das Alphabet von ihren hübschen kleinen Fingerr
429 2263 1689 2329 geblendet und geriet in Verwirrung, was auch dem anständigster
432 2322 1683 2382 Alphabet passieren kann. Kurz, der Abzug kam aus der Druckere
418 2357 1696 2425 und brachte die Anzeige, daß das Deutsche Volkstheater das
416 2417 1706 2466 neueste Werk Artur Schnitzlers, die Komödie: „Casanova
421 2462 1703 2516 in Spe“ erworben habe. Das Tippfräulein bemerkte bei der Kon¬
428 2499 1703 2570 trolle des Abzuges selbst den kleinen, unschuldigen Lapsus und
424 2545 1703 2620 gab dem berühmten Abenteurer sein „a“ wieder zurück. Die Casa¬
418 2600 1306 2668 nova=Literatur konnte also wieder ruhig sein.
546 2633 1691 2713 Auch sonst ist in den Theatern wieder vollkommene Ruhe
426 2704 1703 2754 eingetreten. Man hat, wie es scheint, den Humor wieder gefunden.
430 2739 1707 2801 Sowohl die Bühnenleiter haben ihn, wie die Schauspieler. Nur
439 2796 1708 2859 kleine Streitigkeiten persönlicher Natur pflegen vorzukommen. Es
426 2841 1703 2895 gibt eben aufgeregte Herren, die aus purer Nervosität in Konflikte
439 2875 1698 2939 geraten. So gab es vor kurzem wegen einer Meinungsverschieden¬
432 2932 1699 2988 heit einen argen Zwist hinter den Kulissen einer hiesigen Bühne.
428 2987 1705 3041 Ein Wort gibt in solchen Fällen das andere. Beide Teile gehen
426 3026 1710 3089 in ihrer Aufregung weiter, als unbedingt notwendig ist. Theater¬
422 3075 1704 3128 leidenschaften toben sich gerne aus. In seiner Rage forderte nun
429 3120 1703 3182 Herr 9) Herrn Z. Herr Z verlor seine Ruhe nicht. Er sah den
434 3178 1701 3227 Ereignissen ohne Besorgnisse entgegen. Und nun kam eine über¬
424 3207 1715 3271 raschende Wendung. Herrn 9) erzählte man nämlich, daß ein
428 3243 1708 3317 Duell heutzutage mit — großen Kosien verbunden sei. Auch hier
428 3311 1695 3369 haben sich die Spesen, wie bei allen Luxusgegenständen, sehr er¬
439 3356 1711 3409 höht. Und bei der enormen Teuerung der Lebensmittel wollte der
436 3406 1708 3469 beleidigte Schauspieler nicht zu viel für die Herstellung seiner
436 3441 1703 3532 verletzten Ehre ausgeben. Kurzum, Kollegen griffen vermittelnd
432 3512 1288 3576 ein und die beiden Herren versöhnten sich.
563 3536 1708 3624 Später sagte Herr Z; „Die ganze Geschichte wäre ohnehin
437 3607 1350 3676 keeinen Schuß Pulver wert gewesen.“
555 3685 1715 3769 * Im Burgtheater wurde der Spielplan vom
432 3743 1725 3798 7. Eis 14. März d. J. wie folgt sesigesetzt: Sonntag „Die
2126 543 3009 631 Die Schnitzler=Premiere im Burg¬
2454 614 2701 693 Thrats
2434 662 2722 739 Am ##etag.
2185 713 3027 774 Die Premie## von Schnitzlers Lustspiel
2252 754 3028 830 Sc###tern“ findet nicht wie im
1977 770 2100 829 22
2416 797 3033 855 aben Mittwoch, sondern erst
2105 802 3028 891 Regerto# Den Casanova spielt Herr
1993 828 2083 891 255
2109 850 3030 938 T####ler,# den übrigen Hauptrollen sind
1973 897 3052 983 SWr Schott, die Damen Wohlgemuth,
2116 947 2596 1001 und Aknay beschäftigt.
2923 962 3062 1054 7—
2120 1023 2834 1112 S
2152 1185 2852 1279 „orToyn.
1833 1202 2004 1322 VI/
2230 1265 2957 1358 Der neue Schnißler.—
2205 1332 2943 1408 Die nächste Burgtheater=Premiere.
2186 1381 3024 1459 Schnitzlers „Schwestern“ sind die nächste
2104 1421 3022 1491 Burgtheater=Premiere. Das Lustspiel, in blan¬
2065 1451 3017 1542 Vken, zierlichen Versen geschr eben, dreiaklig,
2110 1506 3018 1561 einen Casanova-Stoff behandelnd, wie die
2117 1544 3023 1616 letzte Erzählung des Dichters, sollte ursprünglich
2104 1593 3027 1636 am Volistheater gegeben werden. Besetzungs¬
2107 1623 3015 1705 schwierigteiten führten schließlich zur Ab¬
2091 1668 2907 1730 tretung des Werkes an das Burgtheater.
2180 1708 3029 1767 Das Problem der „Schwestern“ ist eigent“
2098 1737 3016 1815 lich ein erotisches, ja ein ziemlch delitates. Dies
1913 1748 2001 1814 80
2093 1778 3010 1843 Behandlung entspricht freilich völlig der An¬
2086 1802 3011 1894 put und dem Takt, mit denen dieser Dichter¬
2031 1852 2938 1906 gsich auf solchem Gebiete zu bewegen pflegt.
2162 1902 2998 1964 Den Casanova spielt im Burgtheater Herr
2094 1924 3017 2010 Treßler, die Anina Frau Wohlgemuth,
2101 1975 3003 2044 ihren Liebhaber Andrea Herr Schott, die
2098 2015 3013 2104 Nebenbuhlerin Aninas in Casanovas Lieber
2100 2049 2405 2111 Frau Aknay.
2171 2082 2998 2157 Der Schauplatz des Lustspiels ist das
2077 2130 3011 2215 „schöne, beinahe prächtige“. Fremdenzimmers
2093 2187 2994 2251 eines vornehmen Gasthofes. Die Szene wird
1926 2199 1991 2259 8
2092 2211 2561 2288 von Wilke entworfen.
2159 2296 3011 2376 Ueber die eingangs erwähnte Uebertragungt
1825 2199 2040 2395 81
2086 2339 2996 2445 des Stückes vom Volis- ins Burgtheater teiltg
2088 2392 2485 2441 man uns noch mit:
2162 2435 3021 2491 Das neueste Burgtheaterlustspiel, Schnitz¬
2085 2466 2999 2538 lers „Schwestern", hat eine nicht ganzi¬
2077 2492 3002 2576 unbewegte Vorgeschichte. Es war zuerst##
2079 2546 2993 2618 von Derektor Bernau zur Aufführung er¬
2069 2584 2997 2660 worben worden und sollte auch nach dem ur¬
2071 2625 2989 2675 sprünglichen Repertoirepian schon vor Weih¬
2079 2667 2985 2741 nachten gespielt werden. Da ergaben sich un¬
2067 2692 2857 2763 geahnte Schwierigkeiten der
2855 2711 2977 2785 Be¬
2072 2737 2977 2807 setzung. Die weibliche Hauptrollc,
2078 2774 2986 2832 die Anina, wurde einer ganzen Reihe von
2074 2807 2975 2883 Darstellerinnen überantwortet die sie aber
2069 2843 2990 2914 sämtlich als ihnen „nicht liegend“ zurück¬
2071 2888 2979 2959 weisen zu dürfen baten. Aehnlich ging's mit
2066 2927 2990 3008 dem Casanova, für den sich weder Edt¬
2062 2971 2973 3044 hofer, der zuerst ausersehen war, noch
2065 3000 2974 3075 Aslan erwärmen konnten. Schließlich kam es
2065 3053 2983 3107 beinahe zu einem Zerwürfnis zwischen?
2063 3085 2970 3160 Schnitzler und der Direktion, da diese nach
2058 3118 2962 3191 so vielen Kalamitäten und Weigerungen ein¬
2042 3161 2961 3254 zelner Darsteller dann eine Besetzung vorschlug,
1992 3226 2885 3346 —Läglich Ahand Vnnzort
1904 3298 2816 3437 de Bioher nit ertentaner Iudspaen.
1896 3351 2810 3471 derewies Wan einste ich— und ver¬
1919 3388 2796 3516 d28 den Teryin der Premtere. Mont
1902 3411 2791 3552 uld du Saschel des Silte bestaen
1897 3448 2797 3609 en 1 Schagtr feperiserte entne
1888 3495 2783 3629 erbrteffie von in Sen ale un
1885 3523 2784 3686 . bu der Juschanget slng die de
1877 3568 2776 3702 Wiennen Air den Metelbeten
1881 3597 2766 3746 Se des bancht K drer Behlsenung
1869 3653 2772 3783 Mnd als bidenn Tretter ana
1869 3683 2768 3816 ereten arsen di. abervage
1862 3720 2750 3865 n2 Werl in senfsonichenregenm. De
1866 3757 2754 3907 Seen ungchelist un ein hale Ach
1849 3796 2151 3898 r
2394 3854 2437 3938 4
