3392 4352
2455 156 2902 261 box 3375
286 173 2313 265 28. Die Schwestern-oder-Casanovs in Sna
574 413 1439 589 #chr Kd# F bGeat
600 496 1401 666 haie
2712 679 3189 782 Preis 1 Krone.
1523 681 2247 783 II. April-Hälfte 1920.
443 691 1277 788 Nr. 29 (XXlI. Jahrgang).
2343 752 2548 847 ——
273 671 370 855 3
447 798 652 913 *
730 929 1059 1025 Hende
1744 1041 1855 1138 D4
1894 1038 3023 1157 AAndenkaden
752 1035 1761 1156 Näglckg Taatce.
747 1178 3088 1273 4 Herausgeber Carl Ed. Klopfer. Commandit-Verlag Klopfer & Comp., Wien, VIII., Skodagasse 28. Postspark.-Konto Nr. 48.175. Telephon Nr. 14-6-44 K
600 1257 3031 1354 J Abonnement (kann mit jeder Nummer beginnen 10 K (4 Mark) für 10 fortlaufende Nummern (mit Postversand; ohne Theaterzettel).
234 1248 434 1403 S
2123 1350 3354 1424 Folgerungen, die mit einer bewundernswerten Welt- und
2117 1416 3354 1482 Seelenkunde auf dem beschränkten Gebiete in meisterlicher
268 1413 336 1475 7
1546 1418 2102 1512 Franklin=Schuhe
249 1444 337 1515 2
364 1418 1199 1530 Burgtheater.
2108 1466 3347 1527 Form behandelt und gewandelt werden. So wenig wie
1620 1494 2026 1557 Zentral=Niederlage:
2112 1501 3346 1569 Casanova im Roman seines Lebens will Schnitzler hier
378 1519 1522 1582 Die Schwestern oder Casanova in Spa. Ein Lust¬
271 1513 348 1603 S
1540 1526 2099 1605 VII., Neubaugasse Nr. 12,14.
2117 1548 3375 1620 oder sonstwo in seinen auf den gleichen Ton gestimmten
293 1573 1521 1635 spiel in Versen, drei Akte in einem, von Arthur Schnitzler.
1557 1593 2118 1638 Eigene Erzeugung. — Tel. 38-4-27.
2121 1617 3345 1672 Werken Frauenkeuschheit läugnen oder ihr den Ehrfurchts¬
303 1630 1263 1694 (Uraufführung, Freitag, den 26. März 1920.)
2113 1661 3352 1715 zoll versagen. Sie dürften sich beide sogar auch „Frauen¬
392 1666 2118 1722 Von einer Kunstkritik, die durch Kulturen trampel! ####ossseeese#oseseeleesecceee
2115 1699 3351 1766 loy; nennen — bloß in bestimmter Richtung, und nur
1503 1712 1552 1750 5
289 1724 1517 1789 wie das Rhinoceros durchs Tulpenbeet, ist mit sittlich
2112 1751 3360 1811 diese erwartet man ja (und ist „gewarnt“), wenn Arthur
286 1752 1559 1825 gesättigtem Ernste behauptet worden, daß Schnitzlerssg
2122 1804 3359 1869 Schnitzler unterzeichnet — und gar im Namen Casanovas.
1627 1792 2032 1890 ODE
294 1814 1528 1890 jüngstes Werk das Burgtheater entwürdige — und dafür
2122 1848 3359 1923 Das Burgtheater hatte nur dem künstlerischen Werte
288 1857 1549 1938 sein „Junger Medardus“ gelobt worden: das mit Viennensia
1598 1879 2055 1953 -Spezialfabrik.
2127 1885 3352 1968 nachzufragen, und der ist hier in leuchtender Fülle ge¬
293 1909 1535 1973 aus Geusaus Lokalchronik von 1805 und 09 kolorierte
2118 1934 3357 2023 geben. Wie prächtig nur der Fluß der Verse, in denen
297 1965 1537 2034 Spektakelstück, das heute ausgebrüllt werden müßte. Einer!
1548 1938 2104 2023 Küchen, Vor- und
2111 2000 3353 2057 der abgehauste Lebemann Herr v. Gudär Anina, der von
1641 2005 2104 2062 —
294 2001 1537 2082 meinte sogar, das Thema dieser Schwestern passe in die
2118 2046 3346 2116 Andrea Bassi aus der gemeinsamen Vaterstadt Entführten,
295 2050 1535 2134 Szenenfolge des „Reigen“ — und hat damit nur den eigenen
1569 2054 2085 2127 Mädchenzimmer.
2108 2084 3238 2168 mit ehrlichem Wohlwollen ihre Zukunft prophezeit!
297 2117 1531 2175 Mangel an Stil- und Stylgefühl enthüllt. Denn jenes natu¬
1609 2123 2129 2186 —*
2673 2146 3160 2193 .kenn' ich Menschen so,
300 2155 1515 2219 ralistische Skizzenbuch — Pornographie für eine Ge¬
1558 2165 2108 2239 KARL. KLIMBERGER & Co.
2263 2153 3178 2239 Wie's mir nach sechzig Jahren Weltfahr. ansteht,
290 2198 1542 2266 sellschaft, die am Familientisch die Gartenlaubetugend
2280 2220 3070 2270 So denk' ich, daß Herrn Bassis Bürgersinn
1551 2232 2113 2282 XX., Kalberplatz 6. Tel.13-4-Il. 2
2269 2257 3116 2326 Der lieben Vettern Gunst so schwer entbehrt,
294 2255 1543 2314 heuchelt urd am Biertisch die Zote so gerne bewiehert,
1551 2277 2118 2335 Billigste Preise. Höchste Auzeichnung:
2269 2295 3026 2360 Als Ihre Frommheit, holde Frau Anina,
1576 2317 2083 2356 Große goldene Medellle 1913.
299 2304 1528 2367 Photograxhie für den abgekühlten Beobachter der
2267 2333 3071 2394 Der Kirche heil'gen Spruch und Ehesegen.
292 2353 1523 2407 Großstadt-Zivilisation an der Jahrhundertswende, der sie
1527 2333 2106 2417 & Fillalen „Küchehrer“:
2271 2366 3133 2429 Und ist bei rauhem Wind in fremden Landen
1557 2391 2115 2460 IV. Margaretenstr. 2 (b. Rainerplatz), F
300 2405 1525 2462 ein scharfes „Ecce!“ bietet — ist himmelweit und abgrunds¬
2269 2422 3073 2469 Des Abenteuers Lust und Rausch verweht,
1566 2432 2106 2484 VIII. Josefstadter Str. 30, VI., Stum¬
2275 2464 3137 2511 Das Kinder sich am sichern Herde träumten,
309 2447 1534 2510 tief entfernt von diesem farbenfrohen, feingeschliffnen
1565 2467 2108 2513 pergasse 51, XVIII., Währinger Str. 115.
1569 2503 2110 2548 VI., Gumpendorfer Str. 5, IX., Stadt¬
2272 2490 3200 2564 So kehren Sie — wie gern! — zurück, wo längst
303 2505 1522 2566 Kunstwerk, der reifsten Fracht eines allerdings auf den
1549 2529 2099 2590 bahnviadukt 115 (nächst d Volksoper),
2277 2537 3060 2588 In milder Heimat wohlumschloßnem Kreis
1669 2555 2015 2600 XXI., Hauptstrade 28.
305 2552 1518 2611 Umgang mit seinen Liebesgöttern spezialisierten Dichters,
2271 2575 3051 2628 Mit offnen Armen die Verzeihung wartet.
1527 2569 2145 2656 Seccoosoosoosoeneeant tosossee4
305 2602 1527 2657 der jed s „Erotema“ — erotisch beantwortet: Geschmäckler
2214 2589 3352 2688 Fänden sich diese Jamben auf einem vergilbten und
296 2645 1527 2707 bis in Jie, Einverspitzen. Heißt ihn also schon den Eroto¬
1623 2669 3355 2751 ERGITSCHverwchten Blatt aus dem Weimarer Kreise, man rieta auf
304 2690 1535 2745 mane in der Litteratur (Karl Kraus hat seines Wesens
2121 2714 3358 2796 den Diclter von „Hermann und Dorothea“ und hielte mehr
302 2744 1546 2810 Kern den konzentrierten Schwächezustand genannt), aber
2135 2768 3357 2824 als ein Semester germanistisches Kolleg darüber. Was
1632 2754 2136 2857 -Drahtgitter
303 2791 1544 2860 nur jj. nicht Zyniker! Das ist er ebenso wenig wie dieser
2135 2813 3354 2879 sonst an Perlen reich geboten wird, mag man im Buch
301 2839 1538 2910 Casanova, dem man mit der Marke „Abenteurer“ genug¬
1621 2836 2138 2908 WIEN, I., Friedrichstr. 4.
2139 2856 3357 2930 (Verlag S. Fischer in Berlin) genießen, das Charakterbild
305 2869 1545 2959 getan zu haben glaubt und dessen hundertfach gefülschte
1621 2891 2135 2954 KLAGENFURT, GRAZ.
2138 2907 3363 2976 Casanovas, wie es Gudar entwirft, voran, und jjeden Satz
304 2939 1540 3001 Memoiren (die echten ruhen heute noch in Dux oder in
2122 2950 3363 3038 fast, den wir von ihm selbst vernehmen. Die Wiederkehr
1557 2941 2125 3039 MODERNE GALERIE
304 2980 1547 3061 einem Leipziger Verlegerarchiv) den Meisten als die auf
2126 3002 3375 3091 der abtrünnig gewordenen Geliebten nennt er Treue, wie
1567 3019 2120 3094 KUNST u. WOHNUNG
307 3024 1505 3094 Lesers Lüsternheit spekulierenden Bekenntnisse oder —
2137 3050 3365 3127 er sie verstehe, und als ihm Bassi einwirft: Ja, wenn es Heim¬
305 3068 1536 3134 Aufschneidereien eines Wüstlings gelten. Sie sind in jedem Fall
1540 3064 2132 3153 R. LORENZ, Ges. m. b. Hl.
2137 3111 2659 3181 kehr wäre! erwidert er:
301 3127 1538 3190 buch stäblich Eigen-Erlebnisse, d. h. Sichselbstbeobachtungen,
1578 3151 2106 3205 VIII, Josefstädter Straße 21.
2199 3125 3294 3203 Heimkehr: — 0 Wahn! Als wenn, ein Mensch dem andern
307 3186 1529 3243 individuelle Sensationen, in denen das Weib nur Medium
1528 3183 2143 3245 Moderne u. anlike Möbel, komplette Woh¬
2205 3191 3112 3250 Heimat zu sein sich jemals schmeicheln dürfte.
1528 3228 2147 3273 nungseinrchlungen, Kunst u Kunstgewerbe
298 3216 1532 3293 zum höchst üsthetischen Genuß am Ich wird, so daß es
2206 3236 3070 3288 Und was uns Heimat hieß, war’s jemals mehr
2213 3243 3105 3334 Als Rast am Weg, so kurz, so lang sie währte?
306 3282 1551 3340 belanglos bliebe, wenn der Großteil der geschilderten!
2202 3300 3006 3365 Heimat und Freeide: Worte tauben Klangs
311 3316 1548 3386 Aventiuren nur die dichterische Ausgestaltung einer von
2199 3362 3046 3408 Für den, der nicht, nach Bürgerart, bedrückt
301 3361 1547 3440 halber Gelegenheit empfangenen und ganzem Wunsche
2210 3381 2975 3452 Von Vorurteil, verschüchtert vom Gesetz
2206 3408 3074 3482 Und feig verstrickt im Wirrsal des Gewissens,
310 3409 1550 3488 lebendig gehaltenen Auregung gewesen würe. So muß
2213 3473 3018 3527 Sich Ordnung lügt ins Chaos seiner Brust.
311 3461 1554 3521 unserm Dichter sein hier dem Casanova zugeschriebnes
2225 3489 3375 3567 Daß durch das Ganze die Moral der Hochstapler und
316 3503 1550 3575 Spa'er Abenteuer mit der Verwechslung der beiden „Schwe¬
2136 3550 3370 3621 Kurtisanen weht, liegt im Milieu, das der Dichter so wohl
310 3565 1550 3633 stern“ (Bettschwestern, nicht Betschwestern) ein in höherem
2141 3608 3363 3671 getroffen hat wie die Perversität des fallbeilreifen Rokoko
314 3631 1551 3686 Sinne „wahres“ Erlebnis sein, woneben gewiß niemand
2132 3643 3366 3714 im „Grünen Kakadu“, Und daß Herr Bassi sich zuletzt
320 3658 1560 3728 Wert auf die Frage legt, ob es tatsächlicher Erfahrung
2141 3694 3371 3764 mit dem Geschehenen versöhnt wie sein Aninchen mit der
318 3721 1549 3781 oder Beobachtung entstamme, und nur ein Obszönitäten¬
2130 3739 3373 3826 fihr so verhängnisvoll „verschwisterten“ Flaminia, die ihrem
318 3735 1558 3822 schnüffler kann behaupten, daß es dem Dichter um die
2135 3783 3384 3872 Mann, dem „Baron“ Santis, den Köder seiner Spieltisch-Opfer
314 3809 1563 3885 genießerische Schilderung jener nüchtlichen Begebenheit
1643 3759 2118 3925 Pränisions Uiron
2129 3836 3378 3911 Tabgiebt, will ja nicht ethisches Raisonnement sein, ist im
320 3873 1553 3938 ginge. Sie ist bloß der Ausgangspunkt der verwickelten
1802 3934 1920 3990 bei
3021 3946 3263 4052 Spezial¬
2360 3994 2739 4065 TIINTENSSRI
1597 3976 2092 4069 N. HERZ 3 Schn,
472 3976 1385 4069 CdemeWerprache
1629 4061 2076 4130 Uhrmacher, seil 1850,
1030 4072 1253 4119 rte.
2249 4037 2815 4123 ADOLF STERN
493 4071 622 4122 K#
587 4067 1410 4171 W urane
2890 3921 3362 4171 Sanmolvortohr
2208 4111 2812 4186 Keceerasse #I. Te.
1083 4138 1184 4187 0
1255 4123 1473 4188 ANg E
406 4107 895 4195 Aaiun
