3392 4256
2377 103 2853 197 box 3375
234 136 2252 221 28. Die Schuestern-oderCasanova in Spa
774 727 854 793 —
769 780 846 815 —
775 801 843 849 7
785 837 843 903 *
488 910 834 998 meldet, hal Kor
2528 954 3319 1040 ung im Aufstand befunden. Das Uebersicht
480 966 1337 1055 den, daß er an großem Geldmunge.
2178 998 3333 1076 Memais den Anspruch erhoben, durch Gewalt zu I sich die
485 1033 3313 1106 Armee vermindere, da ein Teil seiner Gefolgschaft es vorziehe, zur Arbeit triumphieren, aber es hat sein Leben für seine heiligen Rechte hingegeben. l eisenb
1032 1090 1900 1154 HEE E E SEE
2324 1094 2430 1163 S
1921 1151 3138 1230 Casanova (in unserer Komödie etwa 30jährig) will einer Dame einen
3139 1162 3301 1222 zeichnet
813 1146 1513 1245 Neues Schauspielhalts.
1812 1183 3141 1260 nächtlichen Parterrebesuch abstatten, versehlt aber das richtige Fenster und
3129 1191 3328 1265 Buchho
481 1215 1807 1311 Uraufführung: „Casanova in Spaoder Die Schwestern“
1809 1239 3138 1288 gerät in das Zimmer einer anderen Schönen, die sich nicht weniger will¬
3129 1239 3325 1302 illustriert
846 1285 1447 1343 von Arthur Schnihler.
1810 1287 3135 1336 fährig zeigt, als es ihre Nachbarin vermutlich getan hätte. Aus diesem selt¬
3136 1295 3314 1351 lockeren
1816 1315 3145 1383 samen Qui=pro=quo, das zur Voraussetzung gefährlich dünne Hotelwände und
601 1309 1808 1389 War's wirklich unbedingt nötig, ausgerechnet am Pfingstsonn¬
3133 1332 3307 1395 daß der
1813 1375 3135 1439 entsprechende Lautlosigkeit hat, entwickelt sich eine Kette von Auseinander¬
487 1363 1809 1418 lag, noch dazu an einam so wundervollen, Schauspieler, Publikum und
3125 1359 3328 1440 lich Beir
482 1413 1804 1476 Rezenfenten durch eine Uraufführung zum Aufenthalt im Theater zu veran¬
1812 1415 3130 1476 setzungen und Eifersuchtslzenen, bei denen es sich ober mehr um das ver¬
3126 1423 3339 1497 wie zund
491 1461 1809 1503 lassen, bezw. zu zwingen? Vielleicht wollte unser Neuas Schauspielhaus
1818 1458 3136 1519 kürzte Besitzrecht der benachteiligten Dame, als um die verletzten Ehr¬
3131 1458 3316 1539 Sprache,
491 1498 1809 1562 Arthur Schnitzler, der am 15. Mai sein 59. Lebensjahr vollendete, damit
1814 1507 3125 1568 gefühle ihres vermeintlich hintergangenen Gatten und des de facto be¬
3126 1508 3320 1571 will), w
479 1542 1808 1595 eine Geburtstagsehrung darbringen. Das wäre immerhin ein Grund. Aber
1808 1540 3134 1616 trogenen Bräutigams der anderen Huldin handelt. Die verwickelte Ange¬
3127 1552 3331 1621 megärenh
491 1576 1805 1646 hätte dann die Premiere nicht wenigstens auf Sonnabend gelegt werden
1807 1586 3136 1654 legenheit findet schließlich eine Lösung, die fast noch pikanter ist, als das
3125 1599 3331 1673 legentlich
494 1617 1809 1684 können? Jedenfalls wird wohl der Kritiker (der sozusagen auch ein Mensch
1801 1629 3134 1699 Abentener selbst: Zuerst wird Casanova, der Urheber des ganzen Streits,
487 1666 1819 1716 ist, wenngleich manche es nicht glauben wollen), und ein Teil des Publi¬
1808 1678 3140 1734 dem man den Fall in Form einer fingierten Erzählung von zwei Schwestern
3128 1704 3335 1766 Keller
491 1715 1816 1771 kums, der sich die Qual der Wahl zwischen Natur und Kunst erspart wissen
1812 1721 3141 1791 (daher der Untertitel) vorträgt, als Schiedsrichter angerufen. Mit sophistischer
3128 1739 3337 1818 gewissen
491 1755 1813 1809 möchte, gegen die Wiederholung einer so ungeschickten Einrichtung bescheidenen
1811 1766 3129 1825 Spitzfindigkeit sucht er zu beweisen, daß der Liebhaber selbst der Betrogene sei,
3129 1803 3322 1864 aber sichte
482 1786 933 1869 Protest erheben dürfen.
1814 1800 3136 1881 da er die Gunst der einen Frau gar nicht, die der anderen irrtümlich genossen
3136 1839 3327 1899 „schön w
607 1823 1806 1896 Allzu wichtig ist die Angelegenheit ohnehin nicht zu nehmen. Was
1809 1855 3134 1912 habe. Dieser Urteilsspruch befriedigt die im Stich Gelassene natürlich nicht.
3137 1887 3337 1947 strickender
488 1859 1806 1941 dieser Uraufführung (übrigens der reichsdeutschen, aus der Taufe ge¬
1802 1899 3131 1956 Da findet ihr Galte eine geniale Lösung, indem er — ohne zu ahnen, daß
487 1922 1816 1985 hoben wurde das Stück unseres Wissens bereits in Wien) den Anstrich eines
3134 1931 3305 1984 helden.
1807 1938 3143 2004 er damit seine eigene Frau dem Abenteurer verbandelt — erklärt, aus Ge¬
494 1967 1809 2024 litsrarischen Ereignisses gibt, sind eigentlich nur die Namen des Verfassers
3130 1962 3312 2032 finsteren
1808 1981 3123 2054 rechtigkeits= (oder sonstigen) Gründen müsse nun auch die andere „Schwester“.
491 2019 1802 2072 und des Titelhelden. Schnitzler hat sich in der prächtigen Novelie „Casano¬
3125 2015 3330 2079 Grundzug
1811 2029 3140 2087 dem Verführer angehören. Doch auch jetzt glebt's noch keinen Frieden, die
492 2046 1817 2116 vas Hoimfahrt“ schon einmal mit dem interessanten Prohlem des berü—hmten
1804 2074 3140 2127 Männer, denen der wohrer Sachverhalt aufdämmert, beginnen sogar die
480 2090 1812 2153 Abenteurers und Liebeskünstlers, der ja in gewissem Sinne ein Vorgänger
3277 2105 3335 2175 u
3123 2108 3208 2160 G
1811 2115 3129 2181 Klingen zu kreuzen — da erscheint im rechten Augenblick als den ex machina
486 2126 1811 2200 seines Anatol war, auseinandergesetzt und zwar in viel tiefgründigerer und
3130 2152 3285 2209 eigentlic
1809 2166 3131 2225 eine frühere Geliebte Casanovas, die die erhitzten Gemüter benuhigt, den
492 2177 1810 2236 menschlich fesselnderer Weise. Das einaktig=dreiteilige Verslustspiel, das er
3131 2196 3324 2257 zurückkehr
1810 2196 3135 2266 Vielumstrittenen für sich beschlognahmt und dadurch alles zu friedlichem
483 2224 1819 2283 jetzt um die reigvolle Gestalt des vielgestaltigen Glücksritters heruumgeschrieben
3131 2241 3324 2297 tierte sich
1819 2244 2092 2319 Ende bringt.
478 2271 1807 2334 hat, könnte in seiner liebenswürdigen Anekdotonhaftigkeit fast von Fulda sein
3135 2275 3334 2341 einem bez
1921 2285 3134 2356 In der leichten, liebenswürdig=eleganten, ein bißchen frivolen Art, wie
488 2311 1810 2360 und der Held ebenso gut irgend einen anderen Namen trogen. Deshalb ist
3135 2324 3335 2384 tremolo a
1809 2350 3131 2408 Schnitzter uns dies Geschichtchen vorplaudert, bewährt er sich wieder
484 2347 1816 2414 auch die Frage, ob die Fabel des Stucks den bekangten Mewoiren Casanovas
3127 2370 3342 2434 abzüwarte
1809 2395 3131 2451 als der „Jausen=Hebbel“, wie ihn Kerr einmal genannt hat (Jause ist ein
480 2393 1819 2469 oder der Phantasse des Dichters entstammt, unerheblich. Die Talsache, daß
3126 2405 3339 2475 mann u
1807 2429 3132 2478 österreichischer Ausdruck für Kaffeeplauderstündchen). Es wird wohl an
491 2432 1806 2498 es sich ue ein pikantes erotisches Abenteuer dreht, wesches sich zur lüstern.
3122 2450 3340 2521 in dem n
485 2485 1810 2534 galanten Rokokozeit und im Badeort der Lebewelt Spa zuträgt, und der
1808 2470 3136 2535 tiofere Gesühle gerührt, sogar darin, nach der Art des Herodes=Schöpfers,
3123 2498 3334 2559 spe heran
492 2523 1814 2587 Verfasser des vielumstrittenen „Reigen“ sich wieder nicht scheut, mit Grazie
1819 2526 3127 2574 herumgewühlt, aber es wird zugleich mit ihnen Fangball gespielt und wenn
3129 2536 3339 2607 Bei der 2
1806 2564 3138 2623 auch der Dichter den behandelten Stoff psychologisch unterfüttert, das leichte
483 2565 1815 2621 und Witz, aber auch mit großer Unverblümtheit vor keuschen Ohren zu
3136 2571 3347 2646 Harmonie
1806 2604 3138 2664 Konfakt der flüssigen Jambensprache hie und da mit gewichtigerem Gedanken¬
490 2597 1808 2673 nennen, was keusche Herzen nicht entbehren können, sie allein mag die Stem¬
3135 2632 3335 2693 Juans, de
1814 2652 3129 2711 inhalt füllt — sehr sein und beachtenswert z. B., was Casanova über den
486 2642 1818 2715 pelung Casanovas zum Mittelpunkt der Affäre rechtfertigen, so wenig man
3130 2680 3343 2743 teurer Ca
1801 2686 3126 2745 Begriff der Treue sagt —, so bleibt schließlich doch alles ein forglos=heiteres
492 2691 1807 2755 sich darüber wird täuschen können, daß dieser Name hier, wie in manchen
3123 2719 3331 2785 gar aus d
490 2728 1812 2797 öhnlichen Fällen, nicht viel mehr als einen Begriff bedeutet. Die Geschichte
1821 2726 3136 2795 Spiel, eine Komödie der Worte, der Empfindungen, der Gedanken, sogar der
3190 2763 3331 2821 bas
491 2779 1816 2842 könnie dem richtigen wie jedem anderen Casanova von chemals oder heute;
1813 2778 3131 2824 blitzenden und klirrenden Waffen — kein ganz erstrangiger Schnitzler, aber
3127 2805 3341 2886 18. Jahr
1815 2821 3134 2877 jedenfalls eine ergötzliche, gelstreiche, und bei aller Lascivität im Grunde
476 2818 1815 2888 passiert sein, sie könnte aber ebenso gut aus dem Boccaccio stammen und iie
3137 2853 3320 2916 erklingt!
483 2863 1819 2922 ist tatsächlich bereits von Shakespeare (in der Komödie „Ende gut, alles
1814 2850 3136 2931 harmlose Abendunterhaltung mit leicht skizziertem psychologisch=weltanschau¬
3121 2900 3342 2974 sein und ##
487 2901 2183 2968 gut") und von Eduard Stucken (in einem seiner Artus=Stücke) dramatisiert lichem Hintergrund.
496 2952 672 3024 worden.
1919 2948 3146 3022 Dieser Charakter der Novität fand im Stil der Aufführung ausge¬
662 3114 1310 3235 ge
1345 3189 1630 3398 2//
1614 3241 1793 3437 77
