3436 4320
2380 95 2850 201 box 33/5
205 99 417 206 28.
392 132 2237 223 Die Schuestern oderGasanovsin ena
106 784 2088 902 Engewehre, ihr Haupfstand= Chledowski, der ein Alter von 79 Jahren erleichte, war senfgefahlt!
2269 811 2390 897 Pat.L.
115 859 3153 962 k Stadt in dem sich ein großes vielen Jahren verwitwet und führte in der letzten Zeit in seiner habe diese Absicht nicht Die Führer der letzteren Pusei
628 935 3147 1001 * Wiener Wohnung, die er seit ungefähr vierzig Jahren innehatte, glauben, daß die Entente einen ern## afen Angiff auf Pelen
96 963 1897 1036 Eur zu einer Geste ausholte, ein ziemlich zurückgezogenes Dasein. Die Leiche wird Montag den
1885 979 3145 1048 mit einer sofotigen Blockade beantwenten wurde und sie
95 1023 1885 1088 das Kunst= und Steigerungs= 29. d. M um 2 Uhr nachmittags im Trauerhause eingesegnei
1884 1027 3144 1093 befürchten, daß Deutschland von der Entente veranlaßt werden
114 1065 1895 1138 Er läßt den Vorhang nicht und dann provisorisch auf den Zentalfriedhof beigese#t, um spälen
1881 1074 3151 1150 könnte, eine Aumee aufzustellen zum Kampf gegen die Bolschewiken,
105 1102 1342 1191 en natürlichsten Handlungs= nach Po#en übergeführt zu werden.
1879 1119 3151 1202 gegen welche Armee die Roten Garden nicht den mindesten Wider¬
109 1151 658 1216 inem. Das bringt ihn um
734 1163 3144 1212 Dozent Dr. Hugo Haberfeld, ein persönlicher Freund stand würden leisten können. Es kommt hinzu, und das wurde
115 1204 3149 1301 denn der eiste Akt ist von Chledowskis, machte uns folgende interessante Mitteilungen über mir von einem anderen Sowjetmann vor Monaten bereits gesagt,
111 1260 1856 1325 anschwellend und der ganze die Persönlichkeit und Wirksamkeit des verstorbenen Gelehrten.
1865 1266 3151 1344 daß die Sowjets befürchten, sie könnten mit dem General, der
100 1293 664 1371 iegt über den Worten und
732 1301 1894 1373 Mit Kasimir v. Chledowski scheidet eine der interessantesten
1887 1312 3147 1389 etwa Warschau genommen hätte, nicht mehr so umspringen, wie
103 1352 652 1419 Empause läßt das fortgesetzte
636 1326 1888 1421 Erscheinungen nicht nur aus dem europäischen Geistesleben der
1889 1366 3156 1449 sie es augenblicklich mit ihren Generalen zu tun belieben. Hat
118 1391 641 1456 e Motor fehlt, in ein end¬
643 1401 3147 1486 Gegenwart, sondern auch aus der Wiener Gesellschaft. Chledowskil heute einer der russischen Offiziere das Vertauen seiner Leute
108 1442 654 1512 mrettet sich das Pointchen.
632 1442 3151 1531 #e##tstammte einer der ältesten Adelsfamilien Polens, die es immergewonnen, so wird er an irgendeine andere Sielle versetzt. Der
117 1490 655 1576 sind alle Frauen, in freier
640 1506 3147 1555 verschmäht hatte, ihren alten Ritteradel durch die Baronie oder General, der Polen besiegt, würde als Nationalheros behandelt
615 1547 3146 1637 den Grafentitel scheinbar zu erhöhen. Er hat bis in sein spätestes werden müssen, und ein solcher Mann könne sehr leicht den Spieß
115 1557 654 1662 der Bühne zu verkörpern.
634 1596 3141 1663 Alter das vollkommene Gehaben und das Aeußere eines polnischen umdiehen und mit seinen Truppen gegen die Sowiets marschieren.
109 1625 647 1707 loße Murke: strahlender
632 1650 3151 1746 Edelmannes bewahrt, insbesondere den buschigen, heral! inenden Beginnt die Entente aufs neue mit der Blockabe, so ist das
111 1685 2798 1770 e Herr Treßler gibt Schnuirbatt, wie sich ihn Friedrich Nietzsche wachsen der Sowjetrußland in wenigen Monaten verloren.
90 1737 1887 1805 n. Aber jenes Fluidum geht deshalb, wie er öfters scherzend demerkte, für einen Feinischen
1988 1754 3139 1826 All die Erzählungen von einer mit allen modernen Kampf¬
87 1772 1869 1849 Herrlichste von allen. Da Kavakter gehalten wurde. Als Beruf wählte Chledowski, der ein
1870 1776 3134 1875 mitteln versehenen starken Armee — die Erzählungen von irgend¬
95 1831 1873 1916 ingen, da müßte schon Gutsbesitzerssohn war, die politische Laufbahn, die er bei der
1878 1843 3137 1918 welchen wirtschaf lichen Organisationen, die Ezählungen über die
100 1873 1882 1952 lz oder Maier hieße. Die Statthalterei in Lemberg begann, wo ihn bald intime Freund¬
1873 1896 3133 1971 ungeheuren in Rußland lagernden Vorräte, die Europa vor dem
108 1922 3131 1978 er Liebe routinierte, werden schaft mit seinem Chef, dem damaligen Statlhalter Ziemialkowski. Hunger bewahren und den Fabriken die notwendigen Rohstoffe
120 1969 838 2049 y bargestellt. Frau Aknay, verband.
1844 1999 3141 2086 liefern sollen —, all diese Erzählungen sind von Anfang bis zu
146 2007 650 2093 den stillen Momenten
678 1992 1881 2098 Seia eigentliches Interesse gehörte aber damals schon der Literatur,
1871 2034 2175 2106 Ende unwahr.
113 2066 1880 2141 ch, Frau Retty ganz ent= die er um ironisch pointierte, geistreiche und elegant geschriebene
1959 2061 3136 2163 Die Armee der Bolschewiki besteht aus einigen in leid¬
114 2117 3125 2174 Verworsenheit, die Ge= Novellen bereicherte. Allerdings hielt er. ein geseierter Bonvivant! licher Verfassung befindlichen Divisionen, die aus Letten,
103 2166 3129 2251 ebe mischt. Ein bißchen der Salons, seine literarische Tätigkeit streng geheim, und erst auf Chinesen, deutschen Kriegsgefangenen zusammengesetzt sind und
92 2219 3134 2279 er, recht unpersönlich Heir eine alnüsante Art gelangte diese ans Tageslicht. Chledowski hatte in deren Reihen auch Engländer und Franzosen kämpfen.
107 2268 3140 2337 n während Herr Heine nämlich die Gewohnheit, auf die hochpolitischen Akten, die er zu Wenn die Sowie““ von der Stärke ihrer Armee in Höhe
109 2313 3135 2376 Casanova schaif kont#triert erledigen hatte, seine losen Manuskriptblätter zu legen. Und sol von zwei bis drei Millionen sprechen, so ist auch das
103 2361 1870 2434 einem glanzlosen Episöochen, geschah es häufig im Feuer seiner Inspiration, daß er über seine
1868 2374 3135 2450 wie fast alles übrige eine lächerliche Ausschneiderei. Die
612 2399 1879 2471 Manuskriptblätter hinaus auf den Blättern der Akte weiterschrieb
1862 2418 3125 2478 Sowjets rechnen jeden Räuber, der in Rußland mit einem
85 2425 3126 2534 mtheit, als Ganzes, hat Wenn dann seine Vorgesetzten die Akten zur Durchsicht bekamen Gewehr bewaffnet herumläuft, als Soldaten: Somit dürfte ihre
110 2508 1884 2585 iges. Ihr fehlt die südliche sanden sie auf ihnen merkwürdige Worts und Satzsteben, die mit
1862 2521 3125 2583 Schätzung von zwei bis dret Millionen wahrscheinlich noch zu
608 2556 3135 2620 allem anderen eher einen Zusammenhang hatten als mit den Ver-geling sein. Die Herren vergessen aber, daß diese sogenannten
102 2602 3136 2693 r herzlichst zu grüßen, ist waltungsgeschäften des Landes Galizien. Auf diese Weise erfuhr Soldaten nicht den gerngsten militärischen Wert besitzen, so daß
96 2653 1675 2707 dürfnis. In dem Beifall, man von der schriftstellerischen Tätigkeit Chledowskis.
1854 2659 3125 2736 ich es persönlich für gänzlich ausgeschlossen erachte, daß die
92 2704 642 2764 Vorhang rief, drückte sich
730 2703 3139 2782 Zu jener Zeit heiratete Cyisdowski eine geniale junge Bolschewiken mit rein militärischer Gewalt etwa die polnische
86 2756 3131 2818 gaus, die solchem lite= Warschauer Schauspielerin, die aber bald nach der Eheschließung #####e schlagen könnten, trotzdem ich der Ansicht bin, daß=diese
99 2794 286 2884 de gilt.
613 2799 3129 2906 an einem Lungenleiden erkrankte, was ihn veranlaßte, mit ihr bernhmte polnische Armee nicht das mindeste taugt. Immerhin
