<?xml version="1.0" encoding="UTF-8" standalone="yes"?>
<PcGts xmlns="http://schema.primaresearch.org/PAGE/gts/pagecontent/2013-07-15" xmlns:xsi="http://www.w3.org/2001/XMLSchema-instance" xsi:schemaLocation="http://schema.primaresearch.org/PAGE/gts/pagecontent/2013-07-15 http://schema.primaresearch.org/PAGE/gts/pagecontent/2013-07-15/pagecontent.xsd">
    <Metadata>
        <Creator>prov=University of Rostock/Institute of Mathematics/CITlab/Gundram Leifert/gundram.leifert@uni-rostock.de:name=ONB_Newseye_GT_M1+(htr_id=10810)::::v=2.4.2
prov=University of Rostock/Institute of Mathematics/CITlab/Tobias Gruening/tobias.gruening@uni-rostock.de:name=de.uros.citlab.module.baseline2polygon.B2PSeamMultiOriented:v=2.4.2
prov=University of Rostock/Institute of Mathematics/CITlab/Tobias Gruening/tobias.gruening@uni-rostock.de:name=/mnt/transkribus/LA/DEA/URO/LA_news_onb_att.pb:de.uros.citlab.segmentation.CITlab_LA_ML:v=2.4.2
Transkribus</Creator>
        <Created>2019-10-07T11:09:04.928+02:00</Created>
        <LastChange>2019-10-07T18:43:21.847+02:00</LastChange>
        <TranskribusMetadata docId="223958" pageId="9493655" pageNr="59" tsid="16401470" status="IN_PROGRESS" userId="40391" imgUrl="https://files.transkribus.eu/Get?id=GLBINFZEPUJACURKSPYZWXVK&amp;fileType=view" xmlUrl="https://files.transkribus.eu/Get?id=PCUENXHZYITAKLLNFGQLLNKH" imageId="6183882"/>
    </Metadata>
    <Page imageFilename="223958_0059.jpeg" imageWidth="3436" imageHeight="4320">
        <ReadingOrder>
            <OrderedGroup id="ro_1711443777085" caption="Regions reading order">
                <RegionRefIndexed index="0" regionRef="r1"/>
            </OrderedGroup>
        </ReadingOrder>
        <TextRegion orientation="0.0" id="r1" custom="readingOrder {index:0;}">
            <Coords points="264,209 264,4176 2855,4176 2855,209"/>
            <TextLine id="r1l1" custom="readingOrder {index:0;}">
                <Coords points="2406,266 2446,269 2466,251 2869,266 2868,181 2809,164 2744,186 2654,164 2612,204 2577,184 2540,202 2406,179"/>
                <Baseline points="2419,238 2444,237 2470,237 2495,236 2521,236 2547,236 2572,236 2598,236 2624,236 2649,237 2675,237 2701,237 2726,237 2752,237 2778,237 2803,236 2829,235 2855,234"/>
                <TextEquiv>
                    <Unicode>box 33/5</Unicode>
                </TextEquiv>
            </TextLine>
            <TextLine id="r1l2" custom="readingOrder {index:1;}">
                <Coords points="252,258 2264,277 2224,175 252,216"/>
                <Baseline points="264,252 363,257 462,261 562,264 661,265 761,267 860,267 960,267 1059,267 1159,266 1258,264 1357,263 1457,261 1556,260 1656,259 1755,258 1855,257 1954,257 2054,258 2153,258 2253,260"/>
                <TextEquiv>
                    <Unicode>28. Die SchesternoderCasanoun in Sna</Unicode>
                </TextEquiv>
            </TextLine>
            <TextLine id="r1l3" custom="readingOrder {index:2;}">
                <Coords points="801,446 823,444 848,463 890,468 915,458 933,458 948,468 955,460 965,465 997,458 997,388 975,381 940,388 930,378 910,388 897,381 883,389 800,384"/>
                <Baseline points="814,451 842,448 870,447 899,447 927,447 955,448 984,449"/>
                <TextEquiv>
                    <Unicode>27 10</Unicode>
                </TextEquiv>
            </TextLine>
            <TextLine id="r1l4" custom="readingOrder {index:3;}">
                <Coords points="949,556 992,571 1025,547 1079,566 1102,540 1151,559 1222,540 1280,555 1313,523 1370,522 1394,543 1440,520 1493,535 1535,523 1530,433 1382,457 1110,457 1049,481 1021,462 971,503 945,496"/>
                <Baseline points="959,534 987,535 1015,535 1043,535 1071,534 1099,533 1127,531 1155,530 1183,528 1211,526 1240,523 1268,521 1296,519 1324,517 1352,515 1380,513 1408,512 1436,510 1464,510 1492,510 1521,510"/>
                <TextEquiv>
                    <Unicode></Unicode>
                </TextEquiv>
            </TextLine>
            <TextLine id="r1l5" custom="readingOrder {index:4;}">
                <Coords points="765,571 814,592 889,586 981,601 982,554 954,556 940,540 925,542 910,532 888,542 851,528 825,543 766,531"/>
                <Baseline points="777,576 804,580 831,581 859,580 886,579 914,579 941,581 969,588"/>
                <TextEquiv>
                    <Unicode>wene #</Unicode>
                </TextEquiv>
            </TextLine>
            <TextLine id="r1l6" custom="readingOrder {index:5;}">
                <Coords points="1966,632 2483,630 2533,609 2532,552 2503,562 2475,545 2338,556 2268,532 2209,557 2017,534 1965,557"/>
                <Baseline points="1978,602 2005,601 2032,601 2059,601 2086,601 2113,601 2140,601 2168,601 2195,601 2222,601 2249,601 2276,601 2303,601 2330,600 2358,600 2385,600 2412,599 2439,598 2466,597 2493,596 2521,594"/>
                <TextEquiv>
                    <Unicode>Ronigkeits-Welt-Blatt</Unicode>
                </TextEquiv>
            </TextLine>
            <TextLine id="r1l7" custom="readingOrder {index:6;}">
                <Coords points="944,621 1231,623 1231,586 1201,571 1186,581 1168,564 1148,566 1124,541 1116,549 1101,541 1056,576 1044,571 1029,583 999,573 987,586 977,576 964,588 944,588"/>
                <Baseline points="958,602 984,605 1010,606 1036,607 1062,607 1088,607 1114,607 1140,606 1166,606 1192,605 1218,604"/>
                <TextEquiv>
                    <Unicode></Unicode>
                </TextEquiv>
            </TextLine>
            <TextLine id="r1l8" custom="readingOrder {index:7;}">
                <Coords points="1170,594 1245,596 1271,625 1607,618 1860,648 1980,633 1983,591 1823,561 1724,585 1696,558 1649,588 1568,523 1442,553 1372,521 1258,552 1174,537"/>
                <Baseline points="1183,590 1222,587 1261,587 1300,587 1340,588 1379,589 1418,593 1457,596 1497,600 1536,603 1575,608 1614,612 1654,616 1693,618 1732,621 1771,623 1811,624 1850,624 1889,623 1928,621 1968,616"/>
                <TextEquiv>
                    <Unicode>Asel Samsia1.</Unicode>
                </TextEquiv>
            </TextLine>
            <TextLine id="r1l9" custom="readingOrder {index:8;}">
                <Coords points="2508,631 2735,631 2757,623 2758,584 2735,578 2715,593 2688,585 2653,597 2631,575 2616,580 2604,567 2581,574 2561,567 2544,584 2509,583"/>
                <Baseline points="2522,619 2550,621 2578,621 2606,622 2634,622 2662,622 2690,622 2718,622 2746,623"/>
                <TextEquiv>
                    <Unicode>—</Unicode>
                </TextEquiv>
            </TextLine>
            <TextLine id="r1l10" custom="readingOrder {index:9;}">
                <Coords points="1720,705 2705,694 2757,671 2757,624 1719,630"/>
                <Baseline points="1731,678 1781,680 1832,682 1882,684 1933,685 1984,686 2034,687 2085,687 2136,687 2186,687 2237,687 2288,687 2338,686 2389,685 2440,685 2490,684 2541,683 2592,682 2642,682 2693,681 2744,680"/>
                <TextEquiv>
                    <Unicode>Wien mitzunehmen. Vor der Abreise wird noch ge¬</Unicode>
                </TextEquiv>
            </TextLine>
            <TextLine id="r1l11" custom="readingOrder {index:10;}">
                <Coords points="1735,735 2760,758 2760,693 2728,683 2539,709 1735,693"/>
                <Baseline points="1748,727 1800,729 1853,732 1905,734 1958,735 2010,736 2063,737 2116,737 2168,737 2221,737 2273,737 2326,736 2378,735 2431,735 2484,733 2536,732 2589,731 2641,730 2694,730 2747,729"/>
                <TextEquiv>
                    <Unicode>tafelt und ehe man zur Tafel geht, überzeugt</Unicode>
                </TextEquiv>
            </TextLine>
            <TextLine id="r1l12" custom="readingOrder {index:11;}">
                <Coords points="1303,796 1367,800 1437,770 1471,805 1503,788 1536,805 1549,626 1484,632 1452,622 1409,634 1385,622 1366,636 1315,627"/>
                <Baseline points="1318,765 1344,757 1370,754 1396,751 1422,753 1448,756 1474,762 1500,769 1526,777"/>
                <TextEquiv>
                    <Unicode>4u</Unicode>
                </TextEquiv>
            </TextLine>
            <TextLine id="r1l13" custom="readingOrder {index:12;}">
                <Coords points="1737,769 2170,797 2755,773 2725,734 1737,732"/>
                <Baseline points="1750,774 1799,775 1849,777 1898,779 1948,779 1998,780 2047,780 2097,781 2147,781 2196,781 2246,780 2296,780 2345,780 2395,779 2445,779 2494,779 2544,779 2594,779 2643,779 2693,779 2743,779"/>
                <TextEquiv>
                    <Unicode>Casanova Bassi, daß die Treue einer Frau nicht in</Unicode>
                </TextEquiv>
            </TextLine>
            <TextLine id="r1l14" custom="readingOrder {index:13;}">
                <Coords points="1225,823 1258,820 1286,800 1305,803 1321,794 1289,668 1277,671 1265,664 1250,665 1234,682 1191,685"/>
                <Baseline points="1229,787 1265,785 1301,769"/>
                <TextEquiv>
                    <Unicode>G4</Unicode>
                </TextEquiv>
            </TextLine>
            <TextLine id="r1l15" custom="readingOrder {index:14;}">
                <Coords points="934,793 944,792 960,781 971,789 991,788 977,709 962,712 947,728 923,735"/>
                <Baseline points="946,786 978,780"/>
                <TextEquiv>
                    <Unicode></Unicode>
                </TextEquiv>
            </TextLine>
            <TextLine id="r1l16" custom="readingOrder {index:15;}">
                <Coords points="909,846 934,844 945,832 958,841 976,824 1008,815 1061,817 1090,791 1115,783 1109,734 1097,735 1074,755 1063,751 1047,761 1020,764 1003,751 976,779 963,768 947,787 931,776 901,775"/>
                <Baseline points="918,808 944,805 970,803 996,802 1023,800 1049,797 1075,792 1102,782"/>
                <TextEquiv>
                    <Unicode></Unicode>
                </TextEquiv>
            </TextLine>
            <TextLine id="r1l17" custom="readingOrder {index:16;}">
                <Coords points="1155,830 1170,829 1175,834 1195,830 1209,837 1234,838 1241,754 1218,752 1204,741 1186,755 1181,755 1174,747 1161,746"/>
                <Baseline points="1171,799 1198,803 1225,803"/>
                <TextEquiv>
                    <Unicode>60</Unicode>
                </TextEquiv>
            </TextLine>
            <TextLine id="r1l18" custom="readingOrder {index:17;}">
                <Coords points="1099,810 1113,813 1115,816 1120,817 1126,813 1138,815 1144,786 1132,784 1126,788 1121,787 1119,784 1116,786 1104,783"/>
                <Baseline points="1110,812 1126,815"/>
                <TextEquiv>
                    <Unicode>10</Unicode>
                </TextEquiv>
            </TextLine>
            <TextLine id="r1l19" custom="readingOrder {index:18;}">
                <Coords points="1379,840 1404,836 1426,846 1446,836 1461,836 1468,843 1498,839 1523,859 1543,854 1543,797 1531,796 1523,804 1481,771 1461,786 1451,776 1426,771 1421,776 1411,766 1401,771 1379,768"/>
                <Baseline points="1391,823 1419,822 1447,819 1475,817 1503,820 1531,828"/>
                <TextEquiv>
                    <Unicode>25</Unicode>
                </TextEquiv>
            </TextLine>
            <TextLine id="r1l20" custom="readingOrder {index:19;}">
                <Coords points="1736,832 2644,842 2768,810 2746,778 1736,782"/>
                <Baseline points="1749,821 1799,822 1849,824 1899,825 1950,826 2000,826 2050,827 2101,827 2151,827 2201,827 2252,827 2302,827 2352,827 2402,827 2453,826 2503,826 2553,826 2604,827 2654,827 2704,827 2755,828"/>
                <TextEquiv>
                    <Unicode>ihrer Standhaftigkeit, sondern in der Wiederkehr zu</Unicode>
                </TextEquiv>
            </TextLine>
            <TextLine id="r1l21" custom="readingOrder {index:20;}">
                <Coords points="955,882 980,880 992,883 1018,858 1037,879 1049,879 1051,817 1006,816 956,822"/>
                <Baseline points="967,861 1002,861 1037,863"/>
                <TextEquiv>
                    <Unicode>6</Unicode>
                </TextEquiv>
            </TextLine>
            <TextLine id="r1l22" custom="readingOrder {index:21;}">
                <Coords points="1740,867 2763,874 2763,837 2683,826 1741,828"/>
                <Baseline points="1754,867 1803,869 1853,870 1903,871 1953,872 2003,873 2053,874 2102,874 2152,875 2202,875 2252,875 2302,875 2352,875 2402,875 2451,875 2501,874 2551,874 2601,874 2651,873 2701,873 2751,872"/>
                <TextEquiv>
                    <Unicode>dem Betrogenen besteht — eine Philosophie, an die</Unicode>
                </TextEquiv>
            </TextLine>
            <TextLine id="r1l23" custom="readingOrder {index:22;}">
                <Coords points="1734,922 2252,949 2764,909 2742,872 2266,900 1734,867"/>
                <Baseline points="1746,915 1796,917 1846,919 1896,921 1947,922 1997,923 2047,924 2098,924 2148,925 2198,925 2249,925 2299,924 2349,924 2399,923 2450,922 2500,922 2550,921 2601,920 2651,919 2701,918 2752,917"/>
                <TextEquiv>
                    <Unicode>Bassi um so lieber glaubt, als er von Anina nicht</Unicode>
                </TextEquiv>
            </TextLine>
            <TextLine id="r1l24" custom="readingOrder {index:23;}">
                <Coords points="1727,982 2391,966 2597,1004 2764,961 2764,909 1976,949 1727,905"/>
                <Baseline points="1738,959 1788,962 1839,965 1890,967 1940,969 1991,971 2042,972 2092,972 2143,973 2194,973 2245,972 2295,972 2346,971 2397,970 2447,970 2498,968 2549,967 2599,966 2650,965 2701,964 2752,963"/>
                <TextEquiv>
                    <Unicode>lassen will. Und da sie gerade sehnsuchtsvoll ans</Unicode>
                </TextEquiv>
            </TextLine>
            <TextLine id="r1l25" custom="readingOrder {index:24;}">
                <Coords points="888,990 1662,997 1567,928 1526,964 1440,932 1362,958 1306,919 1185,951 1136,915 1028,957 987,913 890,906"/>
                <Baseline points="901,974 938,974 975,974 1013,974 1050,974 1088,975 1125,976 1163,976 1200,977 1238,978 1275,979 1312,980 1350,981 1387,983 1425,984 1462,985 1500,986 1537,988 1575,989 1612,990 1650,991"/>
                <TextEquiv>
                    <Unicode>Mrattte</Unicode>
                </TextEquiv>
            </TextLine>
            <TextLine id="r1l26" custom="readingOrder {index:25;}">
                <Coords points="742,1011 777,1010 796,1028 831,1037 861,1024 895,1043 931,1029 953,1045 980,1047 1030,1036 1033,982 980,989 961,973 906,983 845,941 815,949 798,931 783,943 764,924 746,924"/>
                <Baseline points="756,994 782,999 808,1003 834,1006 860,1009 887,1012 913,1013 939,1013 965,1011 991,1009 1018,1003"/>
                <TextEquiv>
                    <Unicode>□</Unicode>
                </TextEquiv>
            </TextLine>
            <TextLine id="r1l27" custom="readingOrder {index:26;}">
                <Coords points="1728,1042 1840,1014 2345,1037 2527,1012 2527,978 2393,968 2266,986 2239,963 2214,985 1729,963"/>
                <Baseline points="1740,1005 1778,1008 1817,1009 1856,1011 1894,1012 1933,1014 1972,1016 2010,1017 2049,1018 2088,1020 2127,1020 2165,1021 2204,1021 2243,1022 2281,1022 2320,1021 2359,1021 2397,1020 2436,1019 2475,1017 2514,1015"/>
                <TextEquiv>
                    <Unicode>dem Garten nach ihm ruft, verzeiht er.</Unicode>
                </TextEquiv>
            </TextLine>
            <TextLine id="r1l28" custom="readingOrder {index:27;}">
                <Coords points="1552,1059 1575,1060 1603,1037 1619,1035 1638,1039 1646,1034 1658,1035 1661,998 1646,997 1641,992 1633,996 1629,991 1619,990 1593,996 1589,991 1586,994 1576,988 1556,987"/>
                <Baseline points="1567,1027 1593,1025 1620,1027 1647,1031"/>
                <TextEquiv>
                    <Unicode></Unicode>
                </TextEquiv>
            </TextLine>
            <TextLine id="r1l29" custom="readingOrder {index:28;}">
                <Coords points="1790,1056 2762,1082 2762,1038 2648,1000 2404,1031 1790,1024"/>
                <Baseline points="1801,1056 1848,1058 1895,1060 1943,1063 1990,1065 2038,1066 2085,1067 2133,1068 2180,1069 2228,1070 2275,1070 2322,1070 2370,1069 2417,1069 2465,1068 2512,1067 2560,1066 2607,1065 2655,1064 2702,1062 2750,1060"/>
                <TextEquiv>
                    <Unicode>Ein starkes Stück, wie man aus dieser Inhalts¬</Unicode>
                </TextEquiv>
            </TextLine>
            <TextLine id="r1l30" custom="readingOrder {index:29;}">
                <Coords points="983,1076 1032,1097 1226,1084 1261,1105 1278,1088 1405,1104 1433,1085 1470,1095 1471,1018 1322,1016 1274,1033 1177,1019 1127,1038 1043,1012 983,1044"/>
                <Baseline points="996,1080 1021,1080 1047,1079 1073,1079 1098,1079 1124,1079 1150,1079 1175,1079 1201,1079 1227,1079 1252,1079 1278,1080 1304,1080 1329,1081 1355,1082 1381,1083 1406,1085 1432,1086 1458,1087"/>
                <TextEquiv>
                    <Unicode>„Die Schwestern.“</Unicode>
                </TextEquiv>
            </TextLine>
            <TextLine id="r1l31" custom="readingOrder {index:30;}">
                <Coords points="1739,1097 1950,1128 2756,1117 2756,1062 2398,1083 1739,1045"/>
                <Baseline points="1751,1107 1800,1108 1850,1109 1900,1110 1949,1111 1999,1111 2049,1112 2098,1113 2148,1114 2198,1114 2248,1115 2297,1115 2347,1115 2397,1115 2446,1115 2496,1115 2546,1114 2595,1113 2645,1113 2695,1111 2745,1109"/>
                <TextEquiv>
                    <Unicode>angabe sieht. Aber in den Logen des Burgtheaters</Unicode>
                </TextEquiv>
            </TextLine>
            <TextLine id="r1l32" custom="readingOrder {index:31;}">
                <Coords points="812,1139 1188,1130 1329,1160 1402,1129 1675,1155 1677,1068 1318,1100 814,1065"/>
                <Baseline points="824,1117 865,1120 907,1121 949,1123 991,1125 1033,1126 1075,1128 1117,1129 1159,1129 1201,1130 1243,1131 1284,1131 1326,1132 1368,1132 1410,1133 1452,1133 1494,1134 1536,1135 1578,1136 1620,1137 1662,1139"/>
                <TextEquiv>
                    <Unicode>Ein neues Lustspiel von Axtur Schnitzker.</Unicode>
                </TextEquiv>
            </TextLine>
            <TextLine id="r1l33" custom="readingOrder {index:32;}">
                <Coords points="1741,1155 2716,1161 2765,1191 2746,1116 1741,1098"/>
                <Baseline points="1753,1156 1803,1157 1853,1157 1903,1158 1953,1159 2003,1159 2053,1160 2103,1161 2153,1161 2203,1161 2253,1162 2303,1162 2353,1162 2403,1162 2453,1162 2503,1161 2553,1160 2603,1159 2653,1157 2703,1156 2753,1154"/>
                <TextEquiv>
                    <Unicode>sitzen keine Komtessen mehr. Dargk sch#ut, Direktor</Unicode>
                </TextEquiv>
            </TextLine>
            <TextLine id="r1l34" custom="readingOrder {index:33;}">
                <Coords points="771,1191 1639,1202 1640,1150 1608,1132 1290,1154 773,1129"/>
                <Baseline points="783,1180 825,1179 867,1180 909,1180 952,1181 994,1182 1036,1183 1078,1184 1121,1185 1163,1187 1205,1188 1247,1189 1290,1190 1332,1191 1374,1192 1416,1193 1459,1193 1501,1192 1543,1192 1585,1191 1628,1189"/>
                <TextEquiv>
                    <Unicode>(Zur heutigen Erstaufführung im Burgryenter¬</Unicode>
                </TextEquiv>
            </TextLine>
            <TextLine id="r1l35" custom="readingOrder {index:34;}">
                <Coords points="2433,1249 2672,1256 2741,1243 2754,1253 2799,1230 2798,1198 2751,1191 2719,1163 2599,1164 2577,1184 2560,1166 2517,1164 2497,1179 2483,1164 2463,1176 2433,1164"/>
                <Baseline points="2445,1225 2471,1220 2497,1216 2523,1214 2550,1212 2576,1211 2602,1211 2629,1212 2655,1212 2681,1214 2708,1216 2734,1217 2760,1218 2787,1219"/>
                <TextEquiv>
                    <Unicode> Aeh</Unicode>
                </TextEquiv>
            </TextLine>
            <TextLine id="r1l36" custom="readingOrder {index:35;}">
                <Coords points="1738,1215 1990,1217 2029,1261 2225,1275 2334,1255 2377,1274 2435,1267 2444,1170 1944,1176 1743,1155"/>
                <Baseline points="1751,1205 1784,1203 1818,1202 1852,1203 1885,1205 1919,1208 1953,1211 1986,1216 2020,1220 2054,1225 2088,1230 2121,1235 2155,1239 2189,1244 2222,1247 2256,1249 2290,1250 2323,1250 2357,1248 2391,1245 2425,1239"/>
                <TextEquiv>
                    <Unicode>(Heine gedacht s1 heben, A # d</Unicode>
                </TextEquiv>
            </TextLine>
            <TextLine id="r1l37" custom="readingOrder {index:36;}">
                <Coords points="703,1244 1725,1269 1726,1204 1692,1196 1564,1224 704,1187"/>
                <Baseline points="717,1239 766,1241 816,1242 866,1244 916,1245 966,1245 1016,1246 1065,1247 1115,1247 1165,1248 1215,1248 1265,1249 1315,1249 1365,1250 1414,1250 1464,1251 1514,1252 1564,1253 1614,1254 1664,1256 1714,1257"/>
                <TextEquiv>
                    <Unicode>*Im Mittelpunkt des neuesten Schnitzlerschen Werkes</Unicode>
                </TextEquiv>
            </TextLine>
            <TextLine id="r1l38" custom="readingOrder {index:37;}">
                <Coords points="715,1294 1745,1331 1746,1254 716,1259"/>
                <Baseline points="728,1295 778,1294 828,1293 878,1292 928,1293 979,1293 1029,1294 1079,1295 1129,1296 1179,1297 1230,1298 1280,1300 1330,1301 1380,1302 1430,1303 1481,1304 1531,1304 1581,1304 1631,1304 1681,1303 1732,1302"/>
                <TextEquiv>
                    <Unicode>steht Casanova, der berührite Abenteurer, dessen</Unicode>
                </TextEquiv>
            </TextLine>
            <TextLine id="r1l39" custom="readingOrder {index:38;}">
                <Coords points="710,1340 1217,1373 1551,1346 1749,1389 1750,1307 710,1295"/>
                <Baseline points="722,1341 772,1341 823,1341 874,1341 924,1341 975,1342 1026,1342 1076,1343 1127,1343 1178,1344 1229,1345 1279,1346 1330,1347 1381,1348 1431,1349 1482,1350 1533,1352 1583,1353 1634,1354 1685,1355 1736,1356"/>
                <TextEquiv>
                    <Unicode>pikante Erlebnisse sogar in die Literatur Einganßz</Unicode>
                </TextEquiv>
            </TextLine>
            <TextLine id="r1l40" custom="readingOrder {index:39;}">
                <Coords points="715,1385 757,1410 797,1392 889,1399 906,1384 958,1409 978,1391 1008,1404 1055,1391 1055,1349 1025,1359 996,1347 844,1342 744,1350 714,1338"/>
                <Baseline points="726,1392 752,1389 779,1388 805,1387 832,1387 858,1386 885,1386 911,1387 938,1387 964,1387 991,1388 1017,1388 1044,1388"/>
                <TextEquiv>
                    <Unicode>gefunden haben.</Unicode>
                </TextEquiv>
            </TextLine>
            <TextLine id="r1l41" custom="readingOrder {index:40;}">
                <Coords points="766,1438 1753,1458 1752,1388 767,1395"/>
                <Baseline points="778,1431 826,1432 874,1433 922,1434 970,1436 1018,1436 1066,1437 1114,1438 1162,1439 1210,1440 1259,1441 1307,1441 1355,1442 1403,1443 1451,1443 1499,1444 1547,1444 1595,1445 1643,1445 1691,1446 1740,1446"/>
                <TextEquiv>
                    <Unicode>Natürlich handelt es sich auch hier wieder um ein</Unicode>
                </TextEquiv>
            </TextLine>
            <TextLine id="r1l42" custom="readingOrder {index:41;}">
                <Coords points="701,1483 1744,1495 1744,1463 1650,1444 1348,1468 1113,1434 829,1446 703,1409"/>
                <Baseline points="713,1479 763,1480 814,1481 865,1482 916,1484 967,1485 1018,1486 1069,1487 1120,1488 1171,1489 1222,1491 1272,1492 1323,1493 1374,1494 1425,1494 1476,1495 1527,1496 1578,1496 1629,1496 1680,1496 1731,1496"/>
                <TextEquiv>
                    <Unicode>Liebesfest, das dieser Liebling der Frauen feiert.</Unicode>
                </TextEquiv>
            </TextLine>
            <TextLine id="r1l43" custom="readingOrder {index:42;}">
                <Coords points="707,1537 1707,1560 1738,1515 708,1483"/>
                <Baseline points="719,1526 769,1527 819,1528 870,1529 920,1531 970,1533 1021,1534 1071,1535 1121,1536 1172,1537 1222,1538 1272,1539 1323,1540 1373,1541 1423,1542 1474,1542 1524,1542 1574,1542 1625,1542 1675,1542 1726,1541"/>
                <TextEquiv>
                    <Unicode>Die Handlung spielt in Spa, wohin Andrea Bassi,</Unicode>
                </TextEquiv>
            </TextLine>
            <TextLine id="r1l44" custom="readingOrder {index:43;}">
                <Coords points="706,1587 1686,1602 1743,1592 1744,1553 707,1538"/>
                <Baseline points="719,1577 769,1577 820,1577 870,1578 921,1579 972,1580 1022,1581 1073,1582 1123,1583 1174,1585 1225,1586 1275,1587 1326,1588 1376,1589 1427,1589 1478,1590 1528,1590 1579,1589 1629,1589 1680,1587 1731,1586"/>
                <TextEquiv>
                    <Unicode>ein Student aus vornehmem Hause, mit seiner Ge¬</Unicode>
                </TextEquiv>
            </TextLine>
            <TextLine id="r1l45" custom="readingOrder {index:44;}">
                <Coords points="699,1647 978,1624 1194,1660 1672,1655 1749,1638 1750,1604 700,1583"/>
                <Baseline points="713,1629 764,1627 815,1627 866,1626 917,1626 969,1627 1020,1627 1071,1628 1122,1630 1173,1631 1225,1632 1276,1633 1327,1635 1378,1636 1429,1637 1481,1638 1532,1638 1583,1638 1634,1638 1685,1638 1737,1637"/>
                <TextEquiv>
                    <Unicode>liebten Anina gekommen ist, die er in einigen Wochen</Unicode>
                </TextEquiv>
            </TextLine>
            <TextLine id="r1l46" custom="readingOrder {index:45;}">
                <Coords points="705,1676 1700,1700 1760,1689 1761,1634 706,1643"/>
                <Baseline points="717,1677 768,1676 820,1674 871,1674 923,1674 974,1674 1026,1675 1077,1676 1129,1677 1180,1678 1232,1680 1284,1681 1335,1682 1387,1683 1438,1684 1490,1685 1541,1685 1593,1685 1644,1684 1696,1683 1748,1681"/>
                <TextEquiv>
                    <Unicode>heiraten will. Er trifft dort mit einer Gesellschaft</Unicode>
                </TextEquiv>
            </TextLine>
            <TextLine id="r1l47" custom="readingOrder {index:46;}">
                <Coords points="695,1724 1526,1728 1605,1756 1747,1736 1748,1693 696,1684"/>
                <Baseline points="707,1725 758,1724 809,1723 861,1723 912,1723 964,1723 1015,1724 1067,1725 1118,1726 1170,1727 1221,1729 1272,1730 1324,1731 1375,1732 1427,1733 1478,1734 1530,1734 1581,1734 1633,1734 1684,1733 1736,1732"/>
                <TextEquiv>
                    <Unicode>zusammen, in der sich ein Baron Santi mit seiner</Unicode>
                </TextEquiv>
            </TextLine>
            <TextLine id="r1l48" custom="readingOrder {index:47;}">
                <Coords points="701,1777 1743,1796 1744,1736 702,1725"/>
                <Baseline points="713,1774 766,1772 820,1771 873,1771 927,1771 981,1771 1034,1771 1088,1772 1142,1772 1195,1773 1249,1774 1302,1775 1356,1776 1410,1777 1463,1777 1517,1778 1571,1778 1624,1778 1678,1778 1732,1777"/>
                <TextEquiv>
                    <Unicode>Frau Flaminia und auch Casanova befinden. Fla¬</Unicode>
                </TextEquiv>
            </TextLine>
            <TextLine id="r1l49" custom="readingOrder {index:48;}">
                <Coords points="696,1825 1748,1843 1749,1784 696,1778"/>
                <Baseline points="707,1822 758,1820 809,1819 861,1818 912,1817 964,1817 1015,1818 1067,1819 1118,1820 1170,1822 1221,1823 1272,1824 1324,1826 1375,1827 1427,1828 1478,1829 1530,1829 1581,1829 1633,1828 1684,1827 1736,1825"/>
                <TextEquiv>
                    <Unicode>minia, ein Lebeweibchen, dessen Passionen von dem</Unicode>
                </TextEquiv>
            </TextLine>
            <TextLine id="r1l50" custom="readingOrder {index:49;}">
                <Coords points="693,1849 770,1880 1737,1888 1738,1838 1666,1832 694,1807"/>
                <Baseline points="704,1867 755,1866 806,1865 857,1865 908,1865 959,1865 1010,1866 1061,1867 1112,1868 1163,1869 1215,1870 1266,1871 1317,1873 1368,1874 1419,1875 1470,1876 1521,1877 1572,1877 1623,1877 1674,1877 1726,1877"/>
                <TextEquiv>
                    <Unicode>ehrenwerten Gemahl begünstigt werden, wenn es ihm</Unicode>
                </TextEquiv>
            </TextLine>
            <TextLine id="r1l51" custom="readingOrder {index:50;}">
                <Coords points="713,1904 1747,1939 1748,1879 1084,1894 714,1854"/>
                <Baseline points="726,1914 776,1913 826,1913 877,1914 927,1914 978,1915 1028,1916 1078,1917 1129,1918 1179,1919 1230,1920 1280,1921 1330,1922 1381,1923 1431,1924 1482,1924 1532,1925 1582,1925 1633,1925 1683,1925 1734,1924"/>
                <TextEquiv>
                    <Unicode>in den Kram paßt, trifft Casanova zum dritten Male.</Unicode>
                </TextEquiv>
            </TextLine>
            <TextLine id="r1l52" custom="readingOrder {index:51;}">
                <Coords points="719,1953 1734,1992 1720,1932 720,1906"/>
                <Baseline points="732,1962 781,1962 831,1962 880,1962 930,1963 979,1963 1029,1964 1078,1964 1128,1965 1177,1966 1227,1966 1276,1967 1326,1968 1375,1969 1425,1969 1474,1970 1524,1970 1573,1970 1623,1971 1672,1971 1722,1971"/>
                <TextEquiv>
                    <Unicode>Aber erst in Spa soll ihr Liebessehnen erhört werden.</Unicode>
                </TextEquiv>
            </TextLine>
            <TextLine id="r1l53" custom="readingOrder {index:52;}">
                <Coords points="704,2039 816,2003 1717,2033 1751,2029 1752,1974 705,1961"/>
                <Baseline points="716,2010 767,2009 818,2008 869,2008 920,2008 971,2009 1022,2009 1073,2010 1124,2011 1175,2012 1227,2013 1278,2014 1329,2015 1380,2016 1431,2017 1482,2018 1533,2018 1584,2018 1635,2018 1686,2017 1738,2016"/>
                <TextEquiv>
                    <Unicode>Sie hat den Liebhaber zum nächtlichen Stelldschein</Unicode>
                </TextEquiv>
            </TextLine>
            <TextLine id="r1l54" custom="readingOrder {index:53;}">
                <Coords points="703,2045 1250,2063 1284,2093 1750,2076 1730,2023 703,2027"/>
                <Baseline points="714,2064 765,2062 816,2059 867,2058 918,2057 970,2056 1021,2056 1072,2056 1123,2057 1174,2058 1226,2059 1277,2060 1328,2061 1379,2062 1430,2063 1482,2065 1533,2066 1584,2067 1635,2067 1686,2068 1738,2068"/>
                <TextEquiv>
                    <Unicode>geladen und, während die Männer am Kartentisch</Unicode>
                </TextEquiv>
            </TextLine>
            <TextLine id="r1l55" custom="readingOrder {index:54;}">
                <Coords points="702,2114 1001,2103 1065,2122 1232,2114 1262,2132 1309,2108 1310,2080 880,2055 832,2074 703,2045"/>
                <Baseline points="715,2107 744,2106 773,2105 802,2104 831,2103 860,2103 889,2102 918,2102 947,2102 976,2103 1005,2103 1034,2103 1063,2104 1092,2105 1121,2106 1150,2107 1179,2109 1208,2109 1237,2111 1266,2113 1296,2114"/>
                <TextEquiv>
                    <Unicode>sitzen, schleicht Casanova weg.</Unicode>
                </TextEquiv>
            </TextLine>
            <TextLine id="r1l56" custom="readingOrder {index:55;}">
                <Coords points="754,2158 1736,2182 1737,2112 754,2111"/>
                <Baseline points="766,2147 813,2149 861,2151 909,2152 957,2153 1005,2155 1053,2156 1101,2157 1149,2158 1197,2159 1245,2159 1292,2160 1340,2160 1388,2160 1436,2161 1484,2161 1532,2160 1580,2160 1628,2159 1676,2159 1724,2158"/>
                <TextEquiv>
                    <Unicode>Doch Flaminia hat Pech. Ihr Liebhaber verfehlt</Unicode>
                </TextEquiv>
            </TextLine>
            <TextLine id="r1l57" custom="readingOrder {index:56;}">
                <Coords points="710,2198 1697,2229 1747,2217 1748,2175 865,2166 711,2124"/>
                <Baseline points="722,2195 772,2197 823,2198 874,2200 924,2201 975,2201 1026,2202 1076,2203 1127,2203 1178,2203 1229,2204 1279,2204 1330,2204 1381,2205 1431,2205 1482,2206 1533,2207 1583,2208 1634,2209 1685,2211 1736,2213"/>
                <TextEquiv>
                    <Unicode>das Fenster und kommt zu — Anina. Nur sie merkt</Unicode>
                </TextEquiv>
            </TextLine>
            <TextLine id="r1l58" custom="readingOrder {index:57;}">
                <Coords points="709,2240 1738,2277 1722,2217 710,2198"/>
                <Baseline points="721,2240 771,2241 821,2243 871,2244 922,2245 972,2247 1022,2248 1072,2250 1123,2251 1173,2252 1223,2253 1273,2254 1324,2255 1374,2256 1424,2256 1474,2257 1525,2257 1575,2258 1625,2258 1675,2258 1726,2257"/>
                <TextEquiv>
                    <Unicode>es und — vielleicht aus Aerger, daß sie ihr Andrea</Unicode>
                </TextEquiv>
            </TextLine>
            <TextLine id="r1l59" custom="readingOrder {index:58;}">
                <Coords points="700,2297 1750,2330 1751,2262 701,2238"/>
                <Baseline points="712,2293 763,2293 814,2293 865,2293 917,2293 968,2293 1019,2294 1071,2295 1122,2295 1173,2296 1225,2298 1276,2299 1327,2300 1378,2301 1430,2302 1481,2304 1532,2305 1584,2307 1635,2308 1686,2310 1738,2311"/>
                <TextEquiv>
                    <Unicode>so lange warten läßt — läßt sie Casanova den</Unicode>
                </TextEquiv>
            </TextLine>
            <TextLine id="r1l60" custom="readingOrder {index:59;}">
                <Coords points="720,2352 986,2342 1031,2361 1059,2349 1168,2359 1168,2316 1098,2304 720,2305"/>
                <Baseline points="732,2342 758,2343 785,2343 811,2343 838,2343 864,2343 891,2342 917,2342 944,2342 970,2342 997,2341 1023,2341 1050,2342 1076,2342 1103,2342 1129,2343 1156,2344"/>
                <TextEquiv>
                    <Unicode>Irrtum nicht merken,</Unicode>
                </TextEquiv>
            </TextLine>
            <TextLine id="r1l61" custom="readingOrder {index:60;}">
                <Coords points="758,2391 1646,2419 1745,2410 1746,2370 758,2349"/>
                <Baseline points="771,2384 819,2386 867,2388 915,2390 963,2392 1011,2393 1059,2394 1107,2395 1155,2396 1203,2396 1251,2397 1299,2397 1347,2398 1395,2398 1443,2398 1491,2398 1539,2398 1587,2399 1635,2399 1683,2400 1732,2400"/>
                <TextEquiv>
                    <Unicode>Am nächsten Morgen kommen die Gewissensbisse</Unicode>
                </TextEquiv>
            </TextLine>
            <TextLine id="r1l62" custom="readingOrder {index:61;}">
                <Coords points="711,2459 813,2435 1744,2454 1722,2404 712,2384"/>
                <Baseline points="725,2436 775,2437 825,2438 876,2438 926,2439 976,2440 1027,2441 1077,2441 1127,2442 1178,2442 1228,2443 1278,2444 1329,2444 1379,2445 1429,2445 1480,2446 1530,2446 1580,2447 1631,2448 1681,2448 1732,2449"/>
                <TextEquiv>
                    <Unicode>und sie schreibt Casanova einen Brief, in dem sie</Unicode>
                </TextEquiv>
            </TextLine>
            <TextLine id="r1l63" custom="readingOrder {index:62;}">
                <Coords points="708,2474 1745,2514 1746,2460 1661,2444 709,2434"/>
                <Baseline points="720,2486 770,2487 821,2487 871,2488 922,2489 973,2489 1023,2490 1074,2491 1124,2492 1175,2493 1226,2494 1276,2495 1327,2495 1377,2496 1428,2497 1479,2497 1529,2497 1580,2497 1630,2497 1681,2497 1732,2496"/>
                <TextEquiv>
                    <Unicode>von ihm als Lohn für ihre Hingebung sofortige</Unicode>
                </TextEquiv>
            </TextLine>
            <TextLine id="r1l64" custom="readingOrder {index:63;}">
                <Coords points="699,2555 1707,2560 1745,2511 869,2503 701,2473"/>
                <Baseline points="713,2536 766,2536 820,2535 873,2535 927,2535 981,2536 1034,2536 1088,2537 1142,2538 1195,2539 1249,2540 1302,2541 1356,2542 1410,2543 1463,2544 1517,2545 1571,2546 1624,2547 1678,2547 1732,2548"/>
                <TextEquiv>
                    <Unicode>[Abreise verlaugt. Da der Brief ohne Unterschrift ist,</Unicode>
                </TextEquiv>
            </TextLine>
            <TextLine id="r1l65" custom="readingOrder {index:64;}">
                <Coords points="705,2603 1190,2579 1747,2624 1748,2547 705,2546"/>
                <Baseline points="718,2587 768,2586 819,2585 870,2584 921,2584 972,2584 1023,2584 1074,2584 1125,2585 1176,2586 1227,2587 1277,2587 1328,2588 1379,2589 1430,2590 1481,2591 1532,2591 1583,2591 1634,2591 1685,2591 1736,2590"/>
                <TextEquiv>
                    <Unicode>fglaubt Casanova, er sei von Flaminia und da er die</Unicode>
                </TextEquiv>
            </TextLine>
            <TextLine id="r1l66" custom="readingOrder {index:65;}">
                <Coords points="704,2657 756,2632 1749,2638 1684,2595 704,2585"/>
                <Baseline points="716,2629 767,2630 818,2630 869,2630 920,2630 971,2631 1022,2631 1073,2632 1124,2633 1175,2633 1226,2634 1277,2635 1328,2635 1379,2636 1430,2637 1481,2637 1532,2638 1583,2638 1634,2638 1685,2638 1737,2638"/>
                <TextEquiv>
                    <Unicode>Nache des Barons fürchtet, überdies nichts mehr in</Unicode>
                </TextEquiv>
            </TextLine>
            <TextLine id="r1l67" custom="readingOrder {index:66;}">
                <Coords points="693,2692 1668,2703 1745,2682 1746,2637 756,2633 693,2659"/>
                <Baseline points="705,2678 756,2676 807,2676 859,2675 910,2675 962,2676 1013,2677 1065,2678 1116,2679 1168,2680 1219,2682 1270,2683 1322,2684 1373,2685 1425,2687 1476,2687 1528,2687 1579,2687 1631,2687 1682,2686 1734,2684"/>
                <TextEquiv>
                    <Unicode>Spa zu suchen hat, beschließt er wegzufahren. Vörher</Unicode>
                </TextEquiv>
            </TextLine>
            <TextLine id="r1l68" custom="readingOrder {index:67;}">
                <Coords points="702,2711 1647,2750 1739,2748 1740,2694 702,2691"/>
                <Baseline points="714,2727 764,2726 815,2726 866,2726 916,2726 967,2726 1018,2727 1068,2727 1119,2728 1170,2729 1221,2730 1271,2731 1322,2732 1373,2733 1423,2734 1474,2735 1525,2735 1575,2735 1626,2736 1677,2736 1728,2735"/>
                <TextEquiv>
                    <Unicode>faber geht er noch zu Bassi, um ihn anzupumpen,</Unicode>
                </TextEquiv>
            </TextLine>
            <TextLine id="r1l69" custom="readingOrder {index:68;}">
                <Coords points="693,2765 1743,2786 1743,2749 1662,2738 694,2720"/>
                <Baseline points="706,2771 757,2772 808,2772 859,2773 910,2773 962,2774 1013,2775 1064,2775 1115,2776 1166,2777 1218,2777 1269,2778 1320,2779 1371,2780 1422,2781 1474,2782 1525,2783 1576,2784 1627,2785 1678,2786 1730,2787"/>
                <TextEquiv>
                    <Unicode>denn er hat vor dem Liebesabenteuer viel verspielt</Unicode>
                </TextEquiv>
            </TextLine>
            <TextLine id="r1l70" custom="readingOrder {index:69;}">
                <Coords points="699,2835 1430,2851 1741,2824 1741,2787 908,2789 699,2758"/>
                <Baseline points="711,2821 761,2822 812,2822 863,2822 914,2823 965,2823 1016,2824 1067,2824 1118,2825 1169,2825 1220,2826 1270,2826 1321,2827 1372,2827 1423,2827 1474,2828 1525,2828 1576,2829 1627,2829 1678,2830 1729,2830"/>
                <TextEquiv>
                    <Unicode>gund steht blank da. Unglück im Spiel, Glück in der</Unicode>
                </TextEquiv>
            </TextLine>
            <TextLine id="r1l71" custom="readingOrder {index:70;}">
                <Coords points="684,2883 709,2883 727,2898 761,2870 776,2878 814,2873 834,2883 856,2863 888,2867 888,2843 861,2845 841,2830 831,2835 811,2825 784,2831 744,2826 736,2833 721,2831 697,2856 684,2856"/>
                <Baseline points="697,2875 722,2871 748,2868 774,2868 799,2869 825,2870 851,2871 877,2871"/>
                <TextEquiv>
                    <Unicode>(Liebe.</Unicode>
                </TextEquiv>
            </TextLine>
            <TextLine id="r1l72" custom="readingOrder {index:71;}">
                <Coords points="698,2938 1731,2929 1639,2880 1176,2881 1117,2850 699,2886"/>
                <Baseline points="710,2916 760,2917 810,2917 861,2918 911,2918 962,2919 1012,2919 1062,2920 1113,2921 1163,2921 1214,2922 1264,2922 1314,2923 1365,2923 1415,2924 1466,2924 1516,2925 1566,2925 1617,2926 1667,2926 1718,2926"/>
                <TextEquiv>
                    <Unicode>F Bassi hat inzwischen von seiner Anina erfahren,</Unicode>
                </TextEquiv>
            </TextLine>
            <TextLine id="r1l73" custom="readingOrder {index:72;}">
                <Coords points="687,2976 1434,2969 1739,3006 1741,2917 688,2941"/>
                <Baseline points="701,2960 752,2961 803,2963 854,2964 906,2965 957,2966 1008,2967 1059,2967 1111,2968 1162,2969 1213,2969 1264,2970 1316,2971 1367,2971 1418,2972 1469,2973 1521,2973 1572,2974 1623,2975 1674,2976 1726,2977"/>
                <TextEquiv>
                    <Unicode>zwas geschehen ist und wütet, da das Bräutchen nicht</Unicode>
                </TextEquiv>
            </TextLine>
            <TextLine id="r1l74" custom="readingOrder {index:73;}">
                <Coords points="688,3037 1718,3042 1736,2983 689,2960"/>
                <Baseline points="702,3006 753,3008 804,3010 855,3012 906,3014 957,3016 1008,3017 1059,3018 1110,3019 1161,3020 1212,3021 1263,3021 1314,3022 1365,3022 1416,3022 1467,3022 1518,3022 1569,3022 1620,3022 1671,3022 1722,3022"/>
                <TextEquiv>
                    <Unicode>Inur keine Reue zeigt, sondern sehr befriedigt von deng</Unicode>
                </TextEquiv>
            </TextLine>
            <TextLine id="r1l75" custom="readingOrder {index:74;}">
                <Coords points="698,3034 777,3073 1745,3091 1731,3026 699,3012"/>
                <Baseline points="710,3055 761,3056 812,3058 863,3060 914,3061 965,3062 1016,3064 1067,3065 1118,3065 1169,3066 1221,3067 1272,3067 1323,3068 1374,3068 1425,3069 1476,3069 1527,3069 1578,3069 1629,3069 1680,3069 1732,3069"/>
                <TextEquiv>
                    <Unicode>Abeuteuer scheint. Nur, meint sie, könne sie jetzt doch</Unicode>
                </TextEquiv>
            </TextLine>
            <TextLine id="r1l76" custom="readingOrder {index:75;}">
                <Coords points="697,3117 1381,3108 1637,3139 1726,3121 1727,3076 841,3079 698,3042"/>
                <Baseline points="709,3106 759,3106 809,3106 859,3107 910,3107 960,3108 1010,3108 1061,3109 1111,3110 1161,3111 1212,3111 1262,3112 1312,3113 1362,3114 1413,3115 1463,3115 1513,3116 1564,3117 1614,3117 1664,3117 1715,3118"/>
                <TextEquiv>
                    <Unicode>bnicht mehr Bassis Frau werden. Im Streit der</Unicode>
                </TextEquiv>
            </TextLine>
            <TextLine id="r1l77" custom="readingOrder {index:76;}">
                <Coords points="696,3155 1641,3184 1760,3163 1761,3136 696,3116"/>
                <Baseline points="708,3155 762,3154 817,3153 872,3153 926,3153 981,3153 1036,3154 1090,3155 1145,3156 1200,3157 1254,3158 1309,3160 1364,3161 1418,3161 1473,3162 1528,3163 1582,3163 1637,3163 1692,3162 1747,3161"/>
                <TextEquiv>
                    <Unicode>lbeiden erscheint Casanova, um zu pumpen, und aß</Unicode>
                </TextEquiv>
            </TextLine>
            <TextLine id="r1l78" custom="readingOrder {index:77;}">
                <Coords points="697,3190 1744,3229 1745,3164 698,3162"/>
                <Baseline points="709,3201 760,3201 811,3201 862,3201 913,3202 964,3202 1015,3203 1067,3203 1118,3204 1169,3204 1220,3205 1271,3206 1322,3206 1373,3207 1425,3208 1476,3208 1527,3209 1578,3210 1629,3210 1680,3211 1732,3212"/>
                <TextEquiv>
                    <Unicode>Bassi daraufkommt, daß der Glücksritter von der</Unicode>
                </TextEquiv>
            </TextLine>
            <TextLine id="r1l79" custom="readingOrder {index:78;}">
                <Coords points="690,3271 1124,3246 1738,3268 1713,3215 984,3225 691,3189"/>
                <Baseline points="704,3256 755,3254 806,3252 857,3251 908,3250 959,3249 1010,3249 1061,3249 1112,3250 1163,3251 1215,3251 1266,3253 1317,3254 1368,3255 1419,3256 1470,3258 1521,3259 1572,3260 1623,3260 1674,3261 1726,3262"/>
                <TextEquiv>
                    <Unicode>Verwechslung nichts weiß, begrüßt er dies freutig</Unicode>
                </TextEquiv>
            </TextLine>
            <TextLine id="r1l80" custom="readingOrder {index:79;}">
                <Coords points="698,3311 1741,3313 1741,3251 699,3273"/>
                <Baseline points="710,3300 760,3299 811,3298 862,3298 913,3298 964,3298 1015,3298 1066,3299 1117,3299 1168,3300 1219,3301 1269,3301 1320,3302 1371,3303 1422,3304 1473,3305 1524,3305 1575,3306 1626,3306 1677,3306 1728,3307"/>
                <TextEquiv>
                    <Unicode>gals Auskunftsmittel; denn, kalkuliert er, wenn niemand</Unicode>
                </TextEquiv>
            </TextLine>
            <TextLine id="r1l81" custom="readingOrder {index:80;}">
                <Coords points="700,3363 1735,3363 1696,3313 701,3311"/>
                <Baseline points="714,3350 764,3349 815,3348 865,3347 916,3346 966,3346 1017,3346 1067,3346 1118,3346 1168,3347 1219,3347 1269,3348 1320,3349 1370,3350 1421,3350 1471,3351 1522,3352 1572,3352 1623,3353 1673,3354 1724,3354"/>
                <TextEquiv>
                    <Unicode>gaußer Anina und mir weiß, was geschehen ist, und</Unicode>
                </TextEquiv>
            </TextLine>
            <TextLine id="r1l82" custom="readingOrder {index:81;}">
                <Coords points="697,3395 1714,3401 1690,3361 697,3368"/>
                <Baseline points="709,3394 758,3394 808,3393 857,3394 907,3394 957,3394 1006,3395 1056,3396 1105,3396 1155,3397 1205,3398 1254,3399 1304,3400 1353,3401 1403,3402 1453,3402 1502,3403 1552,3403 1601,3404 1651,3404 1701,3404"/>
                <TextEquiv>
                    <Unicode>zwenn wir nichts ausplandern, ist eben nichts ge</Unicode>
                </TextEquiv>
            </TextLine>
            <TextLine id="r1l83" custom="readingOrder {index:82;}">
                <Coords points="698,3453 1056,3436 1712,3481 1738,3414 698,3393"/>
                <Baseline points="710,3441 760,3441 811,3442 862,3442 912,3442 963,3443 1014,3443 1064,3444 1115,3444 1166,3445 1217,3445 1267,3446 1318,3447 1369,3447 1419,3448 1470,3449 1521,3449 1571,3450 1622,3450 1673,3450 1724,3450"/>
                <TextEquiv>
                    <Unicode>tschehen. Er gibt Casanova das verlangte Geld und</Unicode>
                </TextEquiv>
            </TextLine>
            <TextLine id="r1l84" custom="readingOrder {index:83;}">
                <Coords points="706,3491 1131,3508 1194,3490 1194,3470 1137,3466 1115,3448 975,3456 886,3437 707,3456"/>
                <Baseline points="719,3490 744,3487 770,3486 795,3485 821,3484 847,3484 872,3484 898,3485 923,3486 949,3487 975,3488 1000,3489 1026,3490 1051,3491 1077,3492 1103,3492 1128,3492 1154,3492 1180,3491"/>
                <TextEquiv>
                    <Unicode>ldieser nimmt Abschied.</Unicode>
                </TextEquiv>
            </TextLine>
            <TextLine id="r1l85" custom="readingOrder {index:84;}">
                <Coords points="728,3544 1701,3554 1731,3545 1732,3475 1505,3509 1391,3476 729,3495"/>
                <Baseline points="742,3534 790,3534 839,3535 888,3535 937,3536 986,3537 1034,3538 1083,3539 1132,3540 1181,3541 1230,3542 1278,3543 1327,3543 1376,3544 1425,3544 1474,3545 1522,3545 1571,3545 1620,3544 1669,3544 1718,3543"/>
                <TextEquiv>
                    <Unicode> Bassi ruft Anina und teilt ihr mit, wie er die</Unicode>
                </TextEquiv>
            </TextLine>
            <TextLine id="r1l86" custom="readingOrder {index:85;}">
                <Coords points="700,3583 1177,3611 1730,3592 1730,3545 700,3551"/>
                <Baseline points="712,3587 762,3587 812,3586 862,3586 913,3586 963,3587 1013,3587 1063,3588 1114,3589 1164,3590 1214,3591 1264,3592 1315,3593 1365,3593 1415,3594 1465,3595 1516,3595 1566,3595 1616,3595 1666,3595 1717,3594"/>
                <TextEquiv>
                    <Unicode>AAffäre ans der Welt geschaffen. Aber die bösen</Unicode>
                </TextEquiv>
            </TextLine>
            <TextLine id="r1l87" custom="readingOrder {index:86;}">
                <Coords points="686,3643 1616,3661 1738,3655 1739,3603 687,3593"/>
                <Baseline points="699,3634 750,3633 801,3633 853,3633 904,3634 955,3634 1007,3635 1058,3636 1109,3636 1161,3637 1212,3638 1263,3639 1315,3640 1366,3640 1417,3641 1469,3641 1520,3641 1571,3641 1623,3640 1674,3639 1726,3638"/>
                <TextEquiv>
                    <Unicode>Worte, die er früher gebraucht, haben die Kleine</Unicode>
                </TextEquiv>
            </TextLine>
            <TextLine id="r1l88" custom="readingOrder {index:87;}">
                <Coords points="687,3677 1732,3698 1732,3651 1700,3648 687,3647"/>
                <Baseline points="699,3684 750,3684 801,3683 852,3683 903,3683 954,3683 1005,3684 1056,3684 1107,3685 1158,3685 1209,3686 1260,3686 1311,3687 1362,3687 1413,3687 1464,3687 1515,3687 1566,3687 1617,3686 1668,3685 1719,3684"/>
                <TextEquiv>
                    <Unicode>twild gemacht. Sie will fort, zu Casanova. Da tritt</Unicode>
                </TextEquiv>
            </TextLine>
            <TextLine id="r1l89" custom="readingOrder {index:88;}">
                <Coords points="684,3746 1727,3736 1727,3694 685,3679"/>
                <Baseline points="697,3736 747,3734 798,3732 849,3730 900,3730 951,3729 1002,3729 1053,3729 1104,3730 1155,3730 1206,3731 1256,3732 1307,3733 1358,3734 1409,3735 1460,3736 1511,3737 1562,3737 1613,3737 1664,3737 1715,3737"/>
                <TextEquiv>
                    <Unicode>Flaminia herein und erfährt nun, daß Anina sie um</Unicode>
                </TextEquiv>
            </TextLine>
            <TextLine id="r1l90" custom="readingOrder {index:89;}">
                <Coords points="697,3769 1744,3796 1744,3744 697,3739"/>
                <Baseline points="708,3781 759,3780 810,3779 861,3779 912,3779 964,3779 1015,3779 1066,3780 1117,3780 1168,3781 1220,3782 1271,3783 1322,3784 1373,3784 1424,3785 1476,3785 1527,3785 1578,3785 1629,3785 1680,3784 1732,3783"/>
                <TextEquiv>
                    <Unicode>ldie Wonnen dieser Nacht betrogen und nun Casanova</Unicode>
                </TextEquiv>
            </TextLine>
            <TextLine id="r1l91" custom="readingOrder {index:90;}">
                <Coords points="686,3831 1589,3848 1704,3844 1739,3809 686,3787"/>
                <Baseline points="699,3826 750,3827 801,3827 853,3827 904,3828 955,3828 1007,3828 1058,3828 1109,3829 1161,3829 1212,3829 1263,3829 1315,3830 1366,3830 1417,3830 1469,3830 1520,3830 1571,3831 1623,3831 1674,3831 1726,3831"/>
                <TextEquiv>
                    <Unicode>fnachreisen will. Flaminia wütet, beschimpft Anina</Unicode>
                </TextEquiv>
            </TextLine>
            <TextLine id="r1l92" custom="readingOrder {index:91;}">
                <Coords points="701,3868 1738,3898 1738,3849 1696,3838 701,3836"/>
                <Baseline points="712,3871 762,3872 813,3873 864,3873 914,3874 965,3874 1016,3875 1066,3875 1117,3875 1168,3876 1219,3876 1269,3876 1320,3877 1371,3877 1421,3877 1472,3878 1523,3878 1573,3878 1624,3879 1675,3879 1726,3879"/>
                <TextEquiv>
                    <Unicode>#und es entwickelt sich ein regelrechter Dirnenzank,</Unicode>
                </TextEquiv>
            </TextLine>
            <TextLine id="r1l93" custom="readingOrder {index:92;}">
                <Coords points="686,3919 932,3915 977,3945 1427,3924 1521,3952 1589,3923 1633,3953 1735,3923 1736,3881 686,3881"/>
                <Baseline points="699,3925 750,3924 801,3923 852,3922 903,3922 955,3922 1006,3922 1057,3922 1108,3922 1159,3922 1211,3923 1262,3923 1313,3924 1364,3924 1415,3925 1467,3925 1518,3926 1569,3926 1620,3927 1671,3927 1723,3927"/>
                <TextEquiv>
                    <Unicode>Eder durch den Eintritt des Barons Sautis unter¬</Unicode>
                </TextEquiv>
            </TextLine>
            <TextLine id="r1l94" custom="readingOrder {index:93;}">
                <Coords points="685,3967 1672,3988 1737,3976 1738,3924 685,3927"/>
                <Baseline points="697,3971 748,3970 799,3969 851,3968 902,3968 954,3968 1005,3968 1057,3969 1108,3970 1160,3971 1211,3972 1262,3972 1314,3974 1365,3975 1417,3975 1468,3976 1520,3976 1571,3976 1623,3976 1674,3975 1726,3974"/>
                <TextEquiv>
                    <Unicode>sbrochen wird. Auf seine Frage, was es gäbe, er¬</Unicode>
                </TextEquiv>
            </TextLine>
            <TextLine id="r1l95" custom="readingOrder {index:94;}">
                <Coords points="685,4025 1748,4035 1748,4000 1698,3982 1514,3968 686,3977"/>
                <Baseline points="699,4018 750,4017 802,4016 854,4016 906,4016 958,4016 1010,4016 1061,4016 1113,4016 1165,4017 1217,4018 1269,4018 1321,4019 1373,4020 1424,4020 1476,4021 1528,4021 1580,4022 1632,4022 1684,4022 1736,4022"/>
                <TextEquiv>
                    <Unicode>zihlie ihm Bassi, es sei ein Streit ausgebrochen, den</Unicode>
                </TextEquiv>
            </TextLine>
            <TextLine id="r1l96" custom="readingOrder {index:95;}">
                <Coords points="700,4065 1735,4079 1735,4032 1643,4022 700,4002"/>
                <Baseline points="713,4062 763,4061 814,4061 864,4061 915,4061 965,4061 1016,4061 1066,4062 1117,4063 1167,4064 1218,4064 1268,4065 1319,4066 1369,4067 1420,4067 1470,4067 1521,4067 1571,4067 1622,4066 1672,4065 1723,4064"/>
                <TextEquiv>
                    <Unicode>ser (der Baron) entscheiden möge. Und nun erzählt</Unicode>
                </TextEquiv>
            </TextLine>
            <TextLine id="r1l97" custom="readingOrder {index:96;}">
                <Coords points="704,4120 1575,4137 1739,4120 1740,4066 705,4068"/>
                <Baseline points="717,4107 767,4107 817,4107 868,4108 918,4108 969,4108 1019,4109 1070,4110 1120,4110 1171,4111 1221,4112 1271,4112 1322,4113 1372,4113 1423,4114 1473,4114 1524,4114 1574,4114 1625,4113 1675,4112 1726,4112"/>
                <TextEquiv>
                    <Unicode>[Bassi die Verwechslungsgeschichte so, als ob sie zwei</Unicode>
                </TextEquiv>
            </TextLine>
            <TextLine id="r1l98" custom="readingOrder {index:97;}">
                <Coords points="687,4174 1759,4177 1760,4130 688,4115"/>
                <Baseline points="700,4151 752,4151 804,4152 856,4153 909,4154 961,4155 1013,4155 1066,4156 1118,4157 1170,4158 1223,4159 1275,4159 1327,4160 1379,4161 1432,4161 1484,4162 1536,4163 1589,4163 1641,4164 1693,4165 1746,4165"/>
                <TextEquiv>
                    <Unicode>(Schwestern und nicht in Wirklichkeit, sondern nur in</Unicode>
                </TextEquiv>
            </TextLine>
            <TextEquiv>
                <Unicode>box 33/5
28. Die SchesternoderCasanoun in Sna
27 10

wene #
Ronigkeits-Welt-Blatt

Asel Samsia1.
—
Wien mitzunehmen. Vor der Abreise wird noch ge¬
tafelt und ehe man zur Tafel geht, überzeugt
4u
Casanova Bassi, daß die Treue einer Frau nicht in
G4


60
10
25
ihrer Standhaftigkeit, sondern in der Wiederkehr zu
6
dem Betrogenen besteht — eine Philosophie, an die
Bassi um so lieber glaubt, als er von Anina nicht
lassen will. Und da sie gerade sehnsuchtsvoll ans
Mrattte
□
dem Garten nach ihm ruft, verzeiht er.

Ein starkes Stück, wie man aus dieser Inhalts¬
„Die Schwestern.“
angabe sieht. Aber in den Logen des Burgtheaters
Ein neues Lustspiel von Axtur Schnitzker.
sitzen keine Komtessen mehr. Dargk sch#ut, Direktor
(Zur heutigen Erstaufführung im Burgryenter¬
 Aeh
(Heine gedacht s1 heben, A # d
*Im Mittelpunkt des neuesten Schnitzlerschen Werkes
steht Casanova, der berührite Abenteurer, dessen
pikante Erlebnisse sogar in die Literatur Einganßz
gefunden haben.
Natürlich handelt es sich auch hier wieder um ein
Liebesfest, das dieser Liebling der Frauen feiert.
Die Handlung spielt in Spa, wohin Andrea Bassi,
ein Student aus vornehmem Hause, mit seiner Ge¬
liebten Anina gekommen ist, die er in einigen Wochen
heiraten will. Er trifft dort mit einer Gesellschaft
zusammen, in der sich ein Baron Santi mit seiner
Frau Flaminia und auch Casanova befinden. Fla¬
minia, ein Lebeweibchen, dessen Passionen von dem
ehrenwerten Gemahl begünstigt werden, wenn es ihm
in den Kram paßt, trifft Casanova zum dritten Male.
Aber erst in Spa soll ihr Liebessehnen erhört werden.
Sie hat den Liebhaber zum nächtlichen Stelldschein
geladen und, während die Männer am Kartentisch
sitzen, schleicht Casanova weg.
Doch Flaminia hat Pech. Ihr Liebhaber verfehlt
das Fenster und kommt zu — Anina. Nur sie merkt
es und — vielleicht aus Aerger, daß sie ihr Andrea
so lange warten läßt — läßt sie Casanova den
Irrtum nicht merken,
Am nächsten Morgen kommen die Gewissensbisse
und sie schreibt Casanova einen Brief, in dem sie
von ihm als Lohn für ihre Hingebung sofortige
[Abreise verlaugt. Da der Brief ohne Unterschrift ist,
fglaubt Casanova, er sei von Flaminia und da er die
Nache des Barons fürchtet, überdies nichts mehr in
Spa zu suchen hat, beschließt er wegzufahren. Vörher
faber geht er noch zu Bassi, um ihn anzupumpen,
denn er hat vor dem Liebesabenteuer viel verspielt
gund steht blank da. Unglück im Spiel, Glück in der
(Liebe.
F Bassi hat inzwischen von seiner Anina erfahren,
zwas geschehen ist und wütet, da das Bräutchen nicht
Inur keine Reue zeigt, sondern sehr befriedigt von deng
Abeuteuer scheint. Nur, meint sie, könne sie jetzt doch
bnicht mehr Bassis Frau werden. Im Streit der
lbeiden erscheint Casanova, um zu pumpen, und aß
Bassi daraufkommt, daß der Glücksritter von der
Verwechslung nichts weiß, begrüßt er dies freutig
gals Auskunftsmittel; denn, kalkuliert er, wenn niemand
gaußer Anina und mir weiß, was geschehen ist, und
zwenn wir nichts ausplandern, ist eben nichts ge
tschehen. Er gibt Casanova das verlangte Geld und
ldieser nimmt Abschied.
 Bassi ruft Anina und teilt ihr mit, wie er die
AAffäre ans der Welt geschaffen. Aber die bösen
Worte, die er früher gebraucht, haben die Kleine
twild gemacht. Sie will fort, zu Casanova. Da tritt
Flaminia herein und erfährt nun, daß Anina sie um
ldie Wonnen dieser Nacht betrogen und nun Casanova
fnachreisen will. Flaminia wütet, beschimpft Anina
#und es entwickelt sich ein regelrechter Dirnenzank,
Eder durch den Eintritt des Barons Sautis unter¬
sbrochen wird. Auf seine Frage, was es gäbe, er¬
zihlie ihm Bassi, es sei ein Streit ausgebrochen, den
ser (der Baron) entscheiden möge. Und nun erzählt
[Bassi die Verwechslungsgeschichte so, als ob sie zwei
(Schwestern und nicht in Wirklichkeit, sondern nur in</Unicode>
            </TextEquiv>
        </TextRegion>
    </Page>
</PcGts>
