3392 4320
843 137 904 192 W
2428 124 2901 219 box 33/5
269 120 2295 217 28. Die Schiestern-oder Casanova in Sna
2102 849 2773 941 Nus besser besucht als gewöhnlich.
337 971 2061 1047 g wimmelt, sind die Figuren genommen, die und =worte, alles was Schnitzler sagen wollte,
2052 979 2935 1051 keiten für denjenigen aufdämmern, der Augen
344 1001 1188 1087 das Spiel beleben, und sogar er selbst er¬
1200 1020 2065 1092 zum Ausdruck bringt. Aber eben da liegt's,
2060 1031 2941 1087 hat, zu sehen, Ohren hat, zu hören und ein
352 1073 1189 1136 scheint, der große Lebenskünstler, der Vielge¬
1205 1066 2063 1141 er sagt es. Alles was Handlung war, alles
2070 1077 2944 1142 Herz, um zu empfinden. Alles Irdische ist
2077 1119 2459 1183 nur ein Gleichnis.
351 1124 1198 1181 liebte und Vielgeschmähte, der Erotiker von
1201 1120 2066 1183 was lebendiges Leben hieß und Erlebnis der
342 1168 1200 1235 Geburt und Profession, der heitere Gegen¬
1206 1168 2068 1231 Menschen war, ist zu Ende und sie ziehen die
2148 1167 2939 1244 Die leichtsinnige Baronin, das süße Lu¬
350 1211 1189 1278 spieler des düsteren Don Juan, das Kind der
1216 1224 2055 1292 schmerzlichen Konsequenzen ihrer Taten.
169 1200 331 1285 Fano¬
2078 1212 2939 1298 derchen, wurde von Rosa Retty ganz ent¬
1215 1259 2052 1323 Schön, aber undramatisch. Anina wird Schwe¬
338 1262 1195 1338 Welt, das mehr Frauen glücklich gemacht hat
172 1269 335 1334 Arthur
2081 1273 2939 1335 zückend gespielt. Niemand trifft das so wie
349 1314 1196 1374 als unglücklich, und mit der Hölle der Liebe
1211 1320 2058 1375 ster der leichtsinnigen Baronin, wird sogar
181 1318 330 1382 Zwei
2076 1323 2938 1389 sie, zu gleicher Zeit so bösartig und doch so
348 1364 1203 1425 nichts zu tun hatte, wie sein düsterer Gegen¬
1218 1369 2054 1432 Schwester einer noch leichtsinnigeren Tänze¬
170 1365 332 1429 ischung.
2075 1365 2938 1433 reizend zu sein. Das schillert und funkelt und
352 1413 1197 1487 spieler, sondern nur mit ihren Himmeln. Die
167 1419 329 1489 Mau er¬
1212 1405 2056 1488 rin, die plötzlich auftaucht, um Casanova zu
2063 1406 2934 1482 dreht sich, wendet sich, entschlüpft und sticht
345 1455 1197 1533 galante Liebe einer galanten Zeit wird
166 1463 328 1525 e Dich¬
1211 1464 2058 1524 holen. Der junge Liebende wird ein schmerz¬
2073 1464 2936 1525 als vollkommene kleine Komödiantin, voll ge¬
337 1507 1192 1564 lebendig, der alles Metaphysische fernblieb,
168 1510 329 1583 distichon
1213 1510 2057 1586 lich Erkennender, das „Entweder=Oder“ des
2078 1517 2938 1581 spielter Unschuld. Fräulein Aknay als die
337 1559 1197 1614 die aufgeklärt war und nicht unglücklich sein
1211 1553 2068 1615 Gefühlslebens verliert seine Unbedingtheit,
166 1564 325 1624 Spring¬
2070 1572 2947 1633 keusche Sünderin, von erquickender Echtheit
345 1601 1203 1666 konnte und es höchstens bis zu einer gewissen
166 1611 339 1676 r drauf
1205 1613 2065 1675 der Aschermittwoch der großen Desillusion
2062 1611 2938 1683 der Empfindung und des Tones, Typus
352 1658 1191 1721 schmerzlichen Ironie brachte. Lebenskünstler
169 1662 341 1727 t dieser
1210 1659 2059 1729 und der Weltklugheit ist gekommen. Casanova
2074 1666 2929 1714 dessen, was die Franzosen „Adultère ingenue“
347 1707 1189 1775 und Liebeskünstler, ohne Leidenschaft und
211 1711 325 1774 aus¬
1208 1713 2055 1777 lehrt die Jugend. Der Jüngling wird zum
2063 1706 2933 1779 nennen; unvergeßlich das leise Lächeln der Be¬
351 1756 1169 1819 ohne Tragik, die geborenen Lustspielhelden.
178 1747 329 1822 Arthur
1213 1762 2065 1824 Mann, der zwischen der leichten Baronin,
2066 1756 2936 1824 friedigung und der seelischen Wandlung, als sie
413 1792 1190 1868 Ein Baron, der keiner ist, lebt vom Spiel
173 1812 336 1871 ameter.
1213 1797 2068 1873 zwischen der ehemals keuschen Anina und
2080 1809 2948 1881 sich zum ersten Male als Weib und überlegen
337 1853 1192 1915 und lebt von seiner Frau. Bald drückt er ein
167 1855 341 1913 er hat
1208 1857 2058 1917 der treulos=treuen Tänzerin nur mehr Nuan¬
2080 1865 2940 1914 fühlt. Schott, manchmal von schöner Hef¬
343 1900 1193 1973 Auge zu und ist ein bequemer Gatte, bald er¬
171 1901 327 1964 wenig¬
1212 1902 2062 1977 cen, aber keine Wesensunterschiede findet.
2075 1910 2935 1973 tigkeit, manchmal von unschöner Heftigkeit
349 1941 1198 2022 innert er sich wieder, daß er ein Ehrenmann
166 1947 306 2015 hat so
1212 1943 2069 2027 Dem Dichter war es um die trübe Weisheit
2067 1950 2943 2028 der Jugend, immer durchseelend, was er
348 2004 1187 2056 ist und der Degen fliegt aus der Scheide. Ein
176 2002 332 2067 eigenen
1203 2003 2063 2057 dieses melancholisch reizenden Schlusses zu
2077 2011 2943 2079 spricht, aber nicht immer Herr seines Aus¬
350 2049 1196 2106 junges Paar, zwei Liebende auf der Flucht,
182 2046 343 2128 an ihn
1213 2054 2068 2114 tun, der Zuschauer hätte es lieber gesehen,
2063 2052 2939 2115 druckes. Casanova — Herr Treßler. Nie¬
334 2101 1197 2153 knapp vor der Heirat. Beide noch mit einem
199 2103 332 2166 nötig
1214 2103 2071 2176 wenn das Stück scheinbar übermütig geschlos¬
2065 2105 2939 2171 mand im Burgtheater hätte es besser gemacht
351 2150 1198 2207 Hauch von bürgerlicher Anständigkeit und
214 2146 341 2211 und
1215 2157 2067 2210 sen hätte, mit der Empörung des zwiefach ge¬
2069 2151 2937 2220 als er. Aber er wan doch mehr Riccaut de la
170 2194 329 2273 pfände.
348 2200 1195 2258 von der Morgenkühle einer reinen Jugend.
1208 2210 2055 2270 liebten Casanova, der sich trotzdem als betro¬
2062 2198 2937 2272 Marlinière als Casanova. Schauspielerisch
342 2244 1192 2315 Und zwischen diesen beiden Paaren Casa¬
180 2251 326 2315 Klug¬
1217 2248 2056 2307 gener Betrüger fühlt. Der Zuschauer hätte
2075 2257 2936 2324 einwandfrei, aber das, was man nicht machen
349 2297 1194 2362 nova. Die leichtsinnige Frau erwartet ihn und
166 2295 328 2363 st.) an
1203 2306 2060 2366 lieber alle Schnitzler= und Weltweisheit im
2063 2297 2936 2383 kann, was man mitbringen muß, die Atmo¬
181 2335 340 2408 kommt
338 2347 1193 2406 ein Irrtum führt ihn zur kindlichen Anina,
1211 2342 2063 2420 ahnenden Gemüte erlebt und im Nachhall
2066 2356 2937 2414 sphäre war nicht vorhanden. Die erotische
333 2399 1193 2467 die schuldlos schuldig wird, vom Rausch der
168 2394 338 2456 unstver¬
1212 2402 2069 2454 seiner Seele nach Hause getragen, statt diese
2080 2406 2938 2474 Aura umstrahlte ihn nicht. Er war nur ein
169 2439 335 2512 Klugheit
351 2441 1201 2507 Stunde überwältigt. Sie weiß, in wessen Ar¬
1212 2451 2064 2508 Worte überdeutlich von der Bühne gesprochen
2073 2445 2934 2521 Abenteurer, aber nicht der Held aus tausend
172 2494 332 2555 sch be¬
345 2490 1191 2552 men sie lag. Casanova weiß es nicht. Später
1211 2493 2060 2557 zu hören. Mit der öffentlichen Diskussion
2066 2496 2939 2556 und einer Nacht. Danegger und Heine.
224 2535 331 2608 den
171 2545 231 2614 er
344 2552 1193 2614 erfährt's der jugendliche Bräutigam und stürzt
1201 2548 2058 2612 und Perlussion des Problems erlahmte die
2072 2548 2937 2619 in kärglichen Rollen, hatten nicht viel Gele¬
202 2596 332 2649 einen
348 2594 1198 2654 aus allen Himmeln, kann nicht begreifen,
1205 2589 2059 2657 Phantasie und erstarkte der kritische Verstand.
2064 2591 2937 2666 genheit zur Entfaltung. Jung Thimig als
179 2637 341 2696 Goethe
340 2629 1192 2692 kann nicht verzeihen, kommt über die schuldige
1212 2646 2051 2706 Denn wer das Stück verstanden hat, dem er¬
2070 2652 2936 2718 jugendlicher Bedienter von allen Lastern
166 2681 332 2748 s des
347 2684 1194 2759 Schuldlosigkeit seiner Geliebten nicht hinweg.
1214 2694 2061 2754 machen diese Dinge von selbst und fordern
2075 2702 2938 2751 bleich: Aber Bubi, wer soll dir denn das
166 2737 333 2815 lavigo“.
337 2737 1197 2810 Das Problem, das Hoffmannsthal in seinem
2075 2749 2930 2810 glauben? Ich nicht. Die Beifallsstimmung,
1209 2744 2066 2812 Rechenschaft, und wer es nicht verstanden hat,
169 2788 331 2869 heigern,
347 2788 1192 2869 Jugendwerkchen „Gestern“ in aller Kürze an¬
1207 2793 2070 2856 dem bleiben die schönsten und klügsten Worte
2070 2787 2943 2844 die nach dem zweiten Akt sich gern Luft ge¬
161 2839 340 2905 n das
1212 2843 2064 2916 nichts als tönendes Erz und klingende Schel¬
344 2831 1199 2905 geschlagen, wird hier etwas länglich noch
2078 2840 2933 2905 schafft hätte, sand erst nach dem dritten Ge¬
168 2889 339 2968 #lerben?
2066 2890 2936 2957 legenheit loszuprasseln. Der Dichter erschien
1201 2882 2066 2955 len, weil er die Liebe nicht hat, die jedes
340 2887 1203 2944 einmal durchgeführt. Man erwartet den
159 2937 337 2998 sanova,
2073 2942 2938 3002 immer wieder, von alten und neuen Freunden
1200 2933 2070 3006 Werk eines Dichters fordert, hinter dessen
333 2944 1198 3002 Schluß früher, als er tatsächlich eintritt, ob¬
173 2973 2277 3067 en nur wohl gerade dieser Schluß alle Dichterwerte Wirklichkeiten immer noch neue Unwirklich= begrüßt.
2441 2986 2909 3078 Felix Dörmann.
3175 4020 3311 4120 RRr
