3392 4352
2379 171 2832 266 box 3375
220 198 2238 293 28. Die Schvestern-oderCasanova in Spa
2180 388 2479 500 20 Klss 1920
2226 429 3051 583 Prager Tagblam, Prag
326 562 1530 650 „Casanova in Spaa.“ Aus Wien drahtet unser Vertreter:
2289 598 2835 683 Prager Tagblati Nr. 76
277 618 1531 684 Arthur Schnitlers Lustspiel „Die Schwestern“ oder „Casa¬
286 669 1505 742 nova in Spaa“ hat im Burgtheater seine Uraufführung
2413 663 3042 780 Bühne und Kunst.
285 697 1561 794 erlebt und gut unterhalten. Schnitzlers Vertiefen in des Venezianersse
290 756 1546 831 neun Bände „Erinnerungen“ hatte noch eine zweite Frucht ge##
293 788 1557 873 zeitigt: „Casanovas Heimfahrt“ eine Novelle, die dichterisch #
2442 784 2997 898 Der neue Gpihier.
299 831 1555 911 höher gestellt werden kann, trotzdem sie nicht in Jamben geschriebein“
2971 844 3242 932 Ea
289 877 1540 944 ist. Dort sind es bewertbare Menschen, in deren Kreisen ein ge¬E¬
2289 895 3231 972 a. p. Uraufführung im Burgtheater: „Die
296 927 1569 994 alterter, aber charakterisierter Casanova tritt. Hier auf der Bühne #
2240 951 3229 1033 Schwestern“ oder „Casanpva h Spa“, Lustspiel
299 971 1548 1042 ist nur eine abenteuerliche Spielerwelt, in der ein Lüdrian sich unter ##
2228 1001 2804 1059 von Artur Schnitzlet)
291 1021 1565 1089 seinesgleichen wohlgefällt. Schon damals sollte im Bade Spaa das #
2279 1029 3226 1104 Erster Akt. Casanova hit sich im Feuster,
285 1065 1504 1131 Jeu florieren. Zwei Paare, Tür an Tür im Gasthof. Der Pseubo¬
2237 1091 3216 1153 steigt Nachts statt in das Zimmer der ihn
296 1099 1682 1176 Baron Santin und seine Baronin Flaminia. Beide dank physischer g##
2243 1150 3225 1187 erwartenden Flaminia in das der braven
294 1145 1551 1223 Vorzüge geschäftlich tüchtig; daneben Andreas Bassi, Sohn gutenese
2233 1173 3227 1236 Anina. Das perplexe Mädchen, obzwar in tiefer
297 1193 1526 1260 Hauses, durchgebrannt mit der unbegüterten, aber 17jährigen Anina. ###
2241 1219 3198 1269 Liebe einem Dichter verbunden, unterliegt —
300 1236 1524 1301 Während eines Trink= und Spielgelages der Herren irrte
2231 1261 3230 1315 die Seele ist Eines und das Nervensystem ist
293 1286 1524 1343 Casanova sich im Fenster: statt bei Flaminia steigt er bei¬
2234 1306 3228 1376 ein Anderes! — der à la minute=Verführung.
1613 1301 1692 1392 *
299 1312 1533 1373 Anina ein, die sehnsüchtig ihren Andrea erwartet, aber gleich der
2237 1354 3233 1404 Andern Tags gesteht sie's dem Dichter, gleich
301 1346 1542 1430 anderen volles Gefallen am Aelteren, Erfahrenen findet. Des Mor¬
2225 1394 3232 1452 Nora eine große Geste des Verstehens und Ver¬
303 1405 1512 1475 gens Beichte, Empörung des Andrea, Empörung der Flaminia und
2240 1438 3229 1502 zeihens erwartend. Der Dichter aber rast in
300 1436 1518 1506 viel gezückte Degen, die Teresia, Napolitaniens berühmte Tänzerin,
2245 1493 3222 1546 Schmähung und Vorwürfen, worauf Anina sagt,
308 1493 1518 1567 zu trennen weiß. Das schlichte Ende ist, daß Andrea, von Casa=
2236 1525 3228 1580 sie sei mit ihm fertig und gehe nun zu Casanova.
302 1530 1533 1603 nova über Weibertreue und Liebeslust belehrt, sich dem Wüstling
2236 1569 3228 1633 Zweiter Akt: Casanova, des Glaubens, er sei
312 1592 1549 1652 zugesellt. Einst hatte in der Hofburg die Moral siegen müssen. Dien
2226 1617 3225 1669 Abei Flaminia gewesen und die Rache ihres
314 1642 1527 1690 Zeiten haben sich geändert, und Schnitzler darf schreiben wie inz
2233 1663 3225 1730 Galans, eines bedenkenlosen Glücksritters fürch¬
312 1666 1531 1727 Paris. Pariserisch ist auch die Redeweise. Mag manches Worte
2222 1697 3222 1779 #tend, will fort. Von dem Dichter entlehnt er
318 1713 1543 1775 ein bißchen „cochon“ sein, so gibt es auch manches Funkelnde von¬
2229 1747 3226 1827 „Geld zur Reise. Der Dichter, im Verlauf dieser
313 1750 1546 1815 hohem Talmiwert — denn in unseren teuren Jahren ist das Talmi“?
2241 1786 3222 1849 Darleyensbesprechung den Irrtum erkennend,
306 1784 1542 1854 hoch im Preise gestiegen. Die Handlung, soweit es Handlung gibt,?
2241 1829 3233 1901 in dem sich der Marquis befindet, will nun gerni##
320 1829 1533 1904 ist nicht so elegant geführt, wie Schnitzler sonst uns anzuführen
2250 1873 3229 1933 seiner Anina verzeihen. Aber sie besteht auf
314 1881 1522 1965 wußte. Das Spiel verriet ihn etwas, war zu schwer im ganzen. L.
2256 1918 3230 1990 ihrem Casanova. Auch Flaminia besteht auf
346 1918 1537 1997 Aus der Gelehrtenwelt. Zum Vorsitzenden der Zentral¬
2240 1966 3224 2039 ihm. Hestiger Konflikt zwischen den beiden
315 1983 1524 2042 direktion der Monumenta Germanine ist der Generaldirektor der
2233 2010 3224 2070 Frauen. Der Dichter will zur Entscheidung der
311 2021 1525 2083 preußischen Staatsarchive, Geh. Oberregierungsrat Prof. Dr. Kehr,
2228 2041 3225 2110 Frage, wer das höbere Aurecht auf Casanova
317 2071 656 2140 gewählt worden.
2231 2092 3232 2162 habe — die Frau, die er de facto besessen, oder
352 2080 1533 2166 In München ist der Ordinarius für Zivilprozeß und bürger¬
2231 2146 3233 2208 die, die er zu besitzen geglaubt — jenen Freund
323 2130 1546 2207 liches Recht Geh. Rat Dr. Lothar v. Seuffert im Alter von 76;
2232 2190 3229 2254 Flaminias, den Hochstapler, zum Schiedsrichter
317 2168 1546 2247 Jahren gestorben. Er war eine Autorität auf dem Gebiete des*
321 2226 1549 2273 Zivilprozeßrechts. Von seinen zahlreichen wissenschaftlichen Arbeiten:
2227 2229 3229 2305 aufrufen. Der Hochstapler erklart sich für in¬
1492 2245 1553 2297 #
326 2248 1530 2333 ist besonders sein berühmter „Kommentar zur Zivilprozeßocdnung“;
2170 2277 3232 2354 erkomreient, schlägt Casanova als Richter vor.
316 2314 629 2372 hervorzuheben.
2242 2319 3211 2371 Dritter Akt: Casanova entscheidet (der Fa##
2078 2335 2169 2411 *
348 2323 1526 2403 Die Göttinger philosophische Fakultät hat den ersten Preis=der
2167 2353 3236 2441 wird ihm in Form einer der Lösung harrenden
322 2377 1524 2456 Beneke=Stiftung dem o. Professor für organische Chemie und
2216 2396 3230 2473 Novelle vorgetragen), daß in der ganzen Sache
308 2413 1534 2497 chemische Technologie an der Technischen Hochschule in Stuttgart
2128 2446 3222 2526 42eigentlich der Liebhaber der Betrogene sei.
310 2469 1419 2548 Dr. William Küster (einem geborenen Leipziger) zuerkannt.
2236 2482 3222 2550 Dann fallen, zwischen den handelnden Personen,
2229 2534 3231 2601 ie Verschleierungen der Tatsachen, es kommt
2229 2584 3238 2654 zum Degenstreit der Männer gegen Casanova
2241 2631 3233 2679 und zur Schlichtung durch eine plötzlich auf¬
2240 2664 3235 2728 tretende ältere Geliebte des Marquis, die ihn
2237 2708 2700 2778 nach Wien entführt.
2278 2742 3234 2810 Das Stück, in Versen geschrieben, ist durch¬
2241 2783 3232 2855 setzt von dem halb bitteren, halb sentimentalen
2240 2850 3229 2898 Skeptizismus, der dem Humor wie der Schwer¬
2241 2889 3240 2944 mut Schnitzlerscher Dichtungen ihre in besseren
2235 2931 3234 2994 Kreisen hochgeschätzte Opalfarbe gibt. Es ist
2237 2978 3226 3041 zum Teil frisch und lustig, zum Teil auch ohne
2235 3018 3230 3090 Frage: weise. Die Erkenntnis, daß alle Frauen
2243 3058 3225 3130 Schwestern, alle Männer Brüder in genitalibus,
2245 3108 3234 3175 wird mit Sinn und Witz vorgetragen. Dennoch
2242 3149 3237 3211 ist die Komödie nicht sehr erquicklich. Sie fängt
2229 3197 3228 3257 als Problemstück an und wird ganz mechanisch
2241 3233 3242 3295 zum Lustspiel umgebogen. Nach dem vielver¬
2240 3288 3232 3338 heißenden ersten Akt wandeln sich die Menschen:
2236 3320 3230 3372 auf der Bühne plötzlich zu Puppen. Und das
320 3322 674 3404 O
2237 3364 3229 3431 Ineinander von Persönlichkeiten, Schicksalen,
369 3381 1500 3503 #Arthur Schnitzler#n### Lustspiel „Die Schwe¬
2240 3414 3229 3467 Trieben, löst sich in ein weitläufiges artistisches
302 3423 1499 3533 stern“ oder „Casanova in Spa“ wurde bei seiner Ur¬
2235 3445 3229 3520 Worte=Spiel. Die Meinung der Ausleger, solche
290 3454 1502 3574 aufführung im Purgtheater mit lehneftem Bei¬
2241 3491 3228 3571 Wandlung ins Leichte, Je=m’en=sichestische be¬
299 3503 1503 3617 fall ausgenommen, füf lden der Dichter „piesemals danken
2234 3537 3229 3599 wirke aber Casanovas Erscheinung, ist nicht
296 3547 1500 3638 konnte. Das Lustspiel“behandelt im gkaßscen Versen eine
2244 3593 3228 3645 stichhältig, denn hiezu wäre es wohl nötig ge¬
291 3583 1493 3689 Episode aus dem Leben desghe Abenteurers ganz im
2241 3628 3221 3678 wesen, den Casanova als wahrhaft bezaubernde,
296 3618 1502 3723 Stil und Geist des Ros#### stellt eine der anmutigsten
295 3655 1165 3746 und frischesten Leistungen des Dichters dar.
2244 3676 3231 3732 das Dicke und Trübe der Menschendinge in
2235 3706 3232 3773 der essentiellen Schärfe seines Lebensgefühls
2234 3753 3221 3808 lockernde und lösende Persönlichkeit zu zeigen.
2235 3795 3229 3862 Er ist aber im Stück nur ein recht belangloser,
2241 3848 3230 3904 wenn auch körperlich wie geistig beweglicher“
2245 3884 3227 3956 bean (als solchen stellt ihn auch Herr Treßler
2242 3918 3227 3998 dar), der nicht viel wäre, hieße er nicht Cosa¬
2246 3979 3235 4035 nova. Ueberraschend ist die sonderbare Un¬
2245 4015 3232 4090 delikatesse mancher Szenen. Der Eindruck wird
2241 4060 3222 4128 wach, daß der Antor hier mit Fäusten zuge¬
2237 4100 3256 4175 griffen, weil er der Kraft seiner Fingerspitzen #s
2399 4147 2575 4191 Pal. 7
2255 4155 2344 4195 nich
