3344 4384
374 152 1338 200 n Lob dicht eingewickelt, ist die ideale Forderung, daß
327 167 371 203 —
346 178 1434 246 J aus dem Irrgarten der Liebe ein Weg ins Freie ##
385 205 1340 276 gesucht werden möge, dem Schoß'inde der Kritik von
294 251 1346 314 dieser schon in den halkyonischen Tagen vor 1914 ofl,
302 299 1406 368 patürlich sehr bescheiden, präsentiert worden. Immerhin K
300 339 1405 402 so oft, daß der Dichter sich ihr schließlich ein und das —
300 385 1417 426 andere Mal halben Herzens gefügt hat, aber nur, um *
293 426 1370 472 alsbald wieder aufatmend in sein sonveräu beherrschtes,
301 455 1357 506 grenzunbewußtes Reich zurückzuflüchten, dessen himmlische
305 502 1348 551 Gestalten nur nach Mann und Weib fragen. Hier hat er
295 527 1414 592 sich nun seit Kriegsbeginn förmlich eingegraben oder ver¬**
297 577 1334 638 schanzt und bisher allen Lockungen, „Stellung zu nehmen“
302 617 1333 669 beharrlich widerstanden: sehr zum Mißfallen junger und
306 654 1410 702 jüngster Kritik, die jeden andern, der dasselbe getan oder #
301 693 1358 754 eigentlich nicht getan, mit so harten Verdikten verschont #
298 734 1336 791 hätte, wie sie der wohlerzogene Liebling der Grazien jetzt
294 782 1335 830 täglich zu hören bekommt. Sein Fall ist eben ein beson¬
293 817 1343 866 derer. Zwanzig Jahre lang sollte er durchaus den Dichter
291 848 1352 922 Wiens, sogar Österreichs vorstellen (und war doch weder
508 1048 597 1116 925
2419 1061 2537 1119 926
1180 1052 1880 1112 Echo der Bühnen: Halberstadt, Leipzig
1539 1177 2572 1247 ein Wunder tragen kann. Dies Wunder bleibt uns der
465 1178 1506 1239 jenes noch dies, wollt' es vielleicht gar nicht sein) — nun
1542 1235 2568 1274 Dichter freilich schuldig; an soviel dialektischen Haarspal¬
480 1245 1517 1291 regt man sich darüber auf, daß er, gleich einem Größeren,
1534 1274 2568 1317 tereien (alles immer mit fünf multipliziert), an dieser
468 1274 1519 1329 nichts geworden ist, sondern geblieben, der er war: ein
476 1313 1512 1355 seiner Künstler in engen oder meinetwegen weiten, aber
1537 1317 2571 1364 Scholastik der Liebe erlahmt schließlich auch seine gute und
1546 1348 2571 1418 sichere Technik, und wiewohl formal die „Schwestern“ hinter
474 1354 1514 1399 doch jedenfalls in scharf gezogenen Grenzen. Er hat es
468 1394 1506 1438 während des Krieges in gewehmt tieganter Haltung ver¬
1539 1394 2586 1446 der Schweternnovelle, einem Meisterstück der Kleinkunst,
475 1435 1513 1484 schmäht, an dem Weltbrand breite Bettelsuppen für ein
1531 1445 2580 1494 laum zurückzustehen, wäre unz  mit mehr Inhalt, weniger
466 1471 1515 1520 groß Publikum zu kochen; wurde dies gebilligt, so finde
1528 1472 1919 1533 [Kunst besser gebient.
474 1513 1523 1556 man sich nun auch damit ab, daß er weiterhin seinen
2050 1502 2550 1574 Robert F. Arnold
469 1551 1521 1588 eigenen Weg, daß der Arzt an den Qualen einer Welt
462 1589 1523 1641 vorübergeht, und verlange nicht von einem, den die Kritik
473 1633 1521 1673 mit Gewalt zum representative man gemacht, daß er Re¬
464 1681 1519 1732 präsentationspflichten genüge, von denen sein Herz nichts
466 1719 1183 1775 weiß. Oder nichts zu wissen scheint?
558 1756 1518 1812 Sehen wir denn wieder einmal zu, denken wir wieder
462 1801 1518 1856 einmal darüber nach, comment elles se donnent. Als
470 1837 1528 1876 zum Erempel: a hat mit h, der Gattin von c, ein nächt¬
477 1881 1523 1928 liches Begegnen vereinbart, irrt sich aber in der Tür, viel¬
469 1919 1518 1975 mehr im Fenster, und gelangt (ohne des Irrtums gewahr
479 1962 1523 1996 zu werden) zu d, der Geliebten von e allmählich klärt
472 2000 1515 2046 sich der Sachverhalt für alle fünf Beteiligten auf, und
465 2039 1519 2074 wir stehen vor nicht weniger als fünf quälenden Fragen:
470 2082 1513 2117 was sollen, was werden a, b usw. nun tun? Ein Fragen¬
464 2120 1516 2157 kompler, dessen Schwierigkeiten sich steigern und auch wieder
480 2153 1510 2192 mindern, wenn wir in jene Formel für à Casanova ein¬
471 2184 1518 2256 setzen, weiland Liebling der Frauen, seit Anno Hofmanns¬
474 2245 1501 2287 thal der Pocten; aber es bedarf noch einer Hilfsgröße 1,
465 2273 1516 2331 einer ehemaligen Freundin des Abenteurers, Theatergöttin
474 2318 1513 2363 ex machina, die, zu ihm zurückkehrend, alle Verwicklungen
1355 2357 1525 2405 u bei k#
472 2357 1166 2398 löst: b bleibt bis auf weiteres bei e,
564 2386 1521 2453 is auf weiteres, denn schon künden sich neue algebraische
464 2429 712 2489 Größen an.
554 2454 1506 2526 Die geistreiche, doch ihres Geistreichtums allzu be¬
461 2509 1509 2561 wußie Handlung ist Schnitzlers Eigentum; den vielbän¬
467 2557 1509 2607 digen Memoiren Casanovas verdankt er nichts als ein
469 2593 1511 2647 paar Kamen und das glücksritterliche Milien. Ebenso
2115 2614 3039 2671 + Auf mehrfache Aufragen hin teilk die
474 2635 1514 2685 steht's um die wohl gleichzeitig entstandene, etwas früher
2012 2648 3044 2722 Direktion des Burgtheaters mit, daß das
470 2675 1511 2725 (1919) veröffentlichte Novelle „Casanovas Heimfahrt“
2023 2700 3039 2763 erfolgreiche Lustspiel „Die Schwestern oder Casansra
474 2714 1510 2762 in der sich die Schatten des Untergangs auf den dreiund¬
2022 2731 2620 2823 in Spa“ von Artur Schn
2769 2744 3034 2812 wegen Be¬
475 2750 1508 2793 fünfzigjährigen Don Juan herabsenken, während er in
2026 2778 3024 2846 urlaubung des Herrn Treyler seilden. v. M.
469 2792 1525 2839 den „Schwestern“ noch in seiner Sünder Maienblüte oder
465 2833 1523 2880 doch Sommerreife steht. In der Novelle umarmi er, für
2030 2829 3035 2894 im Spielplan des Burgtheaters nicht erscheinen
475 2864 1528 2918 eigen anderen geltend, die Begehrte, im Lustspiel, unver¬
2026 2871 3033 2938 konnte. Am 13. d. wird das Lustspiel im Schön¬
470 2910 1514 2947 kannt aber verkennend, eine andere als die er begehrt;
2023 2917 3036 2985 brunner Schloßtheater mit Herin Romberg ins
464 2950 1513 2999 dort schnelle Aufklärung und Katastrophe, hier ein an¬
2026 2955 3044 3037 der Rolle des Casanova aufgeführt. — Die für
468 2987 1510 3046 mutiges Spielen hin und her und mit der Handlung selbst,
2035 3004 3023 3048 die abgesagten Montagvorstellungen im Burg¬
467 3031 1518 3081 denn einer der Beteiligten, 6, ist so etwas wie ein Dichter,
2030 3037 3032 3091 theater und Schönbrunner Schloßtheater gelösten!
467 3067 1515 3111 so daß die ganze Affäre aus dem Realen ins Literarische
2026 3090 3029 3155 Karten werden an den beireffenden Verkaufsstellge
470 3114 1525 3157 hmnübergleitet, eine bei Schnitzler nicht ungewohnte Wen¬
2030 3142 2767 3193 bis morgen mittags zurückgenommen.
474 3142 1511 3196 dung. Zum Verständnis der „Schwestern“ trägt die düstere
1797 3166 1875 3222 07
2187 3176 3034 3232 Im Operntheater kommt molgen
465 3190 1517 3232 Novelle nicht viel bei; indes bewahrt sie mns davor,
477 3227 1510 3270 die Philosophie oder, wenn das Wort hier gewagt werden
2023 3217 3020 3287 Richard Strouß' „Tper Rosenkavalier“
1794 3210 1893 3275 —
1791 3264 1879 3313 25
466 3256 1516 3309 darf, die Moral des Lustspiels allzu ernst zu nehmen, den
2030 3267 3039 3338 mit den Damen Windheuser, Gutheil, Schumann,
1811 3298 1842 3339 *
466 3304 1509 3355 Dichter selbst auf das ethische System festzunageln, das
1801 3321 1890 3372 —
2030 3307 3026 3371 Szterenyi, Wagner, Paaten, Veigl. Strobl, IIII=
473 3344 1520 3398 Casanova seinem widerwilligen Adepten # in anmutigen
2029 3347 3027 3413 mann, Haumener, den Herren Zer, Madin. Gallos.
470 3387 1517 3446 Verken vorträgt, während der Vorhang sich schon senken
2021 3384 3035 3441 Betetto, Wernigk. Stehmann, Breuer. Maikl, Kauf¬
461 3426 1513 3479 will: dem erotischen Erlebnis gegenüber verschwinde jeder
2724 3444 3010 3505 TRNEI MA WAAMEENEN
473 3464 1515 3505 Egoismus, jedes Monopolisierenwollen, jeder Wunsch nach
477 3501 1518 3540 Alleinbesitz; alle für alle oder mindestens für einen, den
469 3548 1532 3596 Tausendsassa; an Stelle eisersüchtiger Rivalität trete schwester¬
464 3578 1512 3636 und natürlich auch brüderliches Verzeihen und Gewähren¬
472 3621 1515 3658 lassen. Und die Treue? die gibt es ohnehin nur in der Form
469 3659 1521 3729 der Heimkehr von — wir müssen uns nochmals algebraischer
468 3705 1318 3760 Zeichen bedienen — von X über F zurück zu X.
552 3742 1510 3787 Damit solcher Leichtsinn das letzte Wort behalte, ist
461 3788 1513 3828 alles auf die Noten Rokoko und Jugend abgestimmt.
482 3825 1508 3874 Seide schillert, Reifröcke rauschen, Brieschen bergen sich
478 3863 1518 3920 in Miedern, Wein und Frauenaugen funkeln um die Wette,
468 3908 1517 3954 Postpferde galoppieren, Degen klirren, ohne viel Schaden
465 3938 1520 3993 anzurichten, auf den Spieltisch rollt das Gold, weiße
470 3983 1531 4029 Frauenglieder leuchten durch die Nacht. Und, von einem
479 4021 1519 4059 fgnt gereichneten) Erlebemann abgesehen, ist niemand in
480 4058 1525 4098 diesem Reigen älter als der in die Dreißiger tretende Ritter
469 4100 1513 4167 ohne Furcht und Adel. Ein Wunderland, in das uns nur
