3436 4352
2464 178 2938 281 box 3375
299 199 2318 284 28. Die Schuestern-oderCasanovainsna
674 1079 1806 1142 Anina zu diesem Andrea zurückfindet. Hat ihm keuf
672 1140 1826 1209 das wundersame Erlebnis animalischen Liebesrausches ent
664 1176 1835 1268 hüllt, der ihr reines Herz unbeschwert läßt, erschauert vor
666 1239 1827 1297 seinem philiströsen, beschränkten, ja pöbelhaften Wesen,
662 1288 1835 1348 das ihr nach diesem Geständnis offenbar wird, wendet
680 1338 1826 1403 sich mit innerer Verachtung, mit Ekel von ihm — und findet
668 1389 1834 1451 zu ihm zurück, wie die Dirne Flaminia zu ihrem Zuhälter.
3006 1376 3176 1475 Katgend
1947 1397 2999 1489 *Fakultative Reifeprüfungen an Handelsakademten. Der
672 1435 1828 1493 Aber mag sich auch noch mancher Einwand melden: Köst¬
3101 1463 3382 1521 * Fernperso
1833 1467 3000 1540 Siaatssekretär für Inneres und Unterricht hat im Einver¬
669 1484 1826 1552 lich ist es doch, das neue, leichtbeschwingte Spiel Schnitzlers
3016 1490 3378 1562 Salzburg. Ab Mol
1839 1511 3005 1593 nehmen mit dem Staatssekretär für Handel und Gewerbe,
663 1534 1822 1609 mit dem überlegenen Lächeln des Wissenden, mit den gütig
3011 1545 3383 1599 Westbahnhos— Salzb
1844 1577 3002 1635 Industrie und Bauten mit Vollzugsanweisung vom 18. März
671 1582 1095 1652 verzeihenden Blicken.
3006 1585 3378 1645 Westbahnhof 7 Uhr
2999 1619 3383 1677 nachmttags) und a
1844 1623 3008 1685 1920 eine Vorschrift für die Abhaltung fakultativer Reife¬
764 1631 1823 1706 Eine Aufführung, die alle diese bunien, meist scharf
3006 1657 3390 1715 richtung der Fernp
1831 1670 2992 1739 prüfungen an Handelsakademien erlassen, die bereits im
664 1694 1823 1742 umrissenen Gestalten frisch gegeneinander stellt, müßte die
2995 1699 3379 1755 40 Minuten vormn
1848 1719 2991 1781 Schuljahr 1919—1920 in Wirksamkeit tritt. Die Ablegung
3006 1736 3365 1801 nuten nachmittags)
667 1738 1828 1809 Schwächen des Lustspiels wettmachen. Die Besetzung im
1843 1765 3007 1828 dieser Reifeprüfung berechtigt zur Immatrikulierung als
3004 1778 3392 1852 ausgenommen, gefüh
672 1787 1824 1858 Burgtheater fördert aber das Werk nicht, sondern läßt es
1840 1820 2999 1880 ordentlicher Hörer an der Hochschule für Welthandel (zweiter
662 1838 1826 1903 ungebührlich blaß erscheinen. Herr Treßler kann viel,
3090 1824 3383 1900 * 128.000 Kro
1835 1872 3003 1927 Jahrgang). Inwiefern dieses Reifezeugnis zur Aufnahme als
662 1882 1826 1958 aber den fuszinierenden, weltklugen (für seine 32 Jahre allzu
3003 1881 3395 1946 Mann, der sich Frat
1838 1918 3001 1980 ordentlicher Hörer auch an anderen Hochschulen berechtigt
2998 1933 3387 1982 Zirkusgasse 10, vo
669 1931 1811 1998 weltklugen) Casanova Schnitzlers trifft er nicht. Fährt —
2999 1961 3388 2033 fälschten Frachtbrie
1845 1964 3006 2024 und inwienen es Erleichterungen be der Ablegung der
666 1984 1825 2048 zum Exempel — Domestiken an, statt sie mit nachlässig ge¬
3001 2008 3178 2069 entlockt.
1849 2016 3000 2067 realen, gymnasialen oder treform.) realgymnasialen Reife¬
665 2027 1824 2096 flüsterten Befehlen zu beherrschen, muß sich großartig geben,
3129 2043 3391 2116 Kein Leber
1838 2060 2994 2118 prüfung bewirkt, wird auf Grund der vorerst noch einge¬
656 2073 1822 2126 wo sein Wesen siegen müßte, sagt die delikaten Verse pre¬
3001 2094 3386 2171 tran bei der Heilmitt
1845 2103 2994 2172 holten Aeußerungen der Professorenkollegien der Hoch¬
659 2123 1820 2200 tentiös statt selbstverständlich. Frau Albach=Retty
3089 2145 3397 2212 * Todesopfe
1837 2162 2991 2232 schulen sowie der Landesschulbehörden abgesondert festgesetzt
666 2173 1822 2229 krempelt ein loses, heißes Frauenzimmer allzu sehr ins
3000 2184 3374 2249 loiderplosion in der
1837 2204 2024 2269 werden.
664 2229 1821 2284 Bürgerliche um. Den „wilden roten Mund“, den die Tänzerin
3010 2237 3394 2293 Gurkgasse ist die To
1957 2246 2984 2314 * Die Sonn= und Feiertagsruhe in den Kanzleien der
3019 2268 3388 2328 brecht, zum Opfer
662 2267 1821 2339 Therese an ihr rühmt, merkt man nicht. Und welche stöstliche
1840 2292 2994 2363 Rechtsanwälte und Notare. Eine im heutigen Staatsgesetz¬
3000 2316 3384 2375 die Rumpf und Glie
660 2318 1821 2368 Farbe müßte der Hochstapler und Kuppler Santis in das
1840 2350 2992 2402 blatt zur Verlautbarung gelangende Vollzugsanweisung des
3093 2361 3386 2427 30.000 K
665 2364 1820 2419 Spiel tragen, geriete er an den Richtigen! Herr Danegger
1842 2386 2990 2440 Staatsamtes für Justiz im Einvernehmen mit dem Staats¬
2989 2402 3383 2464 38jährige Geschäftsdi
670 2417 1826 2492 fand sich bloß geschickt mit ihm ab. Hingegen hat Schnitzlers
1846 2424 2987 2472 amt für soziale Verwaltung vom 17. März 1920 bestimmt,
3001 2454 3377 2513 nach Verunfreung ein
1837 2465 2988 2518 daß in Städten mit mehr als 100.000 Einwohnern die
655 2470 1826 2522 Gedicht eine große Begabung aus dem Dunkeln ans helle
2999 2490 3387 2542 trage der Firma B
1843 2500 2987 2561 Sonntagsruhe in den Kanzleien der Rechtsanwälte und No¬
664 2516 1823 2583 Licht gerückt. Frau Aknay gab die Anina ganz wunder¬
3001 2519 3393 2580 hütte hätte abführen
1844 2537 2990 2602 tare am Samstag um 2 Uhr, soweit Säuberungs= und
2996 2566 3388 2622 wurde Heimel auf de
660 2565 1821 2630 voll. Solch edlen Anstand, solch verhalienen Tönen tiefsten
1838 2579 2994 2640 Insiandhaltungsarbeiten vorgenommen werden, für die mit
2997 2608 3346 2658 war nur mehr im
662 2607 1815 2678 Empfindens sieht und hört man nur selten. Ihr Partner,
1841 2615 2985 2680 diesen Arbeiten beschäftigten Personen um 4 Uhr nachmittags¬
3000 2641 3386 2697 er in den Hasardspie
1838 2656 2018 2719 beginnt.
674 2663 1822 2708 Herr Schott, spielic brav, ohne an sie heranzureichen.
2997 2675 3394 2747 Er wurde dem Land
674 2706 1822 2774 Verdienstlich Frau Marber und Herr Thimig. Eine
1950 2689 2989 2763 * Die Sperrgelsfrage. Wie wir von informiecter Seite
3090 2725 3391 2796 * Ein Gemei
1835 2752 2984 2806 erfahren, wird die Sper geldfrage den niederösterreichischen Land¬
669 2759 1816 2816 mit ganz erlesener Kunst gemeißelte Figur dieses Stückas
2991 2760 3388 2833 Klagenfurt
1847 2790 2991 2852 tag bei seinem Wiederzusammentitt beschängen. Es stehen eine
3023 2816 3068 2868 5
675 2807 1818 2866 ist der greise Kavalier Gudar. Herr Heine sprach mit
3172 2817 3388 2870 elm wurh
1849 2832 2985 2887 Reihe diesbezüglicher Antrüge in Aussicht. So viel kann iedoch
2996 2853 3388 2927 handels verhaftet. Di
667 2852 1823 2914 sonderbacer Eile, als riefen ihn seine Spielleiterpflichten nach
1841 2873 2992 2925 schon heute mit Sicherheit angenommen werden, daß die Rege¬
659 2908 1821 2962 rückwärts und die Kostbarkeiten dieser Stellen gingen verloren.
3093 2901 3391 2981 * Gasexplosi
1840 2911 2986 2956 lung dieser Angelegenheit nicht in dem von den Haus¬
1838 2945 2984 2995 besorgern gewünschten Sinne erfolgt. Persönlichkeiten, denen in
3004 2939 3368 3010 gemeldet: Nachdem
660 2954 1816 3014 Das Publikum aber fühlte trotz der unzulänglichen Dar¬
1839 2974 2985 3041 dieser Frage ein entscheidendes Wort zukomm; erklären, daß man
3024 2981 3388 3043 Gas in die mit L
659 3001 1816 3068 stellung die Poesie dieses Stückes, das pausenlos durch¬
1837 3013 2996 3066 sich ernstlich mit dem Gedanken trägt. das Sperigeld als eine
2991 3023 3392 3076 hat sich in den Röhre
673 3052 1822 3117 gespielt wird, und rief stürmisch nach dem Dichter. Es war
1843 3059 2977 3108 veraltete Emrichtung des Polzeistaates gänzlich
3006 3075 3392 3133 Stellen im Stadtteile
1841 3112 3384 3185 aufzuheben und an denen Stelle den Haustorschlüssel I wurden, durch welche
1389 3094 1796 3182 „ Otto Abeles.
665 3102 1328 3183 ein starker und verdienter Erfolg.
1819 3121 2094 3219 einzujühren.
665 3144 780 3213 2
2988 3145 3388 3221 I wurden. Es wurden e
1102 3148 1407 3218 —
