<?xml version="1.0" encoding="UTF-8" standalone="yes"?>
<PcGts xmlns="http://schema.primaresearch.org/PAGE/gts/pagecontent/2013-07-15" xmlns:xsi="http://www.w3.org/2001/XMLSchema-instance" xsi:schemaLocation="http://schema.primaresearch.org/PAGE/gts/pagecontent/2013-07-15 http://schema.primaresearch.org/PAGE/gts/pagecontent/2013-07-15/pagecontent.xsd">
    <Metadata>
        <Creator>prov=University of Rostock/Institute of Mathematics/CITlab/Gundram Leifert/gundram.leifert@uni-rostock.de:name=ONB_Newseye_GT_M1+(htr_id=10810)::::v=2.4.2
prov=University of Rostock/Institute of Mathematics/CITlab/Tobias Gruening/tobias.gruening@uni-rostock.de:name=de.uros.citlab.module.baseline2polygon.B2PSeamMultiOriented:v=2.4.2
prov=University of Rostock/Institute of Mathematics/CITlab/Tobias Gruening/tobias.gruening@uni-rostock.de:name=/mnt/transkribus/LA/DEA/URO/LA_news_onb_att.pb:de.uros.citlab.segmentation.CITlab_LA_ML:v=2.4.2
Transkribus</Creator>
        <Created>2019-10-07T11:09:07.415+02:00</Created>
        <LastChange>2019-10-07T18:55:21.300+02:00</LastChange>
        <TranskribusMetadata docId="223958" pageId="9493692" pageNr="69" tsid="16406802" status="IN_PROGRESS" userId="40391" imgUrl="https://files.transkribus.eu/Get?id=CJEQMXCTAOMWGOCLZYTPTCYK&amp;fileType=view" xmlUrl="https://files.transkribus.eu/Get?id=QMRFQPHVWDKSTXQOCZHGKIHS" imageId="6183919"/>
    </Metadata>
    <Page imageFilename="223958_0069.jpeg" imageWidth="3344" imageHeight="4320">
        <ReadingOrder>
            <OrderedGroup id="ro_1711443786388" caption="Regions reading order">
                <RegionRefIndexed index="0" regionRef="r1"/>
            </OrderedGroup>
        </ReadingOrder>
        <TextRegion orientation="0.0" id="r1" custom="readingOrder {index:0;}">
            <Coords points="70,134 70,3014 3015,3014 3015,134"/>
            <TextLine id="r1l1" custom="readingOrder {index:0;}">
                <Coords points="2346,174 2420,187 2470,167 2559,187 2708,160 2740,179 2807,155 2807,103 2768,105 2745,85 2703,90 2671,120 2604,93 2557,122 2515,122 2485,100 2440,112 2410,95 2346,95"/>
                <Baseline points="2359,158 2384,158 2410,158 2435,158 2461,158 2487,158 2512,158 2538,158 2564,159 2589,159 2615,159 2641,159 2666,159 2692,159 2718,159 2743,158 2769,158 2795,157"/>
                <TextEquiv>
                    <Unicode>box 3375</Unicode>
                </TextEquiv>
            </TextLine>
            <TextLine id="r1l2" custom="readingOrder {index:1;}">
                <Coords points="181,184 2110,208 2189,193 2190,104 337,145 181,97"/>
                <Baseline points="194,163 293,168 392,172 491,175 590,177 689,178 788,178 888,179 987,178 1086,178 1185,177 1284,176 1383,175 1482,175 1582,174 1681,174 1780,174 1879,175 1978,176 2077,178 2177,180"/>
                <TextEquiv>
                    <Unicode>28. Die Schuestern oderCasanova insna</Unicode>
                </TextEquiv>
            </TextLine>
            <TextLine id="r1l3" custom="readingOrder {index:2;}">
                <Coords points="72,697 679,694 719,722 984,707 985,672 695,625 553,654 452,618 357,652 72,640"/>
                <Baseline points="84,691 128,691 172,692 217,692 261,692 306,693 350,693 394,693 439,693 483,693 528,693 572,694 616,694 661,694 705,694 750,695 794,696 838,696 883,697 927,698 972,700"/>
                <TextEquiv>
                    <Unicode>rfuhr im iegten Jahre eine Aus= Hemden</Unicode>
                </TextEquiv>
            </TextLine>
            <TextLine id="r1l4" custom="readingOrder {index:3;}">
                <Coords points="1583,715 1610,718 1633,706 1764,715 1771,708 1784,713 1804,706 1804,681 1772,676 1730,645 1698,662 1651,647 1618,666 1583,666"/>
                <Baseline points="1596,700 1624,702 1652,703 1680,703 1708,703 1736,703 1764,703 1792,705"/>
                <TextEquiv>
                    <Unicode>217.000</Unicode>
                </TextEquiv>
            </TextLine>
            <TextLine id="r1l5" custom="readingOrder {index:4;}">
                <Coords points="1029,715 1058,702 1088,716 1107,700 1120,710 1247,718 1275,737 1324,735 1322,661 1305,667 1254,641 1235,657 1200,658 1173,641 1155,649 1105,638 1086,649 1068,635 1026,636"/>
                <Baseline points="1041,709 1068,707 1095,705 1122,704 1149,703 1176,702 1203,701 1230,700 1257,700 1284,700 1311,700"/>
                <TextEquiv>
                    <Unicode> 93.000</Unicode>
                </TextEquiv>
            </TextLine>
            <TextLine id="r1l6" custom="readingOrder {index:5;}">
                <Coords points="2180,731 2683,731 2718,716 2719,647 2582,662 2565,645 2476,643 2374,682 2302,646 2181,654"/>
                <Baseline points="2193,709 2218,711 2244,712 2269,712 2295,714 2321,714 2346,715 2372,715 2397,715 2423,716 2449,716 2474,716 2500,716 2525,716 2551,716 2577,716 2602,717 2628,717 2653,718 2679,719 2705,720"/>
                <TextEquiv>
                    <Unicode>venior W9. MnziNEidE Gemer</Unicode>
                </TextEquiv>
            </TextLine>
            <TextLine id="r1l7" custom="readingOrder {index:6;}">
                <Coords points="71,750 1135,761 1158,712 72,698"/>
                <Baseline points="84,734 137,736 190,739 243,740 296,741 349,742 402,743 455,743 508,743 561,743 615,743 668,743 721,743 774,744 827,744 880,745 933,745 986,747 1039,748 1092,750 1146,753"/>
                <TextEquiv>
                    <Unicode>erschiedene gesetzgeberische Maß= Unterhosen</Unicode>
                </TextEquiv>
            </TextLine>
            <TextLine id="r1l8" custom="readingOrder {index:7;}">
                <Coords points="1588,763 1752,765 1779,748 1804,766 2039,776 2040,721 1998,701 1951,708 1914,680 1857,679 1822,711 1589,711"/>
                <Baseline points="1601,748 1626,749 1651,751 1676,751 1701,752 1726,753 1751,754 1776,754 1801,755 1827,755 1852,755 1877,755 1902,755 1927,755 1952,754 1977,754 2002,754 2028,754"/>
                <TextEquiv>
                    <Unicode>192.000 </Unicode>
                </TextEquiv>
            </TextLine>
            <TextLine id="r1l9" custom="readingOrder {index:8;}">
                <Coords points="1920,816 1939,816 1944,811 1979,811 1986,818 1996,808 2031,808 2031,776 1979,776 1972,771 1920,769"/>
                <Baseline points="1932,793 1960,793 1989,793 2018,793"/>
                <TextEquiv>
                    <Unicode>——</Unicode>
                </TextEquiv>
            </TextLine>
            <TextLine id="r1l10" custom="readingOrder {index:9;}">
                <Coords points="1364,803 1404,812 1421,802 1436,815 1466,799 1585,814 1629,805 1656,818 1679,806 1758,808 1759,766 1742,761 1457,764 1410,735 1366,736"/>
                <Baseline points="1377,791 1403,791 1429,791 1456,792 1482,792 1509,793 1535,794 1562,795 1588,796 1614,797 1641,798 1667,798 1694,798 1720,798 1747,798"/>
                <TextEquiv>
                    <Unicode></Unicode>
                </TextEquiv>
            </TextLine>
            <TextLine id="r1l11" custom="readingOrder {index:10;}">
                <Coords points="724,837 1457,871 1860,845 1771,806 724,797"/>
                <Baseline points="736,831 791,834 847,836 902,838 958,840 1013,841 1069,843 1124,844 1180,845 1235,846 1291,847 1346,847 1402,848 1457,848 1513,849 1568,849 1624,849 1679,850 1735,850 1790,850 1846,851"/>
                <TextEquiv>
                    <Unicode>War niemand da, der den Unwert der Arbeit erkannte? Und</Unicode>
                </TextEquiv>
            </TextLine>
            <TextLine id="r1l12" custom="readingOrder {index:11;}">
                <Coords points="1868,852 2967,884 3012,830 1869,810"/>
                <Baseline points="1880,848 1936,850 1992,852 2048,853 2104,854 2160,855 2216,856 2272,857 2328,857 2384,858 2440,858 2496,859 2552,859 2608,860 2664,860 2720,861 2776,862 2832,863 2888,864 2944,866 3000,868"/>
                <TextEquiv>
                    <Unicode>ihrer Art sind. Stimmlich zeigte sich Frau Cahler auf der</Unicode>
                </TextEquiv>
            </TextLine>
            <TextLine id="r1l13" custom="readingOrder {index:12;}">
                <Coords points="74,879 200,893 285,857 307,877 428,871 455,891 617,866 644,886 706,872 707,825 655,799 75,792"/>
                <Baseline points="86,857 116,857 146,857 177,857 207,858 237,858 268,858 298,859 328,859 359,860 389,860 419,860 450,861 480,861 510,862 541,862 571,862 601,863 632,863 662,863 693,864"/>
                <TextEquiv>
                    <Unicode>schaft und Leben.</Unicode>
                </TextEquiv>
            </TextLine>
            <TextLine id="r1l14" custom="readingOrder {index:13;}">
                <Coords points="715,877 1855,921 1841,851 716,838"/>
                <Baseline points="727,882 782,884 838,886 894,888 950,889 1006,891 1062,892 1117,893 1173,894 1229,894 1285,895 1341,896 1397,896 1453,897 1508,898 1564,899 1620,899 1676,900 1732,901 1788,902 1844,903"/>
                <TextEquiv>
                    <Unicode>niemand der sich getraute, dem Dichter ehrlich die Meinung</Unicode>
                </TextEquiv>
            </TextLine>
            <TextLine id="r1l15" custom="readingOrder {index:14;}">
                <Coords points="1863,913 3019,907 2992,872 1863,869"/>
                <Baseline points="1876,898 1932,900 1989,903 2045,904 2102,905 2158,906 2215,906 2271,907 2328,907 2384,908 2441,908 2497,908 2554,909 2610,909 2667,910 2723,911 2780,912 2836,913 2893,915 2949,917 3006,920"/>
                <TextEquiv>
                    <Unicode>vollen Höhe ihres Könnens. Der Ansatz der tieferen Lagen</Unicode>
                </TextEquiv>
            </TextLine>
            <TextLine id="r1l16" custom="readingOrder {index:15;}">
                <Coords points="59,928 135,948 488,933 545,950 564,931 726,948 726,896 619,869 537,898 403,896 351,868 312,896 59,876"/>
                <Baseline points="71,932 103,932 135,931 167,931 199,931 231,931 263,930 296,930 328,930 360,930 392,930 424,930 456,930 488,930 521,930 553,930 585,931 617,931 649,932 681,933 714,934"/>
                <TextEquiv>
                    <Unicode>Albote, nach der Artur Schnitzler.</Unicode>
                </TextEquiv>
            </TextLine>
            <TextLine id="r1l17" custom="readingOrder {index:16;}">
                <Coords points="722,937 1856,953 1856,911 1799,905 723,899"/>
                <Baseline points="736,934 791,936 846,937 902,938 957,939 1013,941 1068,941 1123,942 1179,943 1234,944 1290,944 1345,945 1400,945 1456,946 1511,946 1567,947 1622,947 1677,948 1733,948 1788,949 1844,949"/>
                <TextEquiv>
                    <Unicode>zu sagen? Statt dessen probiert man's halt — und ##t sich</Unicode>
                </TextEquiv>
            </TextLine>
            <TextLine id="r1l18" custom="readingOrder {index:17;}">
                <Coords points="1864,949 2980,980 3020,931 1864,912"/>
                <Baseline points="1876,949 1932,950 1989,951 2045,952 2102,953 2158,954 2215,954 2271,955 2328,956 2384,957 2441,957 2498,958 2554,959 2611,960 2667,961 2724,961 2780,962 2837,963 2893,964 2950,965 3007,967"/>
                <TextEquiv>
                    <Unicode>schien diesmal nicht ganz frei. Die Aufführung rund um den</Unicode>
                </TextEquiv>
            </TextLine>
            <TextLine id="r1l19" custom="readingOrder {index:18;}">
                <Coords points="63,985 365,1000 442,978 499,998 713,983 713,946 678,939 63,945"/>
                <Baseline points="75,981 106,981 137,981 168,981 200,981 231,981 262,981 293,981 325,981 356,981 387,981 418,981 450,981 481,981 512,981 543,981 575,982 606,982 637,982 668,982 700,982"/>
                <TextEquiv>
                    <Unicode>hwestern“ zu bilden versuchte, hat</Unicode>
                </TextEquiv>
            </TextLine>
            <TextLine id="r1l20" custom="readingOrder {index:19;}">
                <Coords points="729,984 1857,1019 1857,974 1803,954 729,945"/>
                <Baseline points="741,982 796,984 851,986 906,987 961,989 1017,990 1072,991 1127,991 1182,992 1237,992 1293,993 1348,993 1403,994 1458,994 1513,994 1569,995 1624,996 1679,997 1734,998 1789,999 1845,1001"/>
                <TextEquiv>
                    <Unicode>womöglich noch was drauf zugut, daß man doch einen huis¬</Unicode>
                </TextEquiv>
            </TextLine>
            <TextLine id="r1l21" custom="readingOrder {index:20;}">
                <Coords points="1872,1004 2960,1031 3015,1022 3016,980 1873,962"/>
                <Baseline points="1884,994 1942,996 2001,997 2060,998 2119,999 2178,1000 2237,1001 2296,1002 2355,1003 2414,1004 2472,1005 2531,1006 2590,1007 2649,1008 2708,1009 2767,1010 2826,1012 2885,1013 2944,1014 3003,1016"/>
                <TextEquiv>
                    <Unicode>Gast herum war sorgfältig, zeigte aber noch allzudeutliche</Unicode>
                </TextEquiv>
            </TextLine>
            <TextLine id="r1l22" custom="readingOrder {index:21;}">
                <Coords points="77,1042 635,1043 709,1026 709,984 77,990"/>
                <Baseline points="90,1026 120,1026 150,1027 180,1027 211,1027 241,1028 271,1028 302,1028 332,1028 362,1028 393,1028 423,1028 453,1028 483,1028 514,1028 544,1028 574,1028 605,1028 635,1028 665,1028 696,1028"/>
                <TextEquiv>
                    <Unicode>ferwiesen; und es ist dem Dichter</Unicode>
                </TextEquiv>
            </TextLine>
            <TextLine id="r1l23" custom="readingOrder {index:22;}">
                <Coords points="715,1051 1635,1063 1685,1029 1776,1063 1846,1059 1847,1012 716,994"/>
                <Baseline points="727,1028 782,1030 837,1032 892,1033 948,1035 1003,1036 1058,1037 1114,1038 1169,1038 1224,1039 1280,1039 1335,1040 1390,1040 1445,1041 1501,1042 1556,1043 1611,1044 1667,1045 1722,1046 1777,1048 1833,1050"/>
                <TextEquiv>
                    <Unicode>ler gegeben hat. Nein, das Verdienst um ihn wärc wesen,</Unicode>
                </TextEquiv>
            </TextLine>
            <TextLine id="r1l24" custom="readingOrder {index:23;}">
                <Coords points="1859,1055 3007,1071 2988,1016 1860,1006"/>
                <Baseline points="1871,1044 1927,1044 1983,1045 2039,1045 2095,1046 2152,1046 2208,1047 2264,1048 2320,1049 2376,1050 2433,1051 2489,1052 2545,1053 2601,1054 2657,1055 2714,1057 2770,1058 2826,1059 2882,1061 2938,1062 2995,1064"/>
                <TextEquiv>
                    <Unicode>Spuren Rainer=Simons'schen Kleinbürgertums. — Am Tage</Unicode>
                </TextEquiv>
            </TextLine>
            <TextLine id="r1l25" custom="readingOrder {index:24;}">
                <Coords points="62,1094 209,1082 253,1099 325,1079 464,1097 494,1080 705,1100 705,1028 601,1048 63,1037"/>
                <Baseline points="75,1074 105,1075 136,1077 167,1078 198,1079 229,1079 260,1080 290,1080 321,1079 352,1079 383,1079 414,1078 445,1078 476,1078 506,1078 537,1078 568,1077 599,1078 630,1078 661,1079 692,1080"/>
                <TextEquiv>
                    <Unicode>cht gelungen, der aus ihr wenig¬</Unicode>
                </TextEquiv>
            </TextLine>
            <TextLine id="r1l26" custom="readingOrder {index:25;}">
                <Coords points="714,1090 1863,1091 1863,1046 1685,1031 1645,1060 715,1043"/>
                <Baseline points="727,1075 783,1078 839,1080 895,1082 951,1084 1007,1086 1063,1087 1119,1089 1175,1090 1231,1091 1288,1092 1344,1093 1400,1093 1456,1094 1512,1095 1568,1095 1624,1096 1680,1096 1736,1097 1792,1097 1849,1098"/>
                <TextEquiv>
                    <Unicode>ihn nicht zu geben und uns nicht die Erfahrung machen zu</Unicode>
                </TextEquiv>
            </TextLine>
            <TextLine id="r1l27" custom="readingOrder {index:26;}">
                <Coords points="1861,1092 3016,1130 3017,1065 1862,1055"/>
                <Baseline points="1874,1095 1930,1095 1987,1096 2043,1097 2100,1097 2156,1098 2213,1099 2269,1100 2326,1101 2382,1101 2439,1102 2496,1103 2552,1104 2609,1105 2665,1106 2722,1107 2778,1108 2835,1109 2891,1110 2948,1110 3005,1111"/>
                <TextEquiv>
                    <Unicode>nach dieser Aufführung gab's in dem regsamen Theater. Neu¬</Unicode>
                </TextEquiv>
            </TextLine>
            <TextLine id="r1l28" custom="readingOrder {index:27;}">
                <Coords points="69,1143 317,1125 479,1151 538,1129 709,1155 709,1101 652,1088 69,1096"/>
                <Baseline points="81,1128 111,1129 142,1129 173,1129 204,1129 235,1129 265,1129 296,1128 327,1128 358,1128 389,1127 419,1127 450,1126 481,1126 512,1126 543,1126 573,1126 604,1127 635,1127 666,1128 697,1129"/>
                <TextEquiv>
                    <Unicode>rausholt, was darin stecken mag.</Unicode>
                </TextEquiv>
            </TextLine>
            <TextLine id="r1l29" custom="readingOrder {index:28;}">
                <Coords points="711,1134 1718,1162 1847,1150 1848,1103 712,1087"/>
                <Baseline points="724,1119 779,1122 835,1126 890,1129 946,1131 1001,1133 1057,1135 1112,1136 1168,1138 1223,1139 1279,1139 1334,1140 1390,1141 1445,1141 1501,1141 1556,1141 1612,1142 1667,1142 1723,1142 1778,1143 1834,1143"/>
                <TextEquiv>
                    <Unicode>lassen, daß man sich bei Schnitzler so langweilen kann. M. M.</Unicode>
                </TextEquiv>
            </TextLine>
            <TextLine id="r1l30" custom="readingOrder {index:29;}">
                <Coords points="1859,1150 3010,1161 3010,1124 2953,1116 1859,1110"/>
                <Baseline points="1872,1144 1928,1144 1984,1145 2040,1146 2097,1146 2153,1147 2209,1148 2265,1149 2322,1149 2378,1150 2434,1151 2490,1152 2547,1152 2603,1153 2659,1154 2715,1155 2772,1156 2828,1157 2884,1158 2940,1158 2997,1160"/>
                <TextEquiv>
                    <Unicode>studierungen zweier Operettenkleinigkeiten. Offenbachs naid</Unicode>
                </TextEquiv>
            </TextLine>
            <TextLine id="r1l31" custom="readingOrder {index:30;}">
                <Coords points="64,1185 583,1194 612,1169 722,1199 721,1115 622,1147 64,1128"/>
                <Baseline points="76,1176 107,1176 139,1176 170,1177 202,1177 234,1177 265,1177 297,1177 328,1177 360,1177 392,1176 423,1176 455,1176 486,1176 518,1176 550,1176 581,1176 613,1175 644,1175 676,1176 708,1176"/>
                <TextEquiv>
                    <Unicode>ovellenhafte Substanz genug, um</Unicode>
                </TextEquiv>
            </TextLine>
            <TextLine id="r1l32" custom="readingOrder {index:31;}">
                <Coords points="823,1186 1641,1212 1863,1182 1863,1142 824,1139"/>
                <Baseline points="836,1170 886,1174 937,1177 988,1180 1038,1182 1089,1184 1140,1186 1190,1187 1241,1188 1292,1189 1343,1189 1393,1190 1444,1190 1495,1191 1545,1191 1596,1191 1647,1192 1697,1192 1748,1193 1799,1194 1850,1195"/>
                <TextEquiv>
                    <Unicode>Volksoper. Manches früher einmal vom Schein großer</Unicode>
                </TextEquiv>
            </TextLine>
            <TextLine id="r1l33" custom="readingOrder {index:32;}">
                <Coords points="1871,1204 3014,1223 3014,1173 2881,1157 1871,1155"/>
                <Baseline points="1884,1193 1939,1193 1995,1194 2051,1194 2107,1195 2163,1196 2219,1197 2275,1198 2331,1198 2387,1199 2443,1200 2498,1201 2554,1202 2610,1203 2666,1203 2722,1204 2778,1205 2834,1206 2890,1206 2946,1207 3002,1207"/>
                <TextEquiv>
                    <Unicode>lustiges, dem Text nach beinahe schon einfältiges Spielchen</Unicode>
                </TextEquiv>
            </TextLine>
            <TextLine id="r1l34" custom="readingOrder {index:33;}">
                <Coords points="70,1225 380,1243 697,1231 697,1192 611,1179 559,1196 70,1186"/>
                <Baseline points="83,1224 113,1224 143,1224 173,1225 203,1225 233,1225 263,1225 293,1225 323,1226 353,1226 384,1226 414,1226 444,1227 474,1227 504,1226 534,1226 564,1226 594,1226 624,1225 654,1224 685,1223"/>
                <TextEquiv>
                    <Unicode>für die Bühne zu ergeben. Casa¬</Unicode>
                </TextEquiv>
            </TextLine>
            <TextLine id="r1l35" custom="readingOrder {index:34;}">
                <Coords points="711,1242 1800,1262 1854,1251 1855,1206 712,1182"/>
                <Baseline points="725,1224 780,1226 836,1227 892,1229 948,1231 1004,1232 1060,1234 1115,1235 1171,1236 1227,1237 1283,1239 1339,1240 1395,1240 1451,1241 1506,1241 1562,1242 1618,1242 1674,1242 1730,1242 1786,1242 1842,1242"/>
                <TextEquiv>
                    <Unicode>Erfolge umgebene Mitglied der einstigen Hosoper findet die</Unicode>
                </TextEquiv>
            </TextLine>
            <TextLine id="r1l36" custom="readingOrder {index:35;}">
                <Coords points="1864,1246 2917,1274 3014,1266 3015,1221 1865,1192"/>
                <Baseline points="1875,1244 1931,1243 1987,1243 2044,1242 2100,1243 2157,1243 2213,1243 2269,1244 2326,1245 2382,1247 2439,1247 2495,1249 2551,1250 2608,1252 2664,1253 2721,1255 2777,1257 2833,1258 2890,1260 2946,1261 3003,1263"/>
                <TextEquiv>
                    <Unicode>„Die Hochzeit bei Laternenschein" und Suppes unvergäng¬</Unicode>
                </TextEquiv>
            </TextLine>
            <TextLine id="r1l37" custom="readingOrder {index:36;}">
                <Coords points="63,1278 710,1288 710,1239 681,1229 435,1245 63,1223"/>
                <Baseline points="76,1267 107,1269 138,1270 169,1271 200,1272 231,1272 262,1273 293,1273 324,1273 355,1273 387,1272 418,1272 449,1272 480,1272 511,1272 542,1272 573,1272 604,1272 635,1273 666,1274 698,1275"/>
                <TextEquiv>
                    <Unicode>Ertitel versichert), in einer üblichen</Unicode>
                </TextEquiv>
            </TextLine>
            <TextLine id="r1l38" custom="readingOrder {index:37;}">
                <Coords points="720,1273 1794,1304 1849,1253 721,1236"/>
                <Baseline points="732,1274 787,1275 842,1277 897,1277 952,1279 1008,1280 1063,1281 1118,1283 1173,1284 1228,1285 1284,1286 1339,1287 1394,1288 1449,1289 1504,1289 1560,1290 1615,1290 1670,1290 1725,1289 1780,1289 1836,1287"/>
                <TextEquiv>
                    <Unicode>Stätte seiner Wirksamkeit verschlossen, wenn es nach mehr¬</Unicode>
                </TextEquiv>
            </TextLine>
            <TextLine id="r1l39" custom="readingOrder {index:38;}">
                <Coords points="1868,1297 3008,1324 2990,1259 1869,1250"/>
                <Baseline points="1881,1294 1936,1293 1992,1293 2048,1293 2103,1293 2159,1294 2215,1294 2270,1295 2326,1296 2382,1297 2438,1298 2493,1299 2549,1300 2605,1301 2660,1302 2716,1304 2772,1305 2827,1307 2883,1308 2939,1310 2995,1311"/>
                <TextEquiv>
                    <Unicode>liche „Schöne Galathee“ wurden dem Publikum in neuer</Unicode>
                </TextEquiv>
            </TextLine>
            <TextLine id="r1l40" custom="readingOrder {index:39;}">
                <Coords points="76,1325 314,1342 440,1340 470,1321 617,1344 708,1328 709,1288 76,1288"/>
                <Baseline points="88,1317 118,1318 148,1318 179,1319 209,1319 240,1320 270,1320 301,1320 331,1320 362,1320 392,1321 422,1321 453,1321 483,1321 514,1321 544,1321 575,1322 605,1322 636,1322 666,1323 697,1324"/>
                <TextEquiv>
                    <Unicode>r Schönen erwartet, irrt sich im</Unicode>
                </TextEquiv>
            </TextLine>
            <TextLine id="r1l41" custom="readingOrder {index:40;}">
                <Coords points="723,1342 1827,1354 1860,1303 724,1280"/>
                <Baseline points="735,1326 790,1326 846,1327 901,1328 957,1329 1013,1330 1068,1331 1124,1331 1179,1332 1235,1333 1291,1335 1346,1336 1402,1336 1457,1337 1513,1338 1569,1338 1624,1339 1680,1339 1735,1339 1791,1339 1847,1338"/>
                <TextEquiv>
                    <Unicode>jähriger Abwesenheit nach Wien zurückkehrt. So ergeht es</Unicode>
                </TextEquiv>
            </TextLine>
            <TextLine id="r1l42" custom="readingOrder {index:41;}">
                <Coords points="1864,1338 2908,1369 3008,1321 1865,1303"/>
                <Baseline points="1877,1342 1935,1342 1994,1342 2053,1342 2112,1342 2171,1343 2230,1344 2289,1345 2348,1346 2407,1347 2465,1348 2524,1349 2583,1350 2642,1351 2701,1352 2760,1353 2819,1353 2878,1354 2937,1354 2996,1354"/>
                <TextEquiv>
                    <Unicode>Aufmachung vorgesetzt und fanden viel Gefallen. Fran</Unicode>
                </TextEquiv>
            </TextLine>
            <TextLine id="r1l43" custom="readingOrder {index:42;}">
                <Coords points="72,1387 189,1372 308,1400 362,1378 704,1389 705,1347 469,1321 300,1345 72,1330"/>
                <Baseline points="84,1366 114,1368 144,1369 175,1370 205,1370 235,1371 266,1371 296,1371 326,1371 357,1370 387,1370 417,1370 448,1370 478,1369 508,1369 539,1370 569,1370 599,1370 630,1371 660,1372 691,1374"/>
                <TextEquiv>
                    <Unicode>ht mit einer anderen Schönen zu.</Unicode>
                </TextEquiv>
            </TextLine>
            <TextLine id="r1l44" custom="readingOrder {index:43;}">
                <Coords points="708,1370 1851,1407 1852,1355 1773,1339 709,1348"/>
                <Baseline points="722,1373 777,1374 833,1375 889,1377 945,1378 1001,1379 1056,1380 1112,1381 1168,1382 1224,1383 1280,1384 1335,1385 1391,1385 1447,1386 1503,1387 1559,1388 1614,1388 1670,1389 1726,1389 1782,1389 1838,1389"/>
                <TextEquiv>
                    <Unicode>auch Frau Charles Cahier, die eben erst so wunderschön</Unicode>
                </TextEquiv>
            </TextLine>
            <TextLine id="r1l45" custom="readingOrder {index:44;}">
                <Coords points="1867,1395 2980,1430 3006,1371 1867,1353"/>
                <Baseline points="1880,1385 1935,1387 1991,1389 2046,1390 2102,1392 2158,1393 2213,1395 2269,1396 2324,1397 2380,1399 2436,1400 2491,1401 2547,1402 2602,1403 2658,1404 2714,1405 2769,1406 2825,1406 2880,1407 2936,1407 2992,1408"/>
                <TextEquiv>
                    <Unicode>Schöne, das einstige Mitglied des Hauses, fang als Gast die</Unicode>
                </TextEquiv>
            </TextLine>
            <TextLine id="r1l46" custom="readingOrder {index:45;}">
                <Coords points="74,1424 213,1441 413,1424 468,1452 500,1422 701,1425 701,1378 520,1392 364,1377 304,1399 250,1374 74,1386"/>
                <Baseline points="85,1417 115,1418 145,1419 175,1420 205,1420 236,1420 266,1421 296,1421 326,1421 356,1421 387,1421 417,1420 447,1420 477,1420 507,1420 538,1420 568,1420 598,1420 628,1420 658,1421 689,1421"/>
                <TextEquiv>
                    <Unicode>r Exposition entnommen und ein</Unicode>
                </TextEquiv>
            </TextLine>
            <TextLine id="r1l47" custom="readingOrder {index:46;}">
                <Coords points="716,1440 1842,1446 1842,1404 1793,1398 717,1376"/>
                <Baseline points="728,1419 783,1421 838,1424 893,1425 948,1427 1003,1428 1058,1430 1113,1431 1168,1432 1223,1433 1279,1434 1334,1434 1389,1435 1444,1436 1499,1436 1554,1437 1609,1437 1664,1437 1719,1438 1774,1438 1830,1439"/>
                <TextEquiv>
                    <Unicode>im Lied von der Erde sang und nun, statt ein Wiedersehen</Unicode>
                </TextEquiv>
            </TextLine>
            <TextLine id="r1l48" custom="readingOrder {index:47;}">
                <Coords points="1856,1441 2935,1470 3015,1447 3016,1405 1857,1391"/>
                <Baseline points="1868,1435 1924,1436 1981,1437 2038,1438 2095,1439 2151,1441 2208,1442 2265,1443 2322,1444 2378,1446 2435,1447 2492,1448 2549,1449 2605,1451 2662,1452 2719,1453 2776,1454 2832,1454 2889,1455 2946,1455 3003,1456"/>
                <TextEquiv>
                    <Unicode>beiden Hauptpartien. In anderen Rollen waren die Damen</Unicode>
                </TextEquiv>
            </TextLine>
            <TextLine id="r1l49" custom="readingOrder {index:48;}">
                <Coords points="72,1481 345,1493 491,1471 692,1488 693,1431 502,1422 464,1449 373,1421 308,1438 73,1424"/>
                <Baseline points="84,1465 113,1466 143,1467 173,1467 203,1468 233,1468 262,1469 292,1469 322,1470 352,1470 382,1470 411,1471 441,1471 471,1471 501,1471 531,1471 560,1470 590,1470 620,1470 650,1469 680,1468"/>
                <TextEquiv>
                    <Unicode>Damen über künftige „Ansprüche“</Unicode>
                </TextEquiv>
            </TextLine>
            <TextLine id="r1l50" custom="readingOrder {index:49;}">
                <Coords points="705,1482 1839,1510 1839,1463 1755,1444 706,1440"/>
                <Baseline points="719,1468 774,1471 829,1473 885,1475 940,1477 995,1479 1051,1480 1106,1481 1161,1482 1217,1482 1272,1483 1327,1483 1383,1484 1438,1484 1493,1485 1549,1485 1604,1486 1659,1487 1715,1488 1770,1489 1826,1490"/>
                <TextEquiv>
                    <Unicode>mit dem Schauplatz ihres künstlerischen Aufstiegs zu feiern,</Unicode>
                </TextEquiv>
            </TextLine>
            <TextLine id="r1l51" custom="readingOrder {index:50;}">
                <Coords points="1862,1490 2841,1496 2994,1538 3013,1468 1862,1441"/>
                <Baseline points="1873,1484 1929,1486 1985,1487 2042,1488 2098,1489 2154,1490 2211,1491 2267,1492 2323,1492 2380,1494 2436,1494 2492,1495 2549,1496 2605,1497 2661,1498 2718,1499 2774,1499 2830,1500 2887,1501 2943,1502 3000,1503"/>
                <TextEquiv>
                    <Unicode>Attler und Weiner, sowie die Herren Rittersheim, Peters¬</Unicode>
                </TextEquiv>
            </TextLine>
            <TextLine id="r1l52" custom="readingOrder {index:51;}">
                <Coords points="76,1523 244,1540 336,1513 438,1544 517,1525 698,1536 699,1484 76,1481"/>
                <Baseline points="87,1516 116,1516 146,1516 176,1516 206,1516 236,1517 266,1517 296,1517 326,1518 356,1518 386,1519 415,1519 445,1519 475,1520 505,1520 535,1520 565,1520 595,1520 625,1520 655,1520 685,1520"/>
                <TextEquiv>
                    <Unicode>nicht gern an — erzählt der eine</Unicode>
                </TextEquiv>
            </TextLine>
            <TextLine id="r1l53" custom="readingOrder {index:52;}">
                <Coords points="708,1539 1772,1550 1849,1536 1850,1487 709,1482"/>
                <Baseline points="722,1518 777,1520 833,1523 889,1525 944,1526 1000,1528 1056,1529 1111,1530 1167,1531 1223,1532 1279,1533 1334,1534 1390,1534 1446,1535 1501,1535 1557,1535 1613,1536 1668,1536 1724,1536 1780,1537 1836,1537"/>
                <TextEquiv>
                    <Unicode>ein Gastspiel in der Volksoper gibt, damit sie sich den Wie¬</Unicode>
                </TextEquiv>
            </TextLine>
            <TextLine id="r1l54" custom="readingOrder {index:53;}">
                <Coords points="1862,1546 2886,1584 2980,1577 2982,1525 1864,1489"/>
                <Baseline points="1874,1531 1928,1533 1983,1534 2038,1535 2092,1536 2147,1538 2202,1540 2256,1541 2311,1543 2366,1545 2421,1546 2475,1548 2530,1550 2585,1551 2639,1553 2694,1554 2749,1556 2803,1557 2858,1558 2913,1559 2968,1560"/>
                <TextEquiv>
                    <Unicode>Recht und Lazer um den Erfolg ds Abends bemüht. J. B.</Unicode>
                </TextEquiv>
            </TextLine>
            <TextLine id="r1l55" custom="readingOrder {index:54;}">
                <Coords points="69,1583 240,1566 392,1585 471,1565 617,1591 707,1574 707,1530 640,1522 436,1543 392,1513 293,1532 275,1517 245,1542 70,1521"/>
                <Baseline points="82,1565 112,1565 143,1566 173,1566 204,1566 234,1566 265,1566 295,1566 326,1567 356,1567 387,1567 418,1567 448,1567 479,1567 509,1568 540,1568 570,1568 601,1568 631,1569 662,1569 693,1570"/>
                <TextEquiv>
                    <Unicode>hwierigen Streitfall — man hört</Unicode>
                </TextEquiv>
            </TextLine>
            <TextLine id="r1l56" custom="readingOrder {index:55;}">
                <Coords points="701,1561 1653,1612 1857,1575 1835,1543 1654,1533 701,1533"/>
                <Baseline points="714,1567 770,1570 826,1572 883,1574 939,1575 996,1577 1052,1578 1109,1579 1165,1580 1222,1580 1278,1581 1334,1581 1391,1582 1447,1582 1504,1583 1560,1583 1617,1584 1673,1585 1730,1586 1786,1587 1843,1588"/>
                <TextEquiv>
                    <Unicode>#een als Bühnensängerin zeigen kann. Frau Cahier sang als</Unicode>
                </TextEquiv>
            </TextLine>
            <TextLine id="r1l57" custom="readingOrder {index:56;}">
                <Coords points="73,1629 707,1622 707,1582 650,1572 459,1592 293,1567 73,1580"/>
                <Baseline points="86,1617 116,1617 146,1617 177,1617 207,1617 238,1616 268,1616 298,1616 329,1616 359,1616 390,1616 420,1616 450,1616 481,1616 511,1616 542,1616 572,1616 602,1616 633,1617 663,1617 694,1618"/>
                <TextEquiv>
                    <Unicode>gern noch einmal an. Danach ev</Unicode>
                </TextEquiv>
            </TextLine>
            <TextLine id="r1l58" custom="readingOrder {index:57;}">
                <Coords points="1951,1619 2998,1639 2999,1577 2954,1569 1952,1567"/>
                <Baseline points="1963,1614 2014,1614 2065,1615 2116,1615 2167,1616 2218,1616 2269,1617 2320,1617 2371,1618 2422,1618 2474,1619 2525,1619 2576,1620 2627,1622 2678,1623 2729,1624 2780,1626 2831,1628 2882,1631 2933,1633 2985,1636"/>
                <TextEquiv>
                    <Unicode>Beschädigungen eines Rubens=Bildes gelegentlich der</Unicode>
                </TextEquiv>
            </TextLine>
            <TextLine id="r1l59" custom="readingOrder {index:58;}">
                <Coords points="714,1622 1842,1654 1783,1591 715,1580"/>
                <Baseline points="727,1616 782,1618 837,1621 892,1622 947,1624 1002,1625 1057,1626 1113,1627 1168,1628 1223,1629 1278,1629 1333,1630 1388,1630 1443,1631 1499,1632 1554,1633 1609,1633 1664,1635 1719,1636 1774,1637 1830,1639"/>
                <TextEquiv>
                    <Unicode>Antrittsrolle die Carmen. Sie wählte damit eine Aufgabe,</Unicode>
                </TextEquiv>
            </TextLine>
            <TextLine id="r1l60" custom="readingOrder {index:59;}">
                <Coords points="69,1677 622,1684 706,1672 706,1623 69,1630"/>
                <Baseline points="82,1663 112,1663 143,1664 173,1664 204,1664 234,1665 265,1665 295,1665 326,1665 356,1666 387,1666 418,1666 448,1666 479,1666 509,1666 540,1666 570,1666 601,1666 631,1666 662,1666 693,1666"/>
                <TextEquiv>
                    <Unicode>wierigen Streitfall dem Casanova</Unicode>
                </TextEquiv>
            </TextLine>
            <TextLine id="r1l61" custom="readingOrder {index:60;}">
                <Coords points="1854,1665 3009,1695 3010,1646 2676,1616 1855,1625"/>
                <Baseline points="1866,1662 1922,1662 1979,1663 2035,1664 2092,1665 2148,1666 2205,1668 2261,1669 2318,1670 2374,1672 2431,1673 2487,1674 2544,1676 2600,1678 2657,1679 2713,1680 2770,1681 2826,1682 2883,1682 2939,1683 2996,1683"/>
                <TextEquiv>
                    <Unicode>Kämpfe in Dresden. Zu den Opfern der blutigen Wirren in</Unicode>
                </TextEquiv>
            </TextLine>
            <TextLine id="r1l62" custom="readingOrder {index:61;}">
                <Coords points="708,1671 1838,1701 1839,1654 709,1623"/>
                <Baseline points="720,1663 775,1666 830,1669 886,1671 941,1673 996,1674 1052,1675 1107,1676 1162,1677 1218,1678 1273,1678 1328,1679 1384,1679 1439,1680 1494,1680 1550,1681 1605,1681 1660,1682 1716,1683 1771,1684 1827,1686"/>
                <TextEquiv>
                    <Unicode>die an den Zauber persönlicher Darstellungskraft gebunden</Unicode>
                </TextEquiv>
            </TextLine>
            <TextLine id="r1l63" custom="readingOrder {index:62;}">
                <Coords points="79,1729 548,1719 709,1739 709,1680 667,1667 622,1684 409,1668 372,1686 79,1669"/>
                <Baseline points="91,1715 121,1714 151,1714 181,1714 212,1714 242,1714 272,1714 302,1714 333,1714 363,1714 393,1715 423,1715 454,1715 484,1716 514,1716 544,1716 575,1716 605,1716 635,1716 665,1716 696,1716"/>
                <TextEquiv>
                    <Unicode>gar nicht, das noch ein drittesmal</Unicode>
                </TextEquiv>
            </TextLine>
            <TextLine id="r1l64" custom="readingOrder {index:63;}">
                <Coords points="1849,1710 2999,1749 3000,1697 2777,1676 1850,1678"/>
                <Baseline points="1861,1711 1917,1712 1973,1714 2030,1715 2086,1716 2142,1717 2199,1718 2255,1719 2311,1720 2368,1721 2424,1722 2480,1722 2537,1723 2593,1724 2649,1725 2706,1726 2762,1727 2818,1728 2875,1729 2931,1730 2988,1730"/>
                <TextEquiv>
                    <Unicode>Deutschland zählt auch ein berühmtes Rubens=Bild der Dres¬</Unicode>
                </TextEquiv>
            </TextLine>
            <TextLine id="r1l65" custom="readingOrder {index:64;}">
                <Coords points="714,1728 1838,1745 1816,1690 715,1676"/>
                <Baseline points="726,1714 781,1716 836,1718 891,1720 946,1722 1001,1723 1056,1725 1111,1726 1166,1727 1221,1728 1276,1728 1331,1729 1386,1729 1441,1730 1496,1731 1551,1731 1606,1731 1661,1732 1716,1732 1771,1733 1826,1733"/>
                <TextEquiv>
                    <Unicode>ist. Mehr als jede andere. Bekanntlich ist die Partie der</Unicode>
                </TextEquiv>
            </TextLine>
            <TextLine id="r1l66" custom="readingOrder {index:65;}">
                <Coords points="74,1774 476,1778 506,1761 696,1781 697,1724 665,1721 75,1725"/>
                <Baseline points="86,1757 117,1758 149,1759 180,1760 212,1761 243,1762 275,1763 306,1763 338,1764 369,1764 401,1765 432,1765 464,1765 495,1765 527,1765 558,1766 590,1766 621,1766 653,1766 685,1766"/>
                <TextEquiv>
                    <Unicode>o bringt man die drei Akte hin.</Unicode>
                </TextEquiv>
            </TextLine>
            <TextLine id="r1l67" custom="readingOrder {index:66;}">
                <Coords points="1854,1767 3007,1783 2948,1737 1854,1722"/>
                <Baseline points="1867,1760 1923,1761 1979,1763 2036,1764 2092,1765 2149,1766 2205,1767 2261,1768 2318,1769 2374,1770 2431,1771 2487,1772 2543,1773 2600,1774 2656,1774 2713,1775 2769,1776 2825,1777 2882,1777 2938,1778 2995,1779"/>
                <TextEquiv>
                    <Unicode>dener Galerie, das durch eine verirrte Kugel beschädigt wurde.</Unicode>
                </TextEquiv>
            </TextLine>
            <TextLine id="r1l68" custom="readingOrder {index:67;}">
                <Coords points="708,1776 1685,1801 1846,1788 1847,1753 709,1732"/>
                <Baseline points="721,1767 776,1768 832,1769 887,1770 943,1770 999,1771 1054,1772 1110,1773 1166,1773 1221,1774 1277,1775 1333,1775 1388,1776 1444,1777 1500,1778 1555,1779 1611,1780 1667,1781 1722,1782 1778,1783 1834,1785"/>
                <TextEquiv>
                    <Unicode>Carmen den Sängerinnen aller Stimmgattungen zugänglich.</Unicode>
                </TextEquiv>
            </TextLine>
            <TextLine id="r1l69" custom="readingOrder {index:68;}">
                <Coords points="62,1831 357,1811 558,1838 635,1819 667,1837 697,1834 698,1775 63,1771"/>
                <Baseline points="74,1808 104,1808 135,1809 165,1809 196,1810 226,1810 257,1811 287,1811 318,1812 348,1812 379,1813 409,1813 440,1813 470,1814 501,1814 531,1814 562,1814 592,1813 623,1813 653,1813 684,1812"/>
                <TextEquiv>
                    <Unicode>letzt so, daß eine dritte Dame</Unicode>
                </TextEquiv>
            </TextLine>
            <TextLine id="r1l70" custom="readingOrder {index:69;}">
                <Coords points="1858,1823 3007,1841 2985,1779 1859,1771"/>
                <Baseline points="1871,1809 1927,1810 1983,1813 2039,1814 2095,1815 2152,1817 2208,1818 2264,1818 2320,1819 2376,1820 2433,1821 2489,1821 2545,1822 2601,1823 2657,1823 2714,1824 2770,1825 2826,1826 2882,1827 2938,1828 2995,1830"/>
                <TextEquiv>
                    <Unicode>Es handelt sich um die „Batseba“, ein Bild aus der spä¬</Unicode>
                </TextEquiv>
            </TextLine>
            <TextLine id="r1l71" custom="readingOrder {index:70;}">
                <Coords points="708,1820 1516,1862 1836,1842 1837,1795 1790,1789 709,1776"/>
                <Baseline points="721,1815 776,1816 831,1816 886,1817 941,1818 997,1819 1052,1821 1107,1821 1162,1822 1217,1823 1273,1825 1328,1826 1383,1827 1438,1828 1493,1829 1549,1829 1604,1830 1659,1831 1714,1831 1769,1832 1825,1832"/>
                <TextEquiv>
                    <Unicode>Ob hoher Sopran oder tiefer Alt, jeder Frauenstimme ist</Unicode>
                </TextEquiv>
            </TextLine>
            <TextLine id="r1l72" custom="readingOrder {index:71;}">
                <Coords points="65,1880 95,1863 231,1874 266,1852 331,1882 351,1865 551,1881 695,1862 696,1825 66,1818"/>
                <Baseline points="78,1859 108,1859 138,1859 168,1859 199,1859 229,1860 259,1860 290,1860 320,1861 350,1861 381,1861 411,1861 441,1862 471,1862 502,1862 532,1862 562,1862 593,1862 623,1862 653,1862 684,1861"/>
                <TextEquiv>
                    <Unicode>erschmäht hat und deren gegen</Unicode>
                </TextEquiv>
            </TextLine>
            <TextLine id="r1l73" custom="readingOrder {index:72;}">
                <Coords points="1852,1874 2824,1874 2994,1910 2996,1848 1853,1819"/>
                <Baseline points="1864,1860 1922,1860 1981,1861 2040,1862 2099,1864 2158,1865 2217,1866 2276,1867 2335,1868 2394,1869 2452,1871 2511,1872 2570,1873 2629,1875 2688,1876 2747,1877 2806,1878 2865,1879 2924,1881 2983,1882"/>
                <TextEquiv>
                    <Unicode>teren Schaffenszeit Rubens. Am Montag hat sich bei den</Unicode>
                </TextEquiv>
            </TextLine>
            <TextLine id="r1l74" custom="readingOrder {index:73;}">
                <Coords points="705,1858 866,1894 906,1860 992,1889 1831,1887 1831,1854 1745,1840 706,1819"/>
                <Baseline points="717,1864 772,1864 827,1865 882,1866 937,1867 992,1868 1047,1869 1102,1870 1157,1871 1212,1872 1268,1873 1323,1875 1378,1876 1433,1877 1488,1878 1543,1879 1598,1880 1653,1881 1708,1881 1763,1881 1819,1882"/>
                <TextEquiv>
                    <Unicode>dank des maßvollen Umfangs der Partie die Carmen er¬</Unicode>
                </TextEquiv>
            </TextLine>
            <TextLine id="r1l75" custom="readingOrder {index:74;}">
                <Coords points="81,1903 215,1927 344,1909 398,1927 691,1928 677,1858 550,1882 357,1864 332,1884 263,1856 218,1875 82,1864"/>
                <Baseline points="94,1905 123,1906 152,1906 181,1907 211,1907 240,1908 269,1908 298,1909 328,1909 357,1910 386,1910 415,1911 445,1911 474,1912 503,1912 532,1912 562,1912 591,1912 620,1912 649,1911 679,1911"/>
                <TextEquiv>
                    <Unicode>eine gewisse Legitimität besitzt.</Unicode>
                </TextEquiv>
            </TextLine>
            <TextLine id="r1l76" custom="readingOrder {index:75;}">
                <Coords points="1853,1919 3004,1918 2900,1881 1853,1874"/>
                <Baseline points="1865,1908 1921,1908 1977,1909 2033,1910 2090,1911 2146,1912 2202,1913 2259,1914 2315,1915 2371,1917 2428,1918 2484,1919 2540,1920 2596,1921 2653,1922 2709,1923 2765,1924 2822,1925 2878,1925 2934,1926 2991,1926"/>
                <TextEquiv>
                    <Unicode>Kämpfen in Dresden eine Revolverkugel in die Gemälde¬</Unicode>
                </TextEquiv>
            </TextLine>
            <TextLine id="r1l77" custom="readingOrder {index:76;}">
                <Coords points="692,1935 1841,1943 1799,1893 1599,1877 1261,1897 907,1859 867,1893 805,1865 693,1891"/>
                <Baseline points="704,1912 760,1914 816,1915 872,1917 928,1918 985,1920 1041,1921 1097,1922 1153,1923 1209,1924 1266,1925 1322,1926 1378,1926 1434,1927 1490,1928 1547,1928 1603,1929 1659,1929 1715,1929 1771,1929 1828,1929"/>
                <TextEquiv>
                    <Unicode>reichbar. Und doch: Wie wenig wirklich glaubwürdige Carmen¬</Unicode>
                </TextEquiv>
            </TextLine>
            <TextLine id="r1l78" custom="readingOrder {index:77;}">
                <Coords points="59,1979 136,1958 230,1978 314,1959 691,1969 691,1927 629,1916 200,1926 59,1898"/>
                <Baseline points="70,1955 100,1956 130,1956 161,1957 191,1958 222,1958 252,1958 283,1958 313,1958 344,1958 374,1958 404,1958 435,1958 465,1958 496,1958 526,1959 557,1959 587,1959 618,1960 648,1961 679,1962"/>
                <TextEquiv>
                    <Unicode>ern zugehört. Es war nichts da,</Unicode>
                </TextEquiv>
            </TextLine>
            <TextLine id="r1l79" custom="readingOrder {index:78;}">
                <Coords points="1843,1972 2848,1991 2997,1973 2998,1914 2893,1944 1844,1925"/>
                <Baseline points="1856,1964 1912,1962 1968,1962 2025,1961 2081,1961 2137,1962 2194,1962 2250,1963 2306,1964 2363,1965 2419,1967 2475,1968 2532,1970 2588,1971 2644,1972 2701,1973 2757,1974 2813,1975 2870,1976 2926,1976 2983,1976"/>
                <TextEquiv>
                    <Unicode>galerie verirrt und hat das geschilderte Bild beschädigt. Die</Unicode>
                </TextEquiv>
            </TextLine>
            <TextLine id="r1l80" custom="readingOrder {index:79;}">
                <Coords points="699,1973 1838,1982 1838,1945 1766,1936 700,1914"/>
                <Baseline points="713,1960 768,1962 824,1963 879,1965 935,1966 991,1967 1046,1969 1102,1970 1158,1970 1213,1971 1269,1972 1325,1973 1380,1974 1436,1974 1492,1975 1547,1976 1603,1977 1659,1977 1714,1978 1770,1979 1826,1980"/>
                <TextEquiv>
                    <Unicode>Darstellerinnen gibt es. Das kommt, weil nur die wenigsten</Unicode>
                </TextEquiv>
            </TextLine>
            <TextLine id="r1l81" custom="readingOrder {index:80;}">
                <Coords points="65,2014 281,2007 464,2032 561,2005 655,2028 697,2013 698,1968 598,1963 546,1985 425,1963 65,1967"/>
                <Baseline points="78,2005 108,2006 138,2006 168,2007 199,2007 229,2007 259,2007 290,2007 320,2007 350,2007 381,2007 411,2006 441,2006 471,2006 502,2006 532,2007 562,2007 593,2007 623,2008 653,2008 684,2009"/>
                <TextEquiv>
                    <Unicode>pureuser Kukturwelt gab, nichts,</Unicode>
                </TextEquiv>
            </TextLine>
            <TextLine id="r1l82" custom="readingOrder {index:81;}">
                <Coords points="1853,2019 3006,2039 2985,1974 1854,1974"/>
                <Baseline points="1865,2011 1921,2011 1977,2011 2034,2011 2090,2012 2147,2012 2203,2013 2259,2015 2316,2016 2372,2017 2429,2019 2485,2020 2541,2021 2598,2022 2654,2024 2711,2025 2767,2025 2823,2026 2880,2026 2936,2026 2993,2025"/>
                <TextEquiv>
                    <Unicode>Kugel ist durch das Haar der „Batseba“ durchgegangen. E#</Unicode>
                </TextEquiv>
            </TextLine>
            <TextLine id="r1l83" custom="readingOrder {index:82;}">
                <Coords points="695,2007 1833,2040 1822,1982 696,1975"/>
                <Baseline points="708,2009 763,2011 819,2012 874,2013 930,2015 986,2016 1041,2017 1097,2018 1152,2018 1208,2019 1264,2020 1319,2021 1375,2022 1430,2022 1486,2023 1542,2024 1597,2026 1653,2027 1708,2029 1764,2030 1820,2032"/>
                <TextEquiv>
                    <Unicode>Schauspielerinnen über das weibliche Urnaturell verfügen,</Unicode>
                </TextEquiv>
            </TextLine>
            <TextLine id="r1l84" custom="readingOrder {index:83;}">
                <Coords points="72,2069 687,2063 687,2023 660,2010 72,2014"/>
                <Baseline points="85,2056 114,2055 144,2054 173,2054 203,2054 232,2054 262,2054 291,2054 321,2054 350,2054 380,2054 409,2054 439,2055 468,2055 498,2056 527,2056 557,2056 586,2057 616,2057 645,2058 675,2058"/>
                <TextEquiv>
                    <Unicode>sunkenen Zeitalters nur einen</Unicode>
                </TextEquiv>
            </TextLine>
            <TextLine id="r1l85" custom="readingOrder {index:84;}">
                <Coords points="1842,2068 3001,2068 2999,2035 2902,2026 1843,2026"/>
                <Baseline points="1855,2058 1911,2058 1968,2059 2025,2060 2081,2061 2138,2062 2195,2063 2251,2064 2308,2065 2365,2066 2422,2068 2478,2069 2535,2070 2592,2071 2648,2072 2705,2072 2762,2073 2818,2074 2875,2074 2932,2075 2989,2075"/>
                <TextEquiv>
                    <Unicode>bestehe allerdings Hoffnung, den Schaden wenigstens einiger¬</Unicode>
                </TextEquiv>
            </TextLine>
            <TextLine id="r1l86" custom="readingOrder {index:85;}">
                <Coords points="705,2061 1836,2091 1817,2038 706,2013"/>
                <Baseline points="718,2056 773,2058 828,2060 883,2062 939,2064 994,2065 1049,2066 1105,2068 1160,2069 1215,2070 1271,2071 1326,2072 1381,2073 1436,2073 1492,2074 1547,2075 1602,2076 1658,2077 1713,2078 1768,2079 1824,2081"/>
                <TextEquiv>
                    <Unicode>das die Rolle der Carmen erfordert. Ja, geht man nicht fehl,</Unicode>
                </TextEquiv>
            </TextLine>
            <TextLine id="r1l87" custom="readingOrder {index:86;}">
                <Coords points="77,2106 647,2117 687,2102 687,2062 548,2074 474,2056 400,2077 258,2053 221,2070 77,2064"/>
                <Baseline points="89,2100 118,2101 147,2101 176,2102 206,2102 235,2103 264,2103 294,2104 323,2104 352,2104 382,2105 411,2105 440,2105 469,2105 499,2105 528,2105 557,2105 587,2106 616,2106 645,2106 675,2106"/>
                <TextEquiv>
                    <Unicode>aufrief. Eine der blässesten, hin¬</Unicode>
                </TextEquiv>
            </TextLine>
            <TextLine id="r1l88" custom="readingOrder {index:87;}">
                <Coords points="1853,2110 2937,2133 2994,2124 2995,2079 1854,2066"/>
                <Baseline points="1865,2106 1920,2106 1976,2107 2032,2108 2088,2109 2144,2110 2200,2111 2256,2113 2312,2114 2368,2115 2424,2117 2479,2118 2535,2120 2591,2121 2647,2122 2703,2122 2759,2123 2815,2123 2871,2123 2927,2123 2983,2122"/>
                <TextEquiv>
                    <Unicode>maßen wieder gutzumachen. Der gegenwärtig an der Dres¬</Unicode>
                </TextEquiv>
            </TextLine>
            <TextLine id="r1l89" custom="readingOrder {index:88;}">
                <Coords points="701,2123 1792,2142 1839,2130 1840,2091 702,2058"/>
                <Baseline points="714,2108 769,2110 825,2112 880,2113 936,2114 992,2116 1047,2116 1103,2117 1158,2118 1214,2118 1270,2119 1325,2119 1381,2119 1436,2120 1492,2120 1548,2121 1603,2122 1659,2123 1714,2124 1770,2125 1826,2127"/>
                <TextEquiv>
                    <Unicode>so zielen oft die berühmtesten Carmen=Darstellerinnen mit</Unicode>
                </TextEquiv>
            </TextLine>
            <TextLine id="r1l90" custom="readingOrder {index:89;}">
                <Coords points="73,2159 165,2152 202,2172 299,2146 413,2170 601,2157 629,2172 683,2160 684,2113 74,2111"/>
                <Baseline points="85,2152 114,2152 143,2152 172,2152 202,2152 231,2153 260,2153 290,2153 319,2153 348,2154 378,2154 407,2154 436,2154 465,2155 495,2155 524,2156 553,2156 583,2157 612,2157 641,2158 671,2158"/>
                <TextEquiv>
                    <Unicode>s. Nichts so undelikates noch hat</Unicode>
                </TextEquiv>
            </TextLine>
            <TextLine id="r1l91" custom="readingOrder {index:90;}">
                <Coords points="1843,2162 2989,2173 2953,2123 1844,2110"/>
                <Baseline points="1856,2153 1912,2154 1968,2155 2024,2156 2080,2157 2136,2158 2192,2160 2248,2161 2304,2163 2360,2164 2416,2165 2472,2166 2528,2167 2584,2168 2640,2169 2696,2170 2752,2171 2808,2171 2864,2171 2920,2171 2977,2171"/>
                <TextEquiv>
                    <Unicode>dener Akademie als Professor wirkende Wiener Maler Oskar</Unicode>
                </TextEquiv>
            </TextLine>
            <TextLine id="r1l92" custom="readingOrder {index:91;}">
                <Coords points="694,2156 1838,2180 1838,2131 695,2121"/>
                <Baseline points="708,2158 763,2159 819,2160 875,2161 931,2162 987,2163 1042,2164 1098,2165 1154,2166 1210,2167 1266,2168 1321,2169 1377,2169 1433,2170 1489,2171 1545,2172 1600,2172 1656,2173 1712,2173 1768,2174 1824,2174"/>
                <TextEquiv>
                    <Unicode>ihrer Auffassung daneben. Die Emma Calve gibt sich in dieser</Unicode>
                </TextEquiv>
            </TextLine>
            <TextLine id="r1l93" custom="readingOrder {index:92;}">
                <Coords points="79,2203 153,2216 193,2194 242,2229 354,2202 649,2227 686,2205 686,2180 602,2154 580,2172 337,2165 297,2145 203,2169 163,2151 79,2158"/>
                <Baseline points="90,2201 119,2201 148,2201 177,2201 206,2201 235,2201 264,2201 294,2201 323,2201 352,2202 381,2202 410,2202 439,2203 468,2203 498,2203 527,2204 556,2204 585,2204 614,2204 643,2204 673,2204"/>
                <TextEquiv>
                    <Unicode>tszene zwischen den beiden Wei¬</Unicode>
                </TextEquiv>
            </TextLine>
            <TextLine id="r1l94" custom="readingOrder {index:93;}">
                <Coords points="1847,2202 2947,2238 2990,2224 2991,2171 1847,2168"/>
                <Baseline points="1860,2204 1915,2205 1971,2206 2027,2208 2083,2209 2139,2209 2195,2211 2251,2212 2307,2213 2363,2214 2419,2215 2474,2216 2530,2217 2586,2218 2642,2219 2698,2220 2754,2221 2810,2222 2866,2223 2922,2224 2978,2225"/>
                <TextEquiv>
                    <Unicode>Kokoschka hat an die dortige Arbeiterschaft einen Aufruf</Unicode>
                </TextEquiv>
            </TextLine>
            <TextLine id="r1l95" custom="readingOrder {index:94;}">
                <Coords points="697,2210 1780,2242 1837,2224 1838,2181 698,2161"/>
                <Baseline points="710,2206 765,2206 821,2207 877,2208 932,2209 988,2210 1044,2211 1099,2212 1155,2214 1211,2215 1267,2216 1322,2218 1378,2219 1434,2220 1489,2221 1545,2221 1601,2222 1656,2223 1712,2223 1768,2223 1824,2222"/>
                <TextEquiv>
                    <Unicode>Rolle als allerliebstes Barmädchen; nicht weit davon war die</Unicode>
                </TextEquiv>
            </TextLine>
            <TextLine id="r1l96" custom="readingOrder {index:95;}">
                <Coords points="75,2253 695,2263 681,2206 648,2225 539,2209 490,2224 435,2204 388,2223 363,2200 239,2227 195,2194 152,2216 76,2203"/>
                <Baseline points="88,2245 117,2247 147,2248 177,2249 207,2250 236,2250 266,2251 296,2251 326,2251 355,2251 385,2251 415,2251 445,2251 474,2251 504,2251 534,2251 564,2252 593,2252 623,2252 653,2253 683,2254"/>
                <TextEquiv>
                    <Unicode>einen, in welches Beit Casanova</Unicode>
                </TextEquiv>
            </TextLine>
            <TextLine id="r1l97" custom="readingOrder {index:96;}">
                <Coords points="1850,2266 2953,2287 2996,2285 2997,2236 1851,2217"/>
                <Baseline points="1862,2255 1918,2254 1974,2254 2030,2255 2086,2255 2142,2256 2198,2257 2254,2259 2310,2260 2366,2262 2423,2263 2479,2265 2535,2266 2591,2268 2647,2269 2703,2270 2759,2271 2815,2272 2871,2273 2927,2273 2984,2273"/>
                <TextEquiv>
                    <Unicode>gerichtet, der allen. die vorhaben, „ihre politischen, Theorien</Unicode>
                </TextEquiv>
            </TextLine>
            <TextLine id="r1l98" custom="readingOrder {index:97;}">
                <Coords points="705,2263 1841,2282 1841,2223 706,2216"/>
                <Baseline points="718,2256 773,2257 829,2258 884,2259 940,2260 995,2261 1051,2262 1106,2263 1162,2265 1217,2266 1273,2267 1328,2268 1384,2269 1439,2270 1495,2270 1550,2271 1606,2271 1661,2271 1717,2271 1772,2271 1828,2270"/>
                <TextEquiv>
                    <Unicode>Sigrid Arnoldson in dieser Rolle; die Gemma Bellincioni</Unicode>
                </TextEquiv>
            </TextLine>
            <TextLine id="r1l99" custom="readingOrder {index:98;}">
                <Coords points="58,2294 164,2313 266,2296 286,2313 400,2297 437,2317 571,2301 646,2316 690,2297 691,2264 58,2257"/>
                <Baseline points="71,2298 101,2298 131,2297 162,2297 192,2297 222,2297 253,2298 283,2298 313,2298 344,2298 374,2299 404,2299 435,2300 465,2300 495,2300 526,2300 556,2301 586,2301 617,2301 647,2300 678,2300"/>
                <TextEquiv>
                    <Unicode>on Rokoko=Anmut in diesen duft¬</Unicode>
                </TextEquiv>
            </TextLine>
            <TextLine id="r1l100" custom="readingOrder {index:99;}">
                <Coords points="1846,2316 2994,2344 2971,2277 1847,2262"/>
                <Baseline points="1859,2302 1915,2303 1971,2304 2027,2305 2083,2306 2139,2307 2195,2308 2251,2309 2307,2309 2363,2310 2420,2311 2476,2312 2532,2313 2588,2314 2644,2316 2700,2317 2756,2319 2812,2321 2868,2322 2924,2324 2981,2326"/>
                <TextEquiv>
                    <Unicode>mit dem Schießprügel zu argumentieren“, die flehentliche</Unicode>
                </TextEquiv>
            </TextLine>
            <TextLine id="r1l101" custom="readingOrder {index:100;}">
                <Coords points="695,2313 1709,2341 1835,2328 1836,2293 695,2263"/>
                <Baseline points="708,2306 763,2307 819,2309 875,2310 931,2310 986,2311 1042,2312 1098,2313 1154,2313 1209,2314 1265,2315 1321,2315 1377,2316 1432,2317 1488,2317 1544,2318 1600,2318 1655,2319 1711,2320 1767,2321 1823,2322"/>
                <TextEquiv>
                    <Unicode>spielte sogar beinahe die Dame von Welt und Frau Gutheil¬</Unicode>
                </TextEquiv>
            </TextLine>
            <TextLine id="r1l102" custom="readingOrder {index:101;}">
                <Coords points="66,2354 426,2346 642,2368 684,2351 685,2306 513,2317 494,2302 449,2319 399,2296 211,2314 67,2302"/>
                <Baseline points="80,2344 109,2345 139,2346 168,2346 198,2347 228,2347 257,2347 287,2348 316,2348 346,2348 376,2349 405,2349 435,2349 464,2349 494,2350 524,2350 553,2350 583,2350 612,2351 642,2351 672,2352"/>
                <TextEquiv>
                    <Unicode>indeutigkeiten. Und in den Rede¬</Unicode>
                </TextEquiv>
            </TextLine>
            <TextLine id="r1l103" custom="readingOrder {index:102;}">
                <Coords points="1849,2363 2845,2390 2995,2358 2847,2325 1850,2313"/>
                <Baseline points="1862,2349 1920,2351 1979,2352 2038,2354 2097,2355 2156,2356 2215,2357 2274,2358 2333,2359 2392,2360 2450,2360 2509,2361 2568,2362 2627,2363 2686,2365 2745,2366 2804,2368 2863,2370 2922,2372 2981,2375"/>
                <TextEquiv>
                    <Unicode>Bitte unterbreitet, solche militärische Uebungen nicht mehr vor</Unicode>
                </TextEquiv>
            </TextLine>
            <TextLine id="r1l104" custom="readingOrder {index:103;}">
                <Coords points="693,2355 1831,2389 1832,2327 693,2313"/>
                <Baseline points="704,2351 759,2353 815,2356 871,2358 926,2359 982,2361 1038,2362 1093,2363 1149,2364 1205,2364 1261,2365 1316,2366 1372,2366 1428,2367 1483,2367 1539,2368 1595,2369 1650,2370 1706,2371 1762,2372 1818,2373"/>
                <TextEquiv>
                    <Unicode>Schoder schöpft hier ihre Kunst aus des Volkes dämonischer</Unicode>
                </TextEquiv>
            </TextLine>
            <TextLine id="r1l105" custom="readingOrder {index:104;}">
                <Coords points="74,2404 444,2405 471,2425 523,2403 573,2428 600,2409 687,2412 687,2372 558,2351 521,2366 75,2354"/>
                <Baseline points="86,2398 115,2398 144,2397 174,2396 203,2396 233,2396 262,2395 291,2395 321,2395 350,2396 380,2396 409,2396 438,2397 468,2397 497,2398 527,2399 556,2400 585,2400 615,2401 644,2402 674,2403"/>
                <TextEquiv>
                    <Unicode>, gibt es nur verschüttete Oasen,</Unicode>
                </TextEquiv>
            </TextLine>
            <TextLine id="r1l106" custom="readingOrder {index:105;}">
                <Coords points="1841,2410 2994,2432 2987,2359 2843,2387 1842,2356"/>
                <Baseline points="1854,2399 1910,2401 1966,2404 2023,2405 2079,2407 2135,2408 2192,2409 2248,2410 2304,2411 2361,2412 2417,2413 2473,2414 2530,2414 2586,2415 2642,2416 2699,2417 2755,2418 2811,2419 2868,2420 2924,2422 2981,2423"/>
                <TextEquiv>
                    <Unicode>der Gemäldegalerie, sondern auf den Schießplätzen der Heibe</Unicode>
                </TextEquiv>
            </TextLine>
            <TextLine id="r1l107" custom="readingOrder {index:106;}">
                <Coords points="696,2405 1536,2445 1842,2420 1798,2377 697,2355"/>
                <Baseline points="708,2400 764,2403 820,2405 876,2406 932,2408 988,2409 1044,2410 1100,2411 1156,2412 1212,2412 1269,2413 1325,2413 1381,2414 1437,2414 1493,2415 1549,2416 1605,2417 1661,2418 1717,2419 1773,2421 1830,2423"/>
                <TextEquiv>
                    <Unicode>Majestät. Merkwürdigerweise ist gerade die Auffassung dieser</Unicode>
                </TextEquiv>
            </TextLine>
            <TextLine id="r1l108" custom="readingOrder {index:107;}">
                <Coords points="71,2455 177,2467 230,2448 262,2466 337,2445 435,2472 505,2451 693,2477 694,2415 652,2407 573,2428 521,2402 471,2426 449,2408 238,2394 72,2403"/>
                <Baseline points="84,2442 113,2442 143,2443 173,2443 203,2443 233,2444 262,2444 292,2445 322,2445 352,2446 382,2447 411,2448 441,2448 471,2449 501,2450 531,2450 560,2451 590,2452 620,2452 650,2453 680,2453"/>
                <TextEquiv>
                    <Unicode>lustspielhaftes Tempo wäre. Das.</Unicode>
                </TextEquiv>
            </TextLine>
            <TextLine id="r1l109" custom="readingOrder {index:108;}">
                <Coords points="695,2454 1831,2477 1832,2420 696,2404"/>
                <Baseline points="708,2451 763,2453 819,2454 874,2455 930,2456 985,2457 1041,2458 1096,2458 1152,2459 1207,2460 1263,2461 1319,2461 1374,2462 1430,2463 1485,2464 1541,2465 1596,2466 1652,2467 1707,2468 1763,2469 1819,2471"/>
                <TextEquiv>
                    <Unicode>deutschen Darstellerin die stilvollste, wenn auch nicht die</Unicode>
                </TextEquiv>
            </TextLine>
            <TextLine id="r1l110" custom="readingOrder {index:109;}">
                <Coords points="1849,2461 2067,2492 2122,2460 3008,2474 3008,2444 2860,2421 1850,2409"/>
                <Baseline points="1863,2455 1919,2455 1976,2455 2032,2455 2089,2455 2145,2456 2202,2457 2258,2457 2315,2458 2371,2459 2428,2460 2485,2461 2541,2463 2598,2464 2654,2465 2711,2466 2767,2468 2824,2469 2880,2471 2937,2472 2994,2473"/>
                <TextEquiv>
                    <Unicode>abhalten zu wollen, wo menschliche Kultur nicht gefährdet</Unicode>
                </TextEquiv>
            </TextLine>
            <TextLine id="r1l111" custom="readingOrder {index:110;}">
                <Coords points="68,2507 628,2516 680,2509 682,2460 69,2455"/>
                <Baseline points="80,2490 109,2491 138,2491 168,2492 197,2492 227,2493 256,2494 286,2495 315,2495 345,2496 374,2497 403,2497 433,2498 462,2499 492,2499 521,2500 551,2500 580,2500 610,2501 639,2501 669,2501"/>
                <TextEquiv>
                    <Unicode>nicht viel Gunst zu schenken ge¬</Unicode>
                </TextEquiv>
            </TextLine>
            <TextLine id="r1l112" custom="readingOrder {index:111;}">
                <Coords points="1850,2521 1867,2521 1889,2506 1902,2516 1909,2508 1919,2508 1926,2516 1934,2508 2008,2512 2008,2465 1990,2460 1961,2471 1936,2461 1911,2469 1849,2462"/>
                <Baseline points="1862,2499 1888,2501 1915,2501 1941,2500 1968,2499 1995,2500"/>
                <TextEquiv>
                    <Unicode>werde.</Unicode>
                </TextEquiv>
            </TextLine>
            <TextLine id="r1l113" custom="readingOrder {index:112;}">
                <Coords points="698,2507 1844,2527 1845,2470 699,2460"/>
                <Baseline points="712,2500 770,2502 829,2504 888,2505 947,2507 1006,2508 1065,2509 1124,2509 1183,2510 1242,2511 1300,2511 1359,2512 1418,2513 1477,2514 1536,2515 1595,2516 1654,2518 1713,2519 1772,2521 1831,2524"/>
                <TextEquiv>
                    <Unicode>glaubwürdigste. Lepteres läßt wohl die Carmen der Frau</Unicode>
                </TextEquiv>
            </TextLine>
            <TextLine id="r1l114" custom="readingOrder {index:113;}">
                <Coords points="64,2559 533,2553 587,2570 620,2555 676,2577 693,2510 65,2505"/>
                <Baseline points="76,2540 106,2540 136,2540 166,2540 196,2540 226,2541 256,2541 287,2542 317,2543 347,2544 377,2545 407,2546 437,2547 467,2548 498,2548 528,2550 558,2550 588,2551 618,2551 648,2552 679,2552"/>
                <TextEquiv>
                    <Unicode>übt sich den Casanova glaubhaft</Unicode>
                </TextEquiv>
            </TextLine>
            <TextLine id="r1l115" custom="readingOrder {index:114;}">
                <Coords points="703,2556 1844,2586 1845,2527 1711,2517 704,2512"/>
                <Baseline points="716,2551 771,2553 827,2554 883,2556 939,2557 995,2558 1050,2558 1106,2559 1162,2559 1218,2560 1274,2560 1329,2561 1385,2561 1441,2562 1497,2562 1553,2563 1608,2564 1664,2565 1720,2566 1776,2568 1832,2570"/>
                <TextEquiv>
                    <Unicode>Cahier von sich behaupten. Auch bei ihr ist Dämonic der</Unicode>
                </TextEquiv>
            </TextLine>
            <TextLine id="r1l116" custom="readingOrder {index:115;}">
                <Coords points="66,2606 135,2592 338,2608 421,2590 495,2614 639,2601 690,2617 691,2568 369,2562 312,2541 67,2551"/>
                <Baseline points="78,2588 108,2589 138,2590 168,2590 198,2591 228,2591 258,2592 288,2592 318,2592 348,2593 378,2593 408,2594 438,2594 468,2595 498,2595 528,2596 558,2597 588,2598 618,2599 648,2600 678,2600"/>
                <TextEquiv>
                    <Unicode>ntwegt den rechten Absatz in den</Unicode>
                </TextEquiv>
            </TextLine>
            <TextLine id="r1l117" custom="readingOrder {index:116;}">
                <Coords points="699,2603 1840,2625 1840,2570 700,2553"/>
                <Baseline points="711,2601 766,2602 822,2603 878,2604 934,2605 990,2606 1046,2606 1101,2607 1157,2608 1213,2608 1269,2609 1325,2609 1381,2610 1437,2610 1492,2611 1548,2612 1604,2613 1660,2613 1716,2614 1772,2616 1828,2617"/>
                <TextEquiv>
                    <Unicode>Angelpunkt der Darstellung. Doch hier wandelt sich der</Unicode>
                </TextEquiv>
            </TextLine>
            <TextLine id="r1l118" custom="readingOrder {index:117;}">
                <Coords points="2149,2641 2178,2651 2208,2627 2276,2624 2377,2646 2399,2626 2426,2644 2523,2641 2543,2662 2595,2638 2652,2656 2679,2650 2681,2573 2626,2577 2567,2550 2517,2569 2359,2558 2294,2582 2222,2555 2150,2559"/>
                <Baseline points="2162,2616 2187,2617 2212,2618 2237,2620 2263,2620 2288,2622 2313,2622 2339,2624 2364,2625 2389,2625 2415,2626 2440,2627 2465,2627 2490,2627 2516,2628 2541,2628 2566,2628 2592,2627 2617,2627 2642,2626 2668,2625"/>
                <TextEquiv>
                    <Unicode>Kleine Nachrichten.</Unicode>
                </TextEquiv>
            </TextLine>
            <TextLine id="r1l119" custom="readingOrder {index:118;}">
                <Coords points="83,2635 239,2660 274,2643 363,2662 688,2655 688,2618 644,2602 83,2608"/>
                <Baseline points="94,2641 123,2641 152,2641 181,2641 210,2641 239,2641 268,2641 297,2642 326,2642 355,2643 384,2643 413,2644 442,2644 471,2644 500,2645 529,2646 558,2647 587,2647 616,2648 645,2649 675,2650"/>
                <TextEquiv>
                    <Unicode>Geldbeutel totsicher in der Luft</Unicode>
                </TextEquiv>
            </TextLine>
            <TextLine id="r1l120" custom="readingOrder {index:119;}">
                <Coords points="692,2655 1840,2683 1841,2631 693,2600"/>
                <Baseline points="706,2645 762,2647 818,2649 874,2650 930,2651 986,2653 1042,2654 1098,2654 1154,2655 1210,2656 1267,2656 1323,2657 1379,2658 1435,2658 1491,2659 1547,2660 1603,2661 1659,2661 1715,2663 1771,2665 1828,2666"/>
                <TextEquiv>
                    <Unicode>Dämon stellenweise wohl schon zur Bestie. Frau Cahier wehrt</Unicode>
                </TextEquiv>
            </TextLine>
            <TextLine id="r1l121" custom="readingOrder {index:120;}">
                <Coords points="1953,2680 2349,2705 2566,2676 2721,2711 2985,2688 2985,2658 2879,2614 2697,2666 1954,2623"/>
                <Baseline points="1965,2672 2015,2675 2065,2678 2116,2680 2166,2681 2217,2683 2267,2684 2317,2685 2368,2686 2418,2686 2469,2687 2519,2687 2569,2688 2620,2688 2670,2689 2721,2689 2771,2690 2821,2691 2872,2692 2922,2693 2973,2695"/>
                <TextEquiv>
                    <Unicode>Im großen Musikvereinssaale findet Freitag den</Unicode>
                </TextEquiv>
            </TextLine>
            <TextLine id="r1l122" custom="readingOrder {index:121;}">
                <Coords points="77,2707 194,2691 263,2712 378,2686 682,2715 683,2656 666,2653 576,2667 455,2648 378,2664 299,2643 78,2650"/>
                <Baseline points="89,2690 118,2690 147,2690 176,2690 205,2690 234,2691 263,2691 292,2692 321,2692 350,2693 379,2693 408,2694 437,2694 466,2695 495,2695 524,2696 553,2696 582,2696 611,2696 640,2696 669,2696"/>
                <TextEquiv>
                    <Unicode>getan zu haben. Die beiden ver¬</Unicode>
                </TextEquiv>
            </TextLine>
            <TextLine id="r1l123" custom="readingOrder {index:122;}">
                <Coords points="689,2693 1846,2746 1848,2684 690,2654"/>
                <Baseline points="702,2697 758,2698 815,2699 871,2700 928,2701 985,2702 1041,2702 1098,2703 1155,2704 1211,2704 1268,2705 1325,2706 1381,2707 1438,2708 1495,2709 1551,2710 1608,2712 1665,2713 1721,2715 1778,2718 1835,2720"/>
                <TextEquiv>
                    <Unicode>sich der Soldatenhände, die sie greifen, nicht nur mit den</Unicode>
                </TextEquiv>
            </TextLine>
            <TextLine id="r1l124" custom="readingOrder {index:123;}">
                <Coords points="1840,2738 2989,2743 2935,2700 2556,2681 2357,2712 1842,2663"/>
                <Baseline points="1853,2722 1909,2724 1965,2726 2021,2727 2077,2729 2133,2730 2189,2732 2245,2733 2301,2734 2357,2735 2414,2736 2470,2737 2526,2738 2582,2738 2638,2739 2694,2740 2750,2740 2806,2741 2862,2741 2918,2742 2975,2742"/>
                <TextEquiv>
                    <Unicode>9. April eine Aufführung zweier dramatischer Szenen von</Unicode>
                </TextEquiv>
            </TextLine>
            <TextLine id="r1l125" custom="readingOrder {index:124;}">
                <Coords points="92,2752 258,2741 615,2761 677,2754 678,2714 378,2688 264,2712 195,2691 93,2700"/>
                <Baseline points="104,2739 132,2739 160,2739 188,2740 216,2740 244,2740 272,2741 300,2741 328,2742 356,2742 385,2742 413,2743 441,2743 469,2744 497,2744 525,2744 553,2744 581,2745 609,2745 637,2745 666,2745"/>
                <TextEquiv>
                    <Unicode>Retty, mit gleichgültiger alt¬</Unicode>
                </TextEquiv>
            </TextLine>
            <TextLine id="r1l126" custom="readingOrder {index:125;}">
                <Coords points="700,2753 1844,2769 1844,2719 701,2711"/>
                <Baseline points="714,2748 769,2750 825,2751 881,2752 937,2753 993,2754 1049,2755 1105,2755 1161,2756 1217,2756 1273,2757 1328,2757 1384,2758 1440,2758 1496,2759 1552,2760 1608,2761 1664,2762 1720,2764 1776,2766 1832,2768"/>
                <TextEquiv>
                    <Unicode>Händen, sie stößt auch mit den Füßen. Fehlte nur noch, daß</Unicode>
                </TextEquiv>
            </TextLine>
            <TextLine id="r1l127" custom="readingOrder {index:126;}">
                <Coords points="1837,2788 2935,2806 2977,2792 2978,2742 1837,2739"/>
                <Baseline points="1849,2776 1904,2776 1960,2776 2016,2776 2072,2777 2128,2777 2184,2777 2239,2778 2295,2778 2351,2779 2407,2780 2463,2781 2519,2782 2575,2783 2630,2784 2686,2784 2742,2786 2798,2787 2854,2788 2910,2790 2966,2791"/>
                <TextEquiv>
                    <Unicode>Heinrich Mann statt: „Die Unschuldige“ und „Der Thrann“.</Unicode>
                </TextEquiv>
            </TextLine>
            <TextLine id="r1l128" custom="readingOrder {index:127;}">
                <Coords points="90,2793 241,2812 264,2795 452,2796 467,2812 511,2797 563,2815 678,2796 678,2751 90,2746"/>
                <Baseline points="102,2787 130,2788 158,2789 186,2790 214,2790 243,2791 271,2791 299,2792 327,2792 355,2792 384,2792 412,2792 440,2792 468,2792 496,2793 525,2793 553,2793 581,2793 609,2793 637,2793 666,2793"/>
                <TextEquiv>
                    <Unicode>Aknay, die so bildhübsch aus¬</Unicode>
                </TextEquiv>
            </TextLine>
            <TextLine id="r1l129" custom="readingOrder {index:128;}">
                <Coords points="694,2808 1795,2828 1831,2767 695,2761"/>
                <Baseline points="706,2796 761,2798 817,2799 872,2800 928,2801 984,2802 1039,2803 1095,2804 1150,2804 1206,2805 1262,2805 1317,2806 1373,2806 1428,2807 1484,2807 1540,2808 1595,2808 1651,2809 1706,2809 1762,2810 1818,2811"/>
                <TextEquiv>
                    <Unicode>sie auch deißt. Dennoch wirkt diese Carmen niemals kraß.</Unicode>
                </TextEquiv>
            </TextLine>
            <TextLine id="r1l130" custom="readingOrder {index:129;}">
                <Coords points="1836,2827 3027,2844 3003,2792 1837,2787"/>
                <Baseline points="1850,2821 1908,2823 1966,2824 2024,2826 2083,2827 2141,2829 2199,2831 2257,2832 2316,2833 2374,2834 2432,2835 2490,2836 2549,2837 2607,2838 2665,2838 2723,2839 2782,2838 2840,2838 2898,2838 2956,2837 3015,2836"/>
                <TextEquiv>
                    <Unicode>(Titelrolle: Ida Roland.) Zwischen den beiden Tinaktern</Unicode>
                </TextEquiv>
            </TextLine>
            <TextLine id="r1l131" custom="readingOrder {index:130;}">
                <Coords points="60,2857 207,2840 563,2862 606,2840 638,2861 685,2847 686,2810 61,2792"/>
                <Baseline points="72,2831 102,2831 132,2832 162,2833 192,2834 222,2834 252,2835 282,2836 312,2837 342,2838 373,2838 403,2839 433,2840 463,2841 493,2841 523,2842 553,2843 583,2843 613,2844 643,2844 674,2844"/>
                <TextEquiv>
                    <Unicode>nt schwor, wenigstens solange sie</Unicode>
                </TextEquiv>
            </TextLine>
            <TextLine id="r1l132" custom="readingOrder {index:131;}">
                <Coords points="696,2856 1827,2882 1828,2815 697,2804"/>
                <Baseline points="709,2847 764,2847 819,2847 874,2847 930,2847 985,2848 1040,2848 1095,2848 1151,2848 1206,2849 1261,2849 1316,2850 1372,2850 1427,2851 1482,2852 1537,2853 1593,2855 1648,2856 1703,2858 1758,2861 1814,2863"/>
                <TextEquiv>
                    <Unicode>Denn sie wird gemildert durch die fesselnde Erscheinung der</Unicode>
                </TextEquiv>
            </TextLine>
            <TextLine id="r1l133" custom="readingOrder {index:132;}">
                <Coords points="1832,2881 2397,2911 2866,2870 2930,2904 2961,2844 1833,2831"/>
                <Baseline points="1844,2868 1899,2870 1954,2872 2009,2874 2064,2876 2119,2877 2174,2878 2230,2879 2285,2880 2340,2881 2395,2881 2450,2882 2505,2883 2560,2883 2616,2883 2671,2884 2726,2884 2781,2884 2836,2885 2891,2885 2947,2886"/>
                <TextEquiv>
                    <Unicode>liest Heinrich Mann aus eigenen Schriften. Karten bei</Unicode>
                </TextEquiv>
            </TextLine>
            <TextLine id="r1l134" custom="readingOrder {index:133;}">
                <Coords points="87,2887 332,2891 361,2916 397,2892 461,2889 622,2908 682,2902 683,2859 631,2861 606,2840 554,2861 259,2842 87,2857"/>
                <Baseline points="99,2882 127,2882 156,2882 184,2883 213,2883 241,2884 270,2885 298,2886 327,2886 355,2887 384,2888 412,2889 441,2890 469,2891 498,2891 526,2892 555,2892 583,2893 612,2893 640,2893 669,2894"/>
                <TextEquiv>
                    <Unicode>Es war ein Abend ohne jeden</Unicode>
                </TextEquiv>
            </TextLine>
            <TextLine id="r1l135" custom="readingOrder {index:134;}">
                <Coords points="684,2890 1827,2914 1827,2882 1698,2863 684,2865"/>
                <Baseline points="697,2896 752,2895 808,2895 864,2895 920,2895 976,2896 1032,2897 1087,2898 1143,2899 1199,2900 1255,2901 1311,2902 1367,2904 1423,2905 1478,2906 1534,2906 1590,2907 1646,2908 1702,2908 1758,2908 1814,2907"/>
                <TextEquiv>
                    <Unicode>Darsiellerin und die aus der Musik geschöpften Ausdrucks¬</Unicode>
                </TextEquiv>
            </TextLine>
            <TextLine id="r1l136" custom="readingOrder {index:135;}">
                <Coords points="1828,2955 1873,2952 1900,2935 1920,2959 1954,2970 1982,2960 2002,2964 2013,2955 2059,2960 2064,2885 2041,2891 2014,2883 1971,2896 1926,2872 1902,2883 1836,2876"/>
                <Baseline points="1844,2925 1869,2925 1895,2925 1920,2927 1946,2928 1972,2931 1997,2934 2023,2939 2049,2946"/>
                <TextEquiv>
                    <Unicode>Seller. </Unicode>
                </TextEquiv>
            </TextLine>
            <TextLine id="r1l137" custom="readingOrder {index:136;}">
                <Coords points="2451,2965 2484,2982 2528,2956 2561,2977 2590,2964 2814,2983 2865,2952 2893,2971 2940,2950 2982,2959 2981,2902 2841,2893 2817,2914 2794,2894 2695,2907 2678,2892 2619,2911 2596,2892 2450,2913"/>
                <Baseline points="2463,2963 2488,2958 2513,2954 2538,2951 2564,2948 2589,2948 2614,2946 2640,2946 2665,2946 2690,2946 2716,2947 2741,2947 2766,2948 2791,2948 2817,2948 2842,2947 2867,2947 2893,2945 2918,2942 2943,2939 2969,2935"/>
                <TextEquiv>
                    <Unicode>An Ahe  ahel g. #</Unicode>
                </TextEquiv>
            </TextLine>
            <TextLine id="r1l138" custom="readingOrder {index:137;}">
                <Coords points="74,2982 1812,3003 1828,2924 75,2883"/>
                <Baseline points="87,2942 173,2944 259,2946 346,2947 432,2949 519,2950 605,2952 691,2953 778,2954 864,2956 951,2957 1037,2958 1123,2959 1210,2960 1296,2960 1383,2961 1469,2961 1555,2962 1642,2962 1728,2962 1815,2962"/>
                <TextEquiv>
                    <Unicode>e ihn Schnitzler ersparen können. werte, die künstlerisch in der Limie und durchaus originell in</Unicode>
                </TextEquiv>
            </TextLine>
            <TextLine id="r1l139" custom="readingOrder {index:138;}">
                <Coords points="1805,3008 1825,3008 1835,2999 1850,2999 1855,2994 1890,3000 1902,2995 1914,3002 1929,2993 1947,2993 1947,2956 1935,2956 1928,2963 1901,2935 1873,2952 1856,2954 1831,2929 1819,2921 1807,2921"/>
                <Baseline points="1818,2989 1847,2986 1876,2986 1905,2987 1934,2991"/>
                <TextEquiv>
                    <Unicode>1</Unicode>
                </TextEquiv>
            </TextLine>
            <TextLine id="r1l140" custom="readingOrder {index:139;}">
                <Coords points="2190,3024 2381,3018 2403,2998 2438,3016 2500,3005 2587,3020 2587,2968 2557,2975 2532,2958 2492,2978 2420,2929 2190,2937"/>
                <Baseline points="2203,3003 2229,3003 2256,3004 2282,3004 2309,3004 2335,3004 2362,3004 2389,3004 2415,3004 2442,3004 2468,3003 2495,3003 2521,3003 2548,3002 2575,3001"/>
                <TextEquiv>
                    <Unicode>Ki TEkt- 2</Unicode>
                </TextEquiv>
            </TextLine>
            <TextEquiv>
                <Unicode>box 3375
28. Die Schuestern oderCasanova insna
rfuhr im iegten Jahre eine Aus= Hemden
217.000
 93.000
venior W9. MnziNEidE Gemer
erschiedene gesetzgeberische Maß= Unterhosen
192.000 
——

War niemand da, der den Unwert der Arbeit erkannte? Und
ihrer Art sind. Stimmlich zeigte sich Frau Cahler auf der
schaft und Leben.
niemand der sich getraute, dem Dichter ehrlich die Meinung
vollen Höhe ihres Könnens. Der Ansatz der tieferen Lagen
Albote, nach der Artur Schnitzler.
zu sagen? Statt dessen probiert man's halt — und ##t sich
schien diesmal nicht ganz frei. Die Aufführung rund um den
hwestern“ zu bilden versuchte, hat
womöglich noch was drauf zugut, daß man doch einen huis¬
Gast herum war sorgfältig, zeigte aber noch allzudeutliche
ferwiesen; und es ist dem Dichter
ler gegeben hat. Nein, das Verdienst um ihn wärc wesen,
Spuren Rainer=Simons'schen Kleinbürgertums. — Am Tage
cht gelungen, der aus ihr wenig¬
ihn nicht zu geben und uns nicht die Erfahrung machen zu
nach dieser Aufführung gab's in dem regsamen Theater. Neu¬
rausholt, was darin stecken mag.
lassen, daß man sich bei Schnitzler so langweilen kann. M. M.
studierungen zweier Operettenkleinigkeiten. Offenbachs naid
ovellenhafte Substanz genug, um
Volksoper. Manches früher einmal vom Schein großer
lustiges, dem Text nach beinahe schon einfältiges Spielchen
für die Bühne zu ergeben. Casa¬
Erfolge umgebene Mitglied der einstigen Hosoper findet die
„Die Hochzeit bei Laternenschein" und Suppes unvergäng¬
Ertitel versichert), in einer üblichen
Stätte seiner Wirksamkeit verschlossen, wenn es nach mehr¬
liche „Schöne Galathee“ wurden dem Publikum in neuer
r Schönen erwartet, irrt sich im
jähriger Abwesenheit nach Wien zurückkehrt. So ergeht es
Aufmachung vorgesetzt und fanden viel Gefallen. Fran
ht mit einer anderen Schönen zu.
auch Frau Charles Cahier, die eben erst so wunderschön
Schöne, das einstige Mitglied des Hauses, fang als Gast die
r Exposition entnommen und ein
im Lied von der Erde sang und nun, statt ein Wiedersehen
beiden Hauptpartien. In anderen Rollen waren die Damen
Damen über künftige „Ansprüche“
mit dem Schauplatz ihres künstlerischen Aufstiegs zu feiern,
Attler und Weiner, sowie die Herren Rittersheim, Peters¬
nicht gern an — erzählt der eine
ein Gastspiel in der Volksoper gibt, damit sie sich den Wie¬
Recht und Lazer um den Erfolg ds Abends bemüht. J. B.
hwierigen Streitfall — man hört
#een als Bühnensängerin zeigen kann. Frau Cahier sang als
gern noch einmal an. Danach ev
Beschädigungen eines Rubens=Bildes gelegentlich der
Antrittsrolle die Carmen. Sie wählte damit eine Aufgabe,
wierigen Streitfall dem Casanova
Kämpfe in Dresden. Zu den Opfern der blutigen Wirren in
die an den Zauber persönlicher Darstellungskraft gebunden
gar nicht, das noch ein drittesmal
Deutschland zählt auch ein berühmtes Rubens=Bild der Dres¬
ist. Mehr als jede andere. Bekanntlich ist die Partie der
o bringt man die drei Akte hin.
dener Galerie, das durch eine verirrte Kugel beschädigt wurde.
Carmen den Sängerinnen aller Stimmgattungen zugänglich.
letzt so, daß eine dritte Dame
Es handelt sich um die „Batseba“, ein Bild aus der spä¬
Ob hoher Sopran oder tiefer Alt, jeder Frauenstimme ist
erschmäht hat und deren gegen
teren Schaffenszeit Rubens. Am Montag hat sich bei den
dank des maßvollen Umfangs der Partie die Carmen er¬
eine gewisse Legitimität besitzt.
Kämpfen in Dresden eine Revolverkugel in die Gemälde¬
reichbar. Und doch: Wie wenig wirklich glaubwürdige Carmen¬
ern zugehört. Es war nichts da,
galerie verirrt und hat das geschilderte Bild beschädigt. Die
Darstellerinnen gibt es. Das kommt, weil nur die wenigsten
pureuser Kukturwelt gab, nichts,
Kugel ist durch das Haar der „Batseba“ durchgegangen. E#
Schauspielerinnen über das weibliche Urnaturell verfügen,
sunkenen Zeitalters nur einen
bestehe allerdings Hoffnung, den Schaden wenigstens einiger¬
das die Rolle der Carmen erfordert. Ja, geht man nicht fehl,
aufrief. Eine der blässesten, hin¬
maßen wieder gutzumachen. Der gegenwärtig an der Dres¬
so zielen oft die berühmtesten Carmen=Darstellerinnen mit
s. Nichts so undelikates noch hat
dener Akademie als Professor wirkende Wiener Maler Oskar
ihrer Auffassung daneben. Die Emma Calve gibt sich in dieser
tszene zwischen den beiden Wei¬
Kokoschka hat an die dortige Arbeiterschaft einen Aufruf
Rolle als allerliebstes Barmädchen; nicht weit davon war die
einen, in welches Beit Casanova
gerichtet, der allen. die vorhaben, „ihre politischen, Theorien
Sigrid Arnoldson in dieser Rolle; die Gemma Bellincioni
on Rokoko=Anmut in diesen duft¬
mit dem Schießprügel zu argumentieren“, die flehentliche
spielte sogar beinahe die Dame von Welt und Frau Gutheil¬
indeutigkeiten. Und in den Rede¬
Bitte unterbreitet, solche militärische Uebungen nicht mehr vor
Schoder schöpft hier ihre Kunst aus des Volkes dämonischer
, gibt es nur verschüttete Oasen,
der Gemäldegalerie, sondern auf den Schießplätzen der Heibe
Majestät. Merkwürdigerweise ist gerade die Auffassung dieser
lustspielhaftes Tempo wäre. Das.
deutschen Darstellerin die stilvollste, wenn auch nicht die
abhalten zu wollen, wo menschliche Kultur nicht gefährdet
nicht viel Gunst zu schenken ge¬
werde.
glaubwürdigste. Lepteres läßt wohl die Carmen der Frau
übt sich den Casanova glaubhaft
Cahier von sich behaupten. Auch bei ihr ist Dämonic der
ntwegt den rechten Absatz in den
Angelpunkt der Darstellung. Doch hier wandelt sich der
Kleine Nachrichten.
Geldbeutel totsicher in der Luft
Dämon stellenweise wohl schon zur Bestie. Frau Cahier wehrt
Im großen Musikvereinssaale findet Freitag den
getan zu haben. Die beiden ver¬
sich der Soldatenhände, die sie greifen, nicht nur mit den
9. April eine Aufführung zweier dramatischer Szenen von
Retty, mit gleichgültiger alt¬
Händen, sie stößt auch mit den Füßen. Fehlte nur noch, daß
Heinrich Mann statt: „Die Unschuldige“ und „Der Thrann“.
Aknay, die so bildhübsch aus¬
sie auch deißt. Dennoch wirkt diese Carmen niemals kraß.
(Titelrolle: Ida Roland.) Zwischen den beiden Tinaktern
nt schwor, wenigstens solange sie
Denn sie wird gemildert durch die fesselnde Erscheinung der
liest Heinrich Mann aus eigenen Schriften. Karten bei
Es war ein Abend ohne jeden
Darsiellerin und die aus der Musik geschöpften Ausdrucks¬
Seller. 
An Ahe  ahel g. #
e ihn Schnitzler ersparen können. werte, die künstlerisch in der Limie und durchaus originell in
1
Ki TEkt- 2</Unicode>
            </TextEquiv>
        </TextRegion>
    </Page>
</PcGts>
