3344 4320
691 189 909 239 KRL
140 244 951 292 er, des Wunderbaren harrenden Seele,
144 291 950 357 eibe erweckt durch die Liebe des jungen
183 331 946 394 Bassi, des Sohnes wohlhabender
151 375 948 438 kleute. Der Widerstand seiner Familie
154 425 948 489 das arme Mädchen gibt ihm die Kraft
156 478 953 536 r Tat, so sehr das Abenteuer seiner
155 522 955 583 uwider ist, und er entführt die Erkorene
152 575 947 630 edlichen Herzens. In Spa, dem Mode¬
155 628 951 693 s Rokoko, begegnen wir den Liebenden
148 681 955 736 lbenteurern und Glücksrittern. Sie
161 718 957 782 im Gasthof, Tür an Tür mit einem
160 768 948 830 Paare, dem angeblichen Baron Santis
154 820 957 877 er Frau Flaminia. Diese hat das gleiche
171 868 957 933 erfahren wie Anina. Vierzehn Jahre
151 918 954 982 alt, als sie Santis erblickte — was weiß
228 971 953 1021 er wurde ihr Gemahl. Seither weiß
187 1014 955 1083 vom Loben, und aus dem Gemahl
155 1063 967 1121 in Reisebegleiter, gefällig dort, wo es
152 1114 700 1195 mnahl nimmer sein dürfte:
451 1152 917 1214 Ach, wie war ich jung!
149 1198 848 1260 enn ich denke, daß mich Santis liebte
150 1248 928 1312 ut noch liebt, so könnt' es seltsam scheinen,
151 1289 919 1346 r mich werden ließ. Doch man gewöhnt's.
161 1335 927 1390 ichts ist lust'ger, glauben Sie, mein Kind,
154 1379 926 1432 Erz an Herz geschmiegt einander flüsternd
150 1430 701 1486 hten Abenkeuer zu vertrauen.
158 1473 932 1524 ichen wir! Denn, ach, die Welt ist dumm.
165 1513 507 1571 die Männer —
152 1563 956 1639 n gewöhnt's. Erschrocken hört Anina
167 1615 967 1673 die kluge, welterfahrene Flaminia ahnt,
167 1672 958 1744 nas Geschick ihrem eigenen ähnlich wer¬
168 1723 223 1779 d.
162 1746 932 1828 parum nicht? — Der Wirt — was
598 1801 886 1880 meinen Sie? —
149 1826 594 1921 chwestern hielt er uns.
161 1884 967 1971 western. Schwestern durch die De¬
156 1944 970 2025 ngen des Lebens. Liebe schwindet hin:
167 1999 970 2070 ße, selige und beseligende Gefühl ver¬
163 2043 975 2108 as bleibt, sind die kleinen Passionen
184 2094 371 2172 Blutes.
1055 222 1925 289 Stumm hört Anina die Lehren der klugen
983 279 1936 338 Schwester. Nein, ihr wird die Welt nichts an¬
978 326 1923 379 haben können: Andrea ist kein Kuppler und
976 380 1931 439 Beutelsehneider wie dieser sogenannte Baron
976 422 1937 484 Santis, sondern rechtschaffen und ein Ehren¬
980 482 1927 526 mann, und sie selbst ist keine Flaminia. Oder
971 516 1927 574 doch. Es ist ja doch schon zu spät. Die Welt,
983 568 1930 623 in die sie mit ihrem jungen, keuschen Glück ge¬
982 620 1933 672 flohen, sie hat sie schon in ihre Krallen gerissen.
975 663 1930 717 Aninas Wangen sind bleich von der Nacht. Es
978 709 1932 770 war die erste, daß Andrea nicht an ihrer Seite
969 755 1927 809 ruhte, sondern am Spieltisch weilte. Allein
969 812 1920 876 harrte Anina seiner. Da schwang sich über die
975 857 1771 930 Fensterbrüstung ein Mann. Casanova?
1012 918 1689 991 Er war's. Und ch' die Lippen mir
1014 987 1789 1038 Zu einem Schrei sich auftun, hat er über
1008 1023 1892 1083 Die Brüstung ins Gemach sich frech geschwungen,
999 1079 1720 1121 Ist mir so nah, daß über meine Lider
1025 1112 1798 1169 Sein Atem weht, daß seiner Pulse Beben
1009 1158 1863 1210 Den meinen sich gesellt; — in seinem Hauch —
1007 1199 1903 1258 Der kühl und heiß zugleich — kein Kuß, viel eher
1018 1246 1901 1295 Ein Flüstern ohne Wort, ein Fleh'n, ein Bann —
1023 1292 1855 1341 Doch endlich, ach, von meinem Mund ersehnt,
1019 1333 1896 1389 Zum Kusse wird — löst all mein Sein sich auf,
1021 1381 1827 1435 Und auf den Traumeswellen dieser Stunde,
1009 1424 1838 1488 Vergang'ner nicht, zukünft'ger nicht bewußt,
1016 1466 1864 1516 Treibt es, wie von sich selbst befreit, dahin. ——
1024 1516 1793 1577 Als ich erwachte in des Morgens Grau'n
1013 1557 1807 1614 War ich allein und lag mit off'nen Augen
1014 1602 1837 1648 Und wußte wohl: was diese Nacht geschah; —
1010 1647 1889 1690 Nicht andern nur, mir selbst, Andrea, wär' es
1028 1688 1891 1749 Vor wenig Stunden noch wie schwerste Schuld —
1017 1734 1893 1785 Und nicht nur wider dich als Schuld erschienen.
1021 1781 1856 1834 Und doch — war meine Seele leicht und froh.
1006 1826 1882 1870 Dies aber ließ mich staunen mehr als schauern. —
1024 1866 1783 1921 So ganz in dir beschlossen gestern abend,
1015 1914 1782 1972 Daß der Gedanke nur, ein andrer Mann
1008 1958 1789 2019 Berührte meine Hand unlautern Sinns,
1022 1996 1861 2062 Mit Ekel mich erfüllt — und morgens d'rauf
1013 2047 1783 2095 Aus eines Fremden wildester Umarmung
1019 2093 1795 2143 So reulos wie aus Kinderschlaf erwacht?!
1980 197 2807 277 Unfaßbar gestern noch — und heut erlebt?!
1986 264 2689 319 Und fühle mich die gleiche, die ich war,
1972 320 2669 360 So unverwandelt und so unverwirrt
1984 347 2779 405 Und deiner Zärtlichkeit so wert, Andrea,
1981 395 2871 443 Als müßte, was ich grausam dir an Schmerzen,
1989 440 2760 490 Was du an Zorn mir vielfach wiedergibst,
1975 485 2773 532 Vor dem geheimnisvollen Wort verwehn,
1982 526 2860 594 Das dir bekennt, was man verschweigen konnte.
2039 585 2921 653 In diesen klangschönen und ergreifenden
1948 640 2907 694 Versen steckt der Schlüssel, der den Konflikt auf¬
1945 689 2922 759 schließt. Aninas Geständnis trifft den
1953 734 2914 795 braven Bürger Andrea Bassi, wie es jeden
1948 788 2913 840 Mann seines Schlages treffen würde. Er kann
1952 837 2927 898 darüber nicht hinweg. Erst als es klar wird, daß
1947 888 2919 942 diese Liebesnacht ein Mißverständnis war, da
1960 932 2923 998 Casanova, von Flaminia zu einem Schäfer¬
1957 986 2915 1040 stündchen geladen, diese in seinen Armen zu
1953 1035 2923 1095 halten glaubte, und somit zwar Anina besessen
1959 1085 2922 1135 hatte, aber ihrer Ehre nicht nabegetreten war,
1961 1132 2914 1187 schwingt sich, genau wie Noros Gatte, der
1960 1176 2914 1243 Rechtanwalt Helmer, Andrea Baßsi zum Ver¬
1957 1226 2917 1289 stehen und Vergessen auf, aber ebesso wie Nora
1956 1277 2925 1342 will auch Anina nun ihr eigenes Leben suchen.
1949 1326 2919 1378 Neu fängt ihr Leben an, und keiner ist darin,
1953 1374 2926 1439 nicht Bassi und nicht Casanova. Obzwar, diesen
1951 1431 2822 1494 liebt sie jetzt, und jetzt erst wird es Glück
2023 1493 2926 1561 Bis hierher ist Anina, von der ihre
1951 1551 2926 1611 Kontrastfigur, die animalische Sizilianerin
1957 1593 2920 1662 Flaminia, sagt, daß sie fast eine Deutsche ist,
1958 1660 2921 1707 von durchaus nordischen Empfindungen be¬
1950 1698 2920 1750 wegt und getragen, bis hierher kämpft sie um
1957 1741 2924 1802 das Recht und den Wert ihrer Persönlichkeit.
1954 1791 2928 1856 Aber von dieser Stelle an biegt der Dichter ihre
1959 1838 2919 1906 Gestalt ins Südliche um, wendet sie in die
1965 1890 2921 1947 heiteren, von Konflikten nicht so sehr als von
1959 1936 2915 1991 Intrigen aufgerührten Bezirke Boccaccios. Wir
1969 1996 2923 2053 sehen plötzlich eine andere Anina, die einem
1968 2038 2917 2099 Schäferspiel gehört, uns fremd wird und uns
1963 2089 2159 2147 kühl läßt.
2152 2088 2911 2162 ftär Keitalt, fällt, wird. Figurine, und
2807 2126 3003 2159 Kreu—
2807 2130 3119 2203 S
2154 2199 3116 2269 das reizvolle, geistsprühende Schäferspiel be¬
2159 2247 3027 2307 herrscht von nun an völlig das Interesse.
2246 2286 3118 2353 Andrea Bassi wirft die Frage auf, welche
2150 2341 3115 2411 von den Frauen, ob Anina oder Flaminia, bei
2153 2385 3116 2447 dem Abenteuer eigentlich betrogen wurde. Da
2155 2446 3133 2511 keine Einigung erzielt werden kann, wird Santis
2156 2496 3116 2551 als Schiedsrichter angerufen. Um den wahren
2166 2531 3118 2610 Charakter der Dinge zu verhüllen, Reidet Bassi
2156 2583 3121 2655 den Konflikt geschickt in die Form einer Novelle,
2156 2615 3133 2714 zu der ihm bloß die Pointe fehle. Aber auch dem
2166 2680 3133 2758 ahnungslosen Baron wird der Fall nicht klar,
2156 2731 3130 2820 und so wird — wer wäre berufener in Liebes¬
2152 2779 3123 2863 dingen mitzusprechen? — Casanova zur Lösung
2159 2828 3134 2891 der Streitfrage bemüht. Man trägt ihm den
2165 2881 3131 2955 Fall vor, er errät, worum es sich handelt und
2167 2931 3135 3000 daß er in dieser Nacht einen Sieg errungen, der
2167 2977 3137 3046 keiner war. Und somit entscheidet er: nicht die
2165 3028 3129 3100 Frauen sind betrogen, betrogen ist der Mann.
2165 3076 3137 3145 Denn die Frau, die ihn erwartete, besaß er nicht,
2160 3126 3145 3199 und die andere, die er besaß, war doch nicht die
2171 3179 3132 3243 seine, da er sie erkannte, ohne sie zu erkennen.
2169 3227 3132 3303 Er steht allein, und es erfüllt ihn ein Gefühl wie
2168 3267 3143 3346 Neid, da er die Frauen sieht, die ihren Streit
2175 3329 3132 3407 um ihn vergessen haben, Arm in Arm wandeln
2167 3387 2640 3461 und Schwestern sind.
2260 3417 3143 3502 Schnitzlers neue Dichtung leidet an dem er¬
2179 3472 3144 3542 wähnten Mangel in ihrer inneren Struktur. Aber¬
2169 3513 3140 3586 ihr äußerer Aufbau ist meisterhaft geglückt und
2170 3577 3147 3639 rühmenswert. Wie da die Fäden ineinander ge¬
2170 3626 3141 3684 schlungen sind, wie jedes Motiv ausgenützt wird,
2179 3664 3149 3738 wie die Retardationen geschickt angebracht sind,
2181 3718 3135 3800 das ist das entzückende Spiel einer leichtblütigen
2178 3763 3146 3832 und glücklichen dichterischen Lanne. Man gibt
2176 3829 3140 3882 sich willig dem verwirrenden Reiz der Intrige
2181 3859 3153 3924 hin, freut sich der plastisch herausgearbeiteten
2182 3911 3151 3982 Charaktere und ist nahe daran, sich von den an¬
2182 3950 3156 4032 mutig hinfließenden, an sinnlichem Wohlklang
2183 4008 3152 4069 überreichen Versen die kritischen Bedenken ab¬
2193 4050 3152 4128 schmeicheln zu lassen. Dem Dichter, dessen Ver¬
2187 4114 3177 4178 liebtheit in das Werk man aus jeder Zeile spürt,
2950 4150 3026 4180 I
3124 2386 3263 2484 4000
3206 2470 3305 2530 AANN
3175 2563 3237 2644 05
