3392 4256
2406 105 2874 201 box 33/5
808 132 971 190 IWeS
255 123 2259 219 28. Die Scheisternoder Gasanova in Spa
459 798 620 899 764
612 868 1117 973 Thealet.
424 945 1387 1042 Richard „Skrauß trifft bereits Ende
360 1022 1372 1076 August zu den Oerproben seiner Oper „Die Frau
356 1057 1373 1135 ohne Schatt# ingWien ein, verbleibt hier bis
370 1106 1375 1172 Anfang Rtobe# und wird Mitte Dezember
356 1147 1274 1240 offiziel die Direktionsführung übernehmen.
3000 1169 3342 1238 Annahme neuer
1876 1174 2716 1268 Das Burgtheater in Re##
528 1205 1376 1267 Moissi wird bei Reinhardt in
2999 1220 3324 1279 Hause“ folgten
355 1239 1392 1323 flrtur Schnitzlers neuem Lustspiel „Die beiden
1924 1266 3339 1338 Wie es den Anschein hat, wird Herrs Heine Direkfor s.der Freude“ vor
357 1293 1094 1370 Schwestern den Casanova spielen.
1885 1299 3013 1355 des Burgtheaters bleiben. Es soll den Ueberredungskünsten
3013 1308 3335 1370 erotisches und
1881 1347 3007 1411 des Herrn Präsidenten Vetter, der für seine Argumente
3016 1345 3341 1422 Schwesiern“ sowi
3013 1397 3348 1460 Sühne“ von Si
1879 1388 3004 1450 auch sehr wichtige finanzielle Zugeständnisse zugunsten des
1786 1405 1860 1477 3
1890 1449 3001 1505 Herrn Heine ins Treffen führen konnte, gelungen sein,
3002 1444 3351 1503 Sternheims „Ka
1885 1486 3011 1535 seine Bedenken zu zerstreuen und die Clique jubelt min,
3007 1485 3339 1541 theaterpublikum i
1886 1529 2994 1579 daß der tüchtige Theaterfachmann, der emsig fleißige Ar¬
3003 1527 3341 1590 Sturmszenen füh
1885 1571 3005 1621 heiter, der ausgezeichnete Regisseur und wie dergleichen
3014 1575 3346 1640 der genannten f
3011 1619 3331 1678 sollen. Daß bei
1769 1613 3009 1691 . Pebsprüche alle lauten, „dem Burgtheater erhalten bleiben
3006 1658 3338 1724 brägnante komm
1855 1668 3005 1720 Iverde“ Auch wir zweifeln im allgemeinen nicht an den
3003 1709 3340 1770 nur so nebenbei
1853 1697 3007 1776 Sachlichen Fähigkeiten des Herrn Heine hinsichtlich der
1893 1747 3014 1818 richtigen Verwendung der engagierten Schauspieler und
3032 1750 3339 1820 Jedenfalls den
1888 1793 3002 1845 der Inszenesetzung von Stücken, die natürlich selbstver¬
3003 1799 3332 1858 zu denen noch
1881 1834 3002 1889 ständliche Voraussetzung für jeden sein müssen, dem man
3006 1840 3343 1901 kamen, nicht an
1889 1883 3003 1941 die Leitung des Burgtheaters anvertraut. Aber wir können
3011 1891 3350 1945 sich, wie wir es
1878 1922 3006 1973 uns doch auch der Erkenntnis nicht verschließen, daß unten
1745 1922 1867 2000 □
3001 1931 3340 1993 fühlt, ein getreu
1884 1963 2992 2022 seiner Leitung auch bezüglich der Rollenbesetzung einzelne
2995 1973 3344 2038 des bodenständige
1885 2015 2998 2070 schwere Fehler begangen wurden, indem einige jüngere
3006 2015 3352 2081 um nur einige ####
1875 2058 2988 2113 Kräfte auf Kosten anderer über Gebühr und zum Schaden
3006 2071 3340 2125 geschlossen waren,
1880 2100 2988 2154 des Institutes bevorzugt wurden, beispielsweise Herr Schott,
2996 2111 3343 2168 manigg, Kraz
1883 2151 2994 2208 der für die jugendlichen Helden, die man ihm anvertraut,
2997 2153 3346 2215 wird, im Spielpla
1874 2197 2990 2249 so ant wie nichts mitbringt. Doch das ist nicht der Haupt¬
2991 2195 3328 2253 zeitig mit den
1873 2233 2986 2294 grund, aus dem wir dem weiteren Verbleiben des Herrn
3003 2237 3348 2304 deutsch empfinden
495 2241 1380 2323 Max Montor las in seiner dritten Nochmittagsnare
1885 2279 2996 2333 Heine in ausschlaggebender Stellung nur mit schweren
3006 2284 3350 2347 bekannt zu mach
443 2316 1386 2363 lefung aus Prosawerken Arthur Schnitlers: Cala¬
1287 2317 1385 2361 bund
1875 2331 3003 2386 Sorgen entgegensehen. Woran wir uns stoßen, das ist
985 2330 1103 2382 Sal-
2996 2334 3343 2389 duktion, die da
792 2338 952 2389 hmeltern
435 2350 762 2397 nova oder die
444 2324 1387 2418 „Leutnant Guftn“. Arthur=Schnitzlers Stellung unter
1866 2363 2997 2419 die Auswahl der neuen Stücke, die er uns brachte, und
2992 2373 3341 2433 in Frage kommt,
447 2386 1389 2451 den guten deutschen Erzählern ist heute gesichert. Er hat
1872 2408 2988 2465 nsichtlich weicher er eine überaus unglückliche Hand be¬
2990 2413 3342 2478 Millenkovich ang
455 2417 1390 2482 seine eigene Sensation überdauert, er ist ein vertrauter
458 2442 1408 2513 Bekannter geworden, dessen seine Erzählungskunft stets
1882 2458 2982 2515 lundete und mit dem, was wir vom Burgtheater fordern
2988 2453 3350 2524 seine Helfershelfer
454 2479 1395 2545 von neuem fesselt. Seiner Geschichten leichter Ban, der
1881 2505 3002 2562 zu mussen glanden, in schroffstem Widerspruche steht. Dies¬
2994 2512 3329 2562 sie von Herrn
456 2503 1409 2578 hoch aus sorgsamen modelltreuen Beobachtungen empor¬
452 2531 1405 2608 steigt, bleibt klat und geschlossen, ist von wohlmender
1872 2545 2993 2604 berüglich scheint sein leitender Grundsatz der zu sein, nur
3001 2546 3345 2609 nach dessen Ansich
454 2567 1404 2638 Wirkung im Gegensatz zu den in unserer zeltgenössischen
1873 2590 2984 2648 ja nichts aufzuführen, was irgendwie dem christlichgermani¬
2994 2597 3336 2656 sorungen waren,
451 2587 1406 2670 Dichtung oft mühlam herbeigeschleopten Explosions¬
1871 2627 2997 2691 ichen Schönheitsideal entspricht, das sein Vorgänger ver¬
2999 2635 3354 2695 stellten. Es sind de
455 2627 1400 2710 stofsen. Man lauscht gern dieser Somitzlerschen welt¬
454 2657 1407 2726 männischen Heiterkeit. Max Montor fand den tressen¬
1865 2673 2993 2744 sundete. Von der Absurdität, daß am Burgtheater wohl
2995 2680 3352 2755 Bronner, „Struen
464 2673 1419 2761 den Ton um die oben genannten Erzählungen eindrucks¬
1876 2719 3006 2771 jüdische Nationaldramen zur Aufführung gelangen, wie
3001 2727 3348 2784 von Max Halbe, „
479 2726 1402 2804 voll zu interpretieren. Der Beifall war lebhaft. E. M.
507 2754 1412 2827 Thalia=Theater. Herr Artbur Schrödet, der
1882 2762 2997 2833 Ha##obs Praum“, in dem die Weltherrschaftsmission
2993 2771 3350 2827 „Der gläserne B#
467 2784 1421 2863 mit dem Ende der vorigen Spielzeit aus dem Ensembie
1880 2805 2988 2863 ##es Zudentums vertündel wird, während kein der Ver¬
2989 2812 3360 2872 aus den „Sieben ∆
459 2823 1415 2885 ausschied, int von Direktor Röbbeling dem Thalia=Theater
1876 2837 3345 2914 terrichung den dentschen Voltes dienendes Stück unter der Schmied“ von
466 2860 1251 2932 von neuem sen verpflichtet worden.
514 2874 1410 2946 Deutsches Schanspielhaus. In der Erstaufführung
1875 2900 3342 2944 Seine zur Annahme gelangte, sprachen wir schon jüngst. August Lux und
808 2907 1422 2977 8 Schauspiel „Flamme“ die am
502 2939 773 2991 on Hans Müll
1875 2937 3357 2995 Aber auch sonst zeigt sich dieselde vollsfremde, unser Märchenspicles „D
463 2938 1421 3025 Freitag, 3. Dezember, ktattfindet, sind die Damen Bauer,
463 2982 1424 3048 Hönigsvold. Kristl, Ruß=Schillinger, Silten und die
1866 2993 3353 3075 natsonales Empfinden beleidigende Eimieitigkeit bei den wie gesagt von ##
467 3008 1424 3086 Herren Fritz Wagner, Wlach. Stettner beschäftigt. Die
465 3061 1072 3138 Regie besorat Herr Julius Kobler.
525 3061 1412 3165 Kunstanktion. Das Kunst=Auktions=Haus G. A.
471 3092 1427 3179 Pohl, Hamburg, Alterwall, versteigert am 7. und
470 3129 1428 3220 9. Dezember von 10½ Uhr ab Gemälde sowie
473 3171 1420 3249 altes und modernes Kunstaewerde. Der
471 3194 1425 3287 Katalog umsaßt 1368 Nummern. Besichtigung bis Sonn¬
478 3229 1435 3309 abend. 4. Dezemder täglich 10—1 Uhr, und Montag,
488 3279 988 3361 6. Dezember, von 10—1 Uhr.
439 3327 1196 3485 Sngeanbian
776 3438 1092 3528 -R1.1928
