3320 4164
628 265 758 337 Fra
425 252 495 330 D
291 254 423 353 7.
838 263 1347 347 des Neisen
416 329 1339 387 „
358 491 1208 629 IeTheater und Kunst.
456 604 1307 700 s. Kainz=Vorlesung. Zwei Stunden lang
332 675 1296 721 ertönte gestern die Stimme dieses Schauspielers,
345 720 1299 776 diese Stimme, deren Klang so edel ist wie der
340 764 1304 817 Klang einer edlen Geige, und voll Ausdruck,
352 809 1300 867 und reich an Künsten wie an hoher Kunst und
348 849 1298 894 schmiegsam. Diese Sprechstimme strömt solchen
346 890 1253 954 Wohllaut daß man ganz gut sagen kann, si
349 934 1302 998 habe gestern im Musikvereinssaale wie ein
338 974 1299 1046 Konzert gewirkt. Herr Kainz las zuerst Schiller.
342 1019 1298 1099 „Die Götter Griechenlands“, dann aus der
332 1063 1301 1120 Odyssee“ die Erzählung von dem Zyklopen.
449 1109 1302 1170 unbeschreiblicher Klarheit schien das
335 1128 1292 1206 Schillersche Gedicht aufzusteigen, schäumend,
334 1193 1305 1241 weiß und durchsichtig wie ein Springquell. Und
318 1239 1301 1297 wundervoll lebendig wurden die Homer=Gestal¬
315 1288 1304 1342 ten, Odnsseus und Polyphem, selbst die Widder
325 1324 1296 1393 und Herdentiere und das Meer, und die weite,
330 1369 1298 1436 lächelnde, griechische Landschaft. Dann kamen
326 1401 1294 1478 die Gedichte von Rainer Maria Rilke, die dem
336 1458 1294 1520 Publikum neu waren, und deren außerordent¬
326 1495 1296 1565 lichen Inhalt es nicht sogleich zu fassen ver¬
322 1534 1293 1602 mochte. Nur wer diese Verse genau kennt, ver¬
322 1572 1298 1653 mag zu ermessen, wie zart, wie plastisch und
321 1625 1293 1694 wie durchgeistigt Herr Kainz sie gelesen hat.
324 1668 1289 1734 „Der Panther" und „Der Fahnenträger“ wur¬
326 1718 1289 1780 den mit stürmischem Beifall aufgenommen, und
315 1774 1288 1821 „Der Schauende“ bejubelt. Es folgte die erste
326 1796 1298 1861 Szene aus „Manfred“, die Kainz meisterhaft
321 1839 1291 1895 übersetzt hat, und die er hinreißend vortrug.
334 1886 820 1958 Es folgte SchnähLer,
821 1891 1288 1960 s reizende Erzählung
322 1934 1291 2004 „Die Frau### Weisen und Herr Kainz las
439 1966 1284 2032 n dem moussierenden Tempo, das ihr
320 2009 1287 2081 notwendig ist dazu mit einem entzückend
330 2058 1281 2132 nodernen, v Ihnt=mondainen Parlando. Eine
343 2102 1294 2163 Lumores“; von Mark Twain machte den
332 2138 1285 2216 Schluß. Mehr als zwei Stunden waren fast
326 2199 1285 2253 ohne Pause vergangen, aber die Leute waren
333 2231 1277 2299 des Hörens nicht müde, verlangten rufend,
332 2275 1290 2359 schreiend Zugaben, und der Saal mußte ver¬
328 2321 1108 2394 dunkelt werden, um Ruhe zu schaffen.
2214 151 2889 259 MSE TIERTRRETNN
2937 175 3168 272 SAEN
2060 181 2139 262 *
2138 248 3197 327 I. österr. behördl. konz. Unternehmen für Zeitungs-Ausschnitte
1475 283 1880 375 box 1/5
2237 299 3102 395 Wien, I., Concordiaplatz 4.
2449 378 2873 449 Vertretungen
2135 427 3195 483 in Berlin, Budapest, Chicago, Christiania, Genf, Kopen¬
2142 473 3192 548 hagen, London, Madrid, Mailand, Minneapolis, New-Vork,
2168 515 3176 578 Paris, Rom, San Francisco, Stockholm, St. Petersburg.
2469 555 2858 612 (Quellenangabe ohne Gewähr.)
2063 598 2414 679 6 Ausschnitt
2394 635 3232 723 Wiener Deutschee Tagblatt, Wien
2049 694 2545 801 E vom: 3 2 1906
2130 797 3108 912 Kunst und Wissenschaft.
2165 881 3139 959 Kainzabend. Josef Kainz hatte für seinen
2095 922 3144 1011 gestrigen Vortragsabend, den er im Musikvereinssaal ver¬
2094 987 3137 1055 ganstsltete, ein kühnes Programm zusammengestellt. Er
2102 1037 3134 1094 begenn mit Schillers gedankenschwerer #itung „Die
2108 1082 3137 1139 Gäkter Griechenlands“, wagte sich an den neunten Gesang
2108 1128 3142 1205 her Homerschen Odyssee, rettete sich dann aber vor
2105 1173 3133 1242 dem Zorn des Kyklopen Pelyphem, dessen gewaltiger
2098 1228 3141 1301 Cilanenatem ihm die Brust sprengte, sogleich
2096 1262 3132 1345 A einem gewaltigen Satz in den sichern Hafen der
2088 1321 3144 1390 ungefährlichen Moderne, von der er Rainer Maria Rilke
2087 1378 3140 1431 mit einer Reihe stark überspitzter lyrischer und
2098 1424 3130 1474 proschtischer Aperaus, sowie Artur Schnitzler mit seiner
2098 1471 3146 1518 bekannkon, erotisch erweichten Novelle „Die Frau
2095 1517 3142 1578 des Wessen“ zu Worte kommen ließ. Dazwisch####
2085 1559 3137 1609 noch die Ansangsszene des Manfred, eine Art Faust¬
2103 1606 3143 1669 monolog, von Kainz selbst überjetzt, mit der er gestern den
2096 1658 3147 1728 größten Effekt erzielle, und zum Schlüsse eine amerikanische
2090 1721 3142 1766 leidlich witzige Humoreske. Alles das deklamierte Kainz
2099 1762 3130 1813 mit seiner virtuos entwickelten Sprachtechnik dritthalb
2093 1805 3140 1871 Stunden lang, ohne sich und sein zu 80 v. H aus
2100 1850 3143 1923 koinzkunstbegeisterten jugendlichen Damen bestehendes
2095 1899 3143 1947 Auditorium, das mit ihm durch dick und dünn geht,
2090 1943 3138 2028 im geringsten zu ermüden. Und das ist das wirklich Er¬
2083 1988 2545 2064 staunliche an der Sache.
1450 2083 2388 2176 Kainz=Vorlesung. Bestern Abends erschien
1359 2161 2387 2221 Kainz als Rezitaior im großen Musikvereinssaale,
1366 2212 2378 2277 den die zahlreiche Gemeis#ne Verehrer und
1371 2250 2372 2313 Verehrerinnen# apmunte. Es gewährt ja
1372 2295 2384 2358 stets einen bssonderen Genußt den Künstler ohne die
1370 2351 2374 2410 Zurüstungen der Bühne auf sich selbst gestellt zu sehen,
1371 2403 2404 2456 und den suggestiven Bau seiner rezitatorischen Kunst in
1366 2427 2376 2494 packender Unmittelbarkeit zu empfinden. Seine meister¬
1358 2463 2386 2548 hafte Technik, die selbst im Wirbelsturm der Rede
1371 2530 2378 2584 jedes Wort in klarster Prägung vorüberfluten läßt,
1365 2583 2372 2633 kommt ja hier in vollstem Maße zur Entfaltung. Und
1359 2619 2369 2689 neben dieser Technik sein überlegener Kunstverstand, der
1361 2666 2383 2719 aus jeder Dichtung mit einer Fülle seinster Nüancierungen
1370 2711 2371 2766 ihre Wirkungen bis zur Nagelprobe ausschöpft. Das
1374 2752 2379 2824 Programm hot ihr dazu in ausgiebigster Weise
1373 2806 2374 2866 Gelegenheit. Der Schwung und die Pracht Schilleis in
1376 2850 2384 2917 dem Gedichte „Die Götter Griechenlanss“ Gedichte von
1375 2898 2385 2971 Rille, strotzend von intensivem Gedankenleben, und in
1363 2947 2370 3013 Bersen gemeißell, schön und und leuchtend wie Marmor,
1370 2991 2373 3045 der dröhnende neunte Gesang der Odyssee, eine herrliche
1376 3038 2375 3097 Szene aus Byrons „Manfred“, Schuitzlers träumerisch¬
1360 3088 2378 3151 wehmütige Stizze „Die Frau des Weisen“ — all das
1366 3122 2374 3188 rauschie bald mit hinreißender Wucht, balt zart und
1369 3177 2382 3234 sanft gefärbt, an den Zuhörer# vorüber. Und nach dem
1364 3222 2387 3278 Ernst ein kleines Satyrspiel, ein derb humoristisches
1364 3275 2387 3336 Gedicht „Die Angst vor dem Gewitter“, mit köstlicher
1363 3314 2386 3386 Laune zum Vortrag gebracht. Kainz war den ganzen
1374 3352 2384 3434 Abend hindurch von Beifall umwogt, der sich zum
1370 3410 2255 3487 Schlaß zu einer stürmischen Huldigung steigerte.
1467 3456 2390 3529 * Wie man uns mitteilt, wird Goldmarks „Winter¬
1343 3512 2371 3570 [märchen“, das am 4. März neuerlich ins Repertoire der
1356 3553 2375 3628 Hofoper ausgenommen werden sollte, bereits Montag
1372 3609 2366 3668 den 2. März gegeben werden. Fräulein Fonst, die neue
1368 3660 2372 3716 Darstellerin Dir Perdida hat sich auf Drängen der Direktion
1358 3699 2377 3762 mit dem Stubium ihrer Rolle so sihr beeilt, daß die Oper
1352 3752 2375 3827 zu einem früiheren Termin angesetzt werden konnte.
1360 3792 1950 3857 Direktor Weingartner vera¬
1952 3791 2378 3856 # daß in Hinkunft in
1360 3828 2376 3920 den Wiederholungen des „Wintermärchens“ keine Unter¬
1351 3887 1890 3972 brechung mehr erfolgen wird.
2211 3922 2405 4012 PECvaL
