3392 4352
222 304 1083 409 1. Miscellaneens
1394 212 1449 283 —
1243 288 1694 393 box 41/6
1200 898 1335 995 4
1335 953 1821 1107 G
1153 1136 1992 1204 per die Bilder waren gut gestellt, die
1140 1195 1996 1265 fartenszene sogar sehr gut und auch durch
1126 1257 1989 1311 lie anderen Akte ging ein Zug von Leb¬
1125 1302 1985 1364 haftigkeit und Freude am Spiel. Herr De¬
1130 1352 1986 1395 metz hatte es sich angelegen sein lassen,
1136 1404 1987 1462 die Kunst Frau Konstantins ins richtige und
1131 1450 1992 1516 wirksame Licht zu setzen. Frau Konstantin
1140 1504 1992 1548 war in ewigem Zittern. Ihre Stimme in
1132 1548 1999 1595 ständigem Schwanken von Lachen zu
1140 1603 1983 1657 Weinen. Hochaufgerichtet, schien sie ge¬
1133 1651 1987 1697 knickt und gebrochen, natürlich und
1123 1698 1991 1761 menschlich wan sie hoch über ihre Um¬
1124 1746 1982 1799 gebung gehoben — und über sich selbst.
1126 1791 1981 1857 Das Erwachen ihrer wahren Persönlich¬
1132 1841 1977 1895 keit beim erstmaligen Hören einer Melo¬
1120 1903 1988 1957 die (im Leierkasten) war bewundernswert.
1124 1940 1992 2003 Sie besitzt die Genialltät, die ihre Rolle
1130 1994 1993 2044 immer neu erleben und nicht spüren läßt.
1124 2047 1986 2098 daß sie 200mal bereits die „Tänzerin“ ge¬
1130 2096 1985 2150 spielt hat. Sehr sympathisch war Herr
1132 2156 1994 2200 Hölzlin als Auch-Typus des Bürgertums.
1126 2182 1985 2244 Verliebt und eifersüchtig, durchsichtig und
1125 2252 1985 2296 ohne Verständnis für das Geniale, gleich¬
1131 2286 1811 2357 sam versteckt Bestialische, Lolas.
1516 2359 1607 2417 III.
1210 2415 1891 2484 „Cyprienne“ von Sardou.
1159 2482 1983 2538 Dieses Stück ist wie ein verstaubter
1128 2529 1993 2575 Doubléring. Wenn man den Staub abbläst,
1132 2582 1989 2633 bleibt Goldimitation. Abzublasen versucht
1121 2626 1979 2680 nun Frau Konstantin, der man sofort glau¬
1124 2693 1994 2736 ben kann, daß sie trotz ihrer zweilährigen
1130 2733 1984 2778 Ehe ihren Mann gar nicht kennt. Dazu be¬
1122 2771 1991 2836 darf es gar keines mathematischen Exem¬
1128 2836 1985 2891 pels, um das für wahrscheinlich zu halten.
1139 2871 1998 2935 Gerechnet und abgerechnet wird in einem
1133 2932 1991 2981 Restaurant, dessen wertvollsten Gegenstand
1129 2984 1989 3028 der Oberkellner (von Herrn Wurmser übri¬
1123 3019 1984 3079 gens ausgezeichnet gespielt) zu sein scheint.
1127 3070 1997 3133 Diese Szene hat nichts von der gewollten
1136 3119 1985 3190 Tiefe Schnitzlerscher Hotelszenen, dafür
1123 3170 1990 3220 aber auch nichts von seinen Süßlichkelten.
1126 3205 1978 3277 Das Stück etwas falsch, aber ganz hübsch.
1124 3278 1986 3320 Herr Huttig, als Gatte, besser als früher.
1130 3328 1988 3380 Frau Konstantin: eine ungetreue, dabei
1124 3376 1981 3421 aber doch ganz hausfrauliche, also verhei¬
1123 3414 1984 3468 ratete Tänzerin. Ihr Vetter und Liebhaber,
1129 3465 1997 3519 Herr Romanovsky, etwas zu grotesk ver¬
1117 3514 2002 3563 zerrt (da man stellenweise nicht verstand,
1125 3559 1990 3629 wie er überhaupt geliebt werden konnte),
1083 3669 1174 3730 05
1901 230 2340 298 ——
