3392 4352
204 275 1060 378 1. Miscellaneens
1190 279 1652 366 box 41/6
2718 129 2873 176 W T
1859 141 2883 216 sich von dieser Gesellschaft freizumachen Wir sürchten
1853 182 2888 273 für das Burgtheater, daß es leider nicht der Fall sein
1854 213 1986 268 wird!
1888 276 2874 337 Die ideale Belätigung eines Intendanten
1845 325 2878 385 wäre nicht so ohne weiteres ohne Nutzen und Zweck
1847 360 2883 437 Eine idesle Belätigrng ihnte gepiß Eutes schaffen:
1845 397 2894 483 es wäre demit eine diplomatische Pusferstellung vor¬
1847 498 2894 563 handen, die den Direktoren mancherlei abnehmen
1849 552 2906 588 könnte, sie mancher Sorge entheben würde; den Direk¬
1852 596 2888 644 toren freies Feld für rein künstlerische Arbeit zu schaffen
1855 635 2924 670 hätte. Sieht Herr 9. Anbrlun varinseine Tängten,
1859 671 2887 711 dann ist er wärmstens zu begrüßen und zu unterstützen;
1849 705 2886 766 bleibt er der Geist, der über den Wassern schwebt, wird
1863 760 2895 810 er als vornehmer Gleichgewichtshalter wirken, so wird
1848 800 2887 855 man seiner Tätigkeit die wärmste Anerkennung zollen
1854 848 2890 889 müssen — ober aber darin die Befriedi¬
1858 881 2895 927 gung seines Ehrgeizes sieht? Wieder der
1848 919 2179 977 bange Zweifel?
1886 962 2888 1029 Rund herausgesagt: Um etwa in die künstlerische Lei¬
1856 1007 2890 1070 tung der beiden Hofbühnen einzugreifen, fehlt Frei¬
1859 1053 2895 1098 herrn v. Andrian aber auch die leiseste Beru¬
1866 1097 2897 1155 fung und Befähigung. Wir halten eine direk¬
1855 1142 2898 1202 torale Einflußnahme sowohl in der Oper als auch in der
1856 1176 2888 1236 Burg für ausgeschlossen. Wir müssen uns nicht immer
1847 1235 2903 1283 vor aller Welt lächerlich machen! Freiherr v. Andrian
1851 1273 2888 1310 bleibe in schöner, vollendeter Haltung der Enkel Jakob
1848 1305 2899 1376 Meyerbeers, der Dichter der infantilen, zartbeseelten
1865 1349 2899 1414 Geschichte von „Härten der Erkenntnis“, eine ganz gute
1863 1393 2903 1444 Figur für das Bureau der Intendanz, für die beiden
1874 1438 2894 1489 Intendantenlogen! Aber ja nicht mehr! Ein
1867 1483 2901 1542 Mann, der sich naturgemäß jahrelang von Wien fern¬
1867 1529 2907 1573 hielt, der noch ein so feiner Geist und erleferfer Ge¬
1866 1566 2901 1608 schmack sein mag, aber sonst nie das Theater zu spüren
1864 1607 2901 1656 bekam, ist nicht imstande und berufen, plötzlich in die
1861 1649 2897 1693 Werkstätte der heißdampfenden Theaterarbeit hinab¬
1848 1686 2907 1757 Zzusteigen. Ja, hinabzusteigen, im Sinne der Bedeutung
1858 1730 2904 1790 eines Intendanten. Wäre irgendein Prinz, Graf, oder
1866 1779 2899 1824 sagar auch „nur“ ein Freiherr ernannt worden, der je¬
1855 1827 2899 1877 doch nicht dichtet, vor allem aber nicht so bedenkliche
1858 1864 2903 1908 Beziehungen unterhält, wäre man hinsichtlich der Ob¬
1855 1907 2899 1968 gjektivität und Richtung, die nun eingeschlagen werden
1860 1955 2513 2011 wird, nicht so peinlich beunruhigt.
1887 2003 2899 2054 Nun — Freiherr v. Andrian wird sehr bald Ge¬
1839 2046 2911 2088 flegenheit haben, zu beweisen, wie er denkt, fühlt und
1854 2084 2896 2153 handelt. Der neue Direktor des Burgtheaters wird
1845 2134 2917 2191 nun wohl zum großen Teile seinem Einflusse die Be¬
1858 2181 2910 2230 rufung verdanken. Es braucht wohl nicht gesagt zu
1858 2225 2906 2274 werden, daß wir unsererseits und wohl die ganze nicht
1850 2270 2919 2319 iy der jüdischen Clique steckende Kritik und Oeffent¬
1853 2309 2921 2363 lichkeit schärfstens gegen Hofmannsthal¬
1867 2346 2910 2398 Stellung nehmen würden. Das fehlte noch!
1860 2396 2908 2448 Das Burgtheater eine Pflanzstätte der literarischen
1852 2430 2907 2479 Rachitis! Ein Hort der unduldsamsten, hochmütigsten
1864 2478 2913 2538 Armen im Geiste und an Natur! Herr v. Andrian ver¬
1859 2525 2902 2577 wechselt hoffentlich seinen privaten literarischen Ge¬
1864 2558 2932 2623 schmack nicht mit den Forderungen eines National¬
1859 2615 2911 2668 theaters und das muß das Burgtheater — groß und
1853 2653 2898 2714 stark! — wieder werden. Aus dem nämlichen Grunde
1857 2689 2905 2755 würden wir heute energischer als unter
1863 2741 2911 2794 einem anderen Intendanten Thaddäus
1856 2783 2908 2828 Rittner den französisch=slavischen Romantiker
1855 2826 2910 2868 ablehnen! Man betrachte die Hoftheater nicht als Ab¬
1864 2868 2905 2923 lagerungsstätte schöngeistiger Ministerialbeamter! Die
1856 2914 2903 2973 Wege der Dramaturgie gehen nicht durch Ministerial¬
1861 2954 2905 3013 bureaus! Man betrachte schon endlich den Fall Burk¬
1852 2990 2901 3056 bard als ein Elementarereignis und versuche den
1869 3040 2906 3087 Status, namentlich des Unterrichtsministeriums,
1858 3079 2910 3150 durch Hinauslobungen nicht avancementreicher zu
1863 3127 2069 3192 gestalten!
1905 3163 2904 3239 Gerade des Intendanten passive künstlerische Natur,
1858 3216 2903 3282 die als Betrachter und als oberster Genießer ja
1864 3257 2916 3315 Nutzen bringen könnte, entspräche und verlangt als
1861 3310 2913 3367 Direktor eine starke Vitalität, einen Arbeitsmenschen
1857 3348 2910 3409 zür Seite zu haben. Unbedingt verlangen wir aber
1857 3396 2910 3451 nach wie vor einen wirklichen, echten, bodenständigen
1862 3443 2915 3493 Oesterreicher, einen Theatermenschen, nicht einen Ge¬
1861 3489 2909 3538 schmöckler, sondern einen Mann mit kräftigen, unver¬
1857 3522 2903 3575 bildeten Instinkten; wir fordern aber auch einen Di¬
1864 3564 2917 3612 rektor mit wirklicher heimatlich österreichischer Ge¬
1864 3606 2898 3673 finnung, mit Begeisterung für das kaiserliche Haus
1860 3654 2904 3698 und österreichische Kulturideale. Bei aller polilischen
1858 3694 2911 3759 Gesinnungsverschiedenheit zwischen Herrn Bahr und
1858 3743 2905 3793 uns — stehen wir nicht an, beispielsweise in ihm, gar
1863 3783 2913 3835 wenn er noch um etliches jünger wäre, einen öster¬
1875 3837 2917 3884 reichischen Burgtheaterdirestor zu erblicken, aber im
1860 3863 2906 3931 übrigen wende Herr v. Andrian von seinem Kreise
1858 3916 2907 3964 ganz energisch den Blick bei der Suche ab! Ein Mann,
1863 3963 2906 4013 ein Mensch soll unser Buratheater leiten! Kein Geck,
1865 4001 2911 4055 Spekulant, Agitator, Dunkelmann oder Brunnen¬
1857 4039 2921 4103 vergifter. Und natürlich kein noch so verschämter, ver¬
1858 4086 2773 4154 dünnter Jude, denn die Art schlägt doch durch.
2723 4116 2886 4175 Wrty
2458 4153 2544 4186 4—
