3392 4384
1209 384 1664 473 box 41/6
207 363 1047 484 1. Miscellaneens
888 1328 1218 1428 S-SEEI3 /
1225 1376 1428 1468 ne
1103 1398 1208 1464 8 4
338 1563 1555 1654 —Was in den Lazaretten gelesen wird.] Man schreibt uns:
320 1617 1561 1690 Unter dieser überschrift brachte die Kölnische Zeitung (Nr. 416) einen
319 1660 1542 1729 Artikel, in dem der Verfasser seine Erfahrungen über das Lesebedürfnis
313 1698 1547 1772 unsrer Soldaten in den Lazaretten kundgibt. Wer Gelegenheit hatte,
303 1719 1611 1806 zu beobachten, was in Lazarettbüchereien gelesen wird, muß im all= k
312 1771 1543 1840 gemeinen den Ausführungen des Verfassers zustimmen. In einem
308 1811 1541 1882 Punkte indes habe ich andre Erfahrungen in unsrer Lazarettbibliothek
312 1852 1539 1922 gemacht. Unsre Bücherei zählt etwa 2500 Bände und umfaßt neben
309 1882 1547 1957 den anerkannten Werken unsrer Literatur auch eine große Auswahl von
309 1922 1533 1975 anspruchslosem Lesestoff, der nach den Erfahrungen des Verfassers
298 1958 1532 2034 von 416 von den Lesern bevorzugt wird. Vielleicht interessiert das
304 1986 1538 2067 folgende Verzeichnis der Schriftsteller, die im hiesigen Kriegslazarett
309 2034 1537 2113 im Verlauf von fünf Monaten verlangt worden sind. Die einge¬
1533 2038 1660 2127 7
300 2079 1534 2131 klammerten Zahlen bedeuten die Anzahl der von dem betreffenden
1551 2108 1600 2172 e
298 2101 1524 2189 Schriftsteller in der Bücherei vorhandenen Bände. Herzog 139 (12),
299 2164 1528 2224 Schlicht 131 (13), Ganghofer 117 (20), Bücher aus Bachems Nov.=Bibl.
297 2193 1536 2267 128 (40), Gerstäcker 89 (7), Bloem 67 (7), H. v. Zobeltitz 66 (5), Dumas
299 2224 1526 2306 62 (5), Skowronek 55 (5) Hansjakob 51 (19), Stratz 53 (7), Bartsch
300 2272 1528 2338 40 (4), Ompteda 40 (4), Viebig 38 (7), Thoma 37 (7), Freytag 37 (12),
297 2307 1521 2383 O. Ernst 36 (6), Ebers 36 (8), Frenssen 35 (6), Verne 33 (5), Jul.
291 2334 1540 2419 Wolff 32 (7), Tolstoi 31 (5), Presber 30 (6), Boy=Ed 29 (5), Höcker 27
287 2392 1603 2474 (5), Sudermann 26 (3), Heer 22 (3), Seeliger 22 (3), Rosegger 21 (10), 1
295 2411 1529 2500 Voß 22 (3), Raabe 23 (10), Th. Mann 21 (2), Wildenbruch 19 (5),
293 2458 1521 2538 Reuter 19 (9), Hackländer 19 (17), Burg 18 (5), Dickens 18 (10), Federer
1509 2471 1601 2546 *
292 2500 1518 2586 18 (3), Wolzogen 17 (4), E. T. A. Hoffmann 16 (2), Fontane 16 (3),
1534 2515 1593 2565 „
425 2540 1513 2600 ex 15 (3), Spielhagen 15 (3), Speckmann 14 (3), Zola 14 (3),
1523 2558 1597 2604 E
284 2554 1520 2636 Samk 14 (3), Schreckenbach 13 (2), Stinde 13 (3), Lauff 13 (5), Alexis
277 2611 1510 2694 13 (4), Lagerlöf 12 (2), Niese 12 (4), Schobert 12 (2), Sienkiewicz 12“
1513 2625 1608 2681 2
274 2648 1513 2721 (2), Shakespeare 11 (2), Beyerlein 10 (2), Dahn 10 (3), Greinz 10 (2),
1509 2671 1588 2728 H.
280 2682 1523 2757 Lilienkron 10 (9), Molot 10 (1), Ohnet 10 (4). G. Hauptmann 9 (2),
270 2723 1617 2823 Lienhard 9 (1), Goethe 8 (5), Paul Keller 8 (2), K. F. Meyer 8 (3),1 ge
813 2785 1401 2862 mce
243 2817 1482 2906 Schiller 7 (10), Scheffel 6 (6), Heyse 5 (6), Gottfr. Keller 3 (2), Lessing
294 2874 1480 2942 (2). Dadurch, daß die Schriftsteller mit mehr oder weniner vielen
293 2890 1483 2976 ünden vertreten sind, verschiebt sich das Bild etwas, doch rann man
326 2935 1489 3014 ganze als erfreulich für das Lesebedürfnis ansehen. Sehr viel
310 2976 1491 3054 n der Beistand des Ausleihers tun: So ist ein Mann, der nach
306 3010 1484 3091 ner Aussage nie gelesen hat, und zum ersten Male halb wider
299 3052 1486 3115 llen von einem Kameraden mitgebracht wurde und, nur um etwas
300 3081 1480 3164 sagen, nach einer „Räubergeschichte“ fragte, ein eifriger Leser guter
301 3122 1484 3206 ktüre geworden. Das Bedürfnis nach Lesestoff für uns hat in der
295 3160 1486 3245 imat volles Verständnis gefunden, so daß sich fast überall in den
282 3199 1481 3285 zaretten hier eine mehr oder weniger reiche Auswahl bietet. Alle, die
282 3241 1494 3323 zu beigetragen haben, dürfen des Dankes der feldgrauen Leser ge¬
282 3270 444 3337 ß sein.
977 3313 1493 3423 2##- kann man bei der
2142 305 2284 371 —
2029 651 2597 734 Wien, I., Scnser
2240 766 2534 856 Deue##n
2600 779 2978 895 gblatt 7 5
2214 839 2966 947 estächtsche Rundschat“
2453 917 2617 1015 Wien
2728 981 3001 1067 5— S-1041
2018 1034 2997 1107 Paul Zifferer und der Kosmopolitismus. Arr
1933 1079 2999 1149 läßt nicht von Art. In derselben Stunde, da der wilde
1931 1110 2997 1182 Tiger Clemenceau den Deutschen den Kampf bis auf¬
1942 1164 2980 1237 Messer ankündigt und jeden=Gedanken an einen Ver¬
1949 1206 2995 1261 ständigungsfrieden im eigenen Lände mit eiserner
1941 1254 2997 1327 Faust unterdrückt, übt in der Fichtegasse der Mut in
1943 1296 2988 1374 der Brust seine Spannkraft, alle Gleichgesinnten auf
1933 1329 2998 1416 dem Planeten liebend zu umarmen. Paul Zifferer,
1942 1389 2988 1453 eine Leuchte „unter dem Strich“ der Fichtegasse, gibt
1936 1430 2984 1491 unter der Gönnerschaft des kleinen Moritz eine fran¬
1937 1475 2981 1539 zösische Zeitschrift heraus: „Revue d'Autriche“.
1941 1510 2981 1575 Das von Bismarck schon so verspottete Kellner¬
1939 1548 2979 1623 französisch soll wieder einmal zu Ehren kommen.
1937 1597 2980 1660 An das „ganze feindliche Ausland“ will sich Paul
1940 1638 2988 1694 Zifferer, der Stamkes= und Gesinnungsgenosse des
1938 1684 2984 1756 kleinen Moritz, in edler Pose wenden. Paul Zifferer
1941 1725 2975 1797 will in französischer Sprache „um Verständnis und
1927 1771 2988 1828 Würdigung österreichischer Art bitten". Es wäre wohl
1932 1815 2985 1863 zweckmäßiger gewesen, Paul Zifferer hätte dies in
1929 1862 2989 1922 hebräischer Sprache getan. Wie aber die Leute aus der
1932 1895 2987 1968 Fichtegasse sich anmaßen können, im Namen Oester¬
1933 1947 2984 2004 reichs zu sprechen, das deutet wieder auf die Not¬
1928 1981 2979 2044 wendigkeit der Gründung einer eigenen jüdischen
1931 2020 2983 2096 Partei in Oesterreich hin. Wenn eine jüdische Partei in
2516 2072 2548 2093 —
1925 2079 2981 2125 Oesterreich ein Blatt in französischer Sprache heraus¬
1933 2119 2988 2183 gibt, um die Liebe des feindlichen Auslandes wirbt
1935 2162 2978 2212 und um Verständigung und Würdigung für jüdische
1933 2193 2979 2268 Art in Oesterreich bettelt, so haben wir nichts dagegen
1935 2245 2976 2310 einzuwenden. Jedes Land hat schließlich die Juden,
1924 2283 2976 2350 die es verdient. Daß aber der „Prinz Eugen von
1929 2326 2972 2382 Savoy“ gewissermaßen als Schirmherr dieser Kellner¬
1923 2370 2979 2433 franzosen herhalten muß, das ist bitter für den armen
1921 2415 2975 2482 Eugen. Von „Liebenswürdigkeit und Bescheidenheit“
1922 2457 2980 2505 spricht ausgerechnet einer aus der Fichtegasse! „Der
1918 2503 2969 2573 Oesterreicher seinerseits“ — er meint den in Oester¬
1924 2542 2546 2603 reich zufällig lebenden Juden
2561 2543 2979 2604 — „ist also liebens¬
1917 2579 2970 2652 würdig und bescheiden“ — für diese Offenbarung sind
1922 2622 2971 2692 wir Paul Zifferer sehr dankbar. Auch für die Mit¬
1915 2674 2964 2729 teilung, daß er das Wagnis unternimmt, „einer Welt
1925 2711 2960 2779 von Feinden seinen inneren Wert näher zu bringen“.
1917 2763 2963 2814 Stolz will ich den Schmock. Daß natürlich Lammasch
1917 2799 2968 2855 nicht fehlt, der über Oesterreich und den Frieden
1913 2831 2973 2903 schwefelt, daß auch der illustre Mitarbeiter der „Neuen
1915 2880 2970 2950 Freien Presse“ der Botschafter a. D. Graf Lützow,
1909 2917 2970 2978 in dieser koscheren Gesellschaft zu finden ist, daß Hugo
1912 2969 2993 3017 v. Hofmannstal und Artur Schnitlen dart¬
1918 3020 2979 3081 glänzen, das nimmt keinen Arier wünder. Aber die
1914 3059 2977 3127 Anmaßung muß zurückgewiesen werden, daß diese
1914 3101 2966 3149 Leute im Namen des „deutschen Oesterreich“ #n
1918 3140 2961 3207 sprechen wagen. Es ist eine jüdische Gründung, die im
1913 3191 2953 3243 Namen der Fichtegasse für die jüdischen kosmopoliti¬
1912 3221 2975 3306 schen Wünsche der goldenen Internationale wirbt. Das
1910 3277 2961 3318 kann nicht ausdrücklich genug betont werden. Alle
1918 3310 2955 3373 deutscharischen Blätter in Oesterreich sollten sich gegen
1913 3356 2968 3416 diese südische Gründung energisch verwahren, damit
1908 3395 2965 3460 wir Deutschen in Oesterreich nicht beim feindlichen
1912 3444 2954 3504 Ausland in ein falsches Licht kommen. Wir wollen von
1902 3492 2970 3550 unseren gehässigen Todfeinden heute gar nicht für
1904 3540 2969 3587 „lieb und bescheiden“ gehalten werden. Wir wollen
1905 3571 2956 3637 nicht um Verständnis und Würdigung betteln, wir
1902 3605 2960 3681 wollen keinen „Abbau“ des Völkerhasses wie das
1909 3649 2953 3721 gräßliche Judenwort lautet, das bis zum Ueberdruß
1901 3701 2958 3760 täglich wiederkehrt. ]Wir wollen ehrliche Feindschaft
1896 3723 2966 3806 bis zum endgültigen Tage des Sieges. Paul
1904 3780 2966 3830 Ziffererund alle anderen Schmöcke sollen Deutsch=
1907 3830 2956 3877 österreich mit ihrem Kellnerfranzösisch verschonen.
1903 3870 2956 3923 Wenn sie durchaus französisch reden wollen, dann
1898 3909 2952 3965 sollen sie vorläufig an den Strand der Seine ziehen.
1903 3959 2951 4013 da ja der Zionstaat leider noch nicht gegründet
1890 3993 2294 4052 ist. Glückliche Reise!
2960 2364 3006 2414 —
