3344 4352
124 277 1013 394 1 Miscellancons
1126 288 1569 388 box 42/1
1647 436 2779 596 Worte der Erinnerung an
1898 555 2541 688 meinen Vater.
2140 681 2263 746 Von
1960 730 2454 815 Klothilde Benedikt.
1692 792 2840 888 Bevor ich sin Sinne und Geiste meines Vaters, der in der
1576 860 2842 924 Arbeit Trost für' jedes Leid fand wicher zu meiner Tätigkeit
1575 889 2850 977 zurückkehre, ist es mir ein Herzensbedürfnis, die ersten Zeilen ihm
1583 944 2850 1009 zu weihen. „Ich bi ein=Mensch gewesen, und das heißt ein
1582 992 2861 1069 Kämpfer sein.] Wieses schöne Goethe=Wort, das ich ihm auf den
1584 1052 2834 1115 Grabstein setzs, hat sich an ihm im Leben und Sterben erprobt.
1578 1081 2850 1163 Denn selbst um die seit langen Jahren so heiß von ihm ersehnte
1583 1146 2867 1210 Erlösung aus dem Leben mußte er schwer kämpfen, sowohl durch
1583 1193 2840 1240 seine eiserne Konstitution, als durch die grausamen Behelfe
1587 1233 2847 1313 moderner Wissenschaft, die Hofrat Ortner, drei liebevolle
1578 1282 2831 1340 Krankenschwestern und ein ganzer Stab von jungen Aerzten der Klinik
1579 1332 2834 1406 Tag und Nacht in aufopferndster Weise anwendeten. So lag er
1554 1383 2836 1455 zwei Nächte und Tage hilflos wie ein Kind in meinen Armen. Da
1563 1435 2833 1514 zog dies ganze reich ausgefüllte Leben, so unglücklich, aber auch
1575 1471 2828 1526 so glücklich wie kaum ein zweites, an seinem Auge vorüber, wie
1580 1514 2847 1586 er es so anziehend für Fremde in seinen Erinnerungen geschildert
1569 1578 2844 1647 hat.*) Ich kannte es aber in den geheimsten Falten, selbst
1571 1621 2843 1694 Fehlern und Verirrungen, denn in der ganz seltenen Freundschaft
1569 1674 2832 1743 und Kameradschaft, die Jahrzehnte zwischen uns geherrscht hatte,
1577 1723 2843 1762 kannte er kaum ein Geheichnis vor mir. In den letzten Stunden
1560 1742 2855 1843 fallen letzte Masken, wie sein einstiger Assistent Anur Schnitzler
1568 1804 2845 1880 gesagt hat. Und so wird mir klar, was die letzten Jahre so
1581 1867 2839 1946 hemmend zwischen uns trat, fremde, eigennützige Elemente, und
1580 1911 2831 1953 daß ich ihm mit bestem Willen nicht in die Altersirrgänge seiner
1579 1943 2846 2019 Pendellehre folgen konute, so auregend genial fördernd, im Kriege
1590 2008 2843 2059 reichen Segen Sringend mein Vater selbst auf eigenen Irrwegen!?
1588 2054 2827 2109 für Oberst Reichl und andere Ruthenkünstler gewirkt hat.
1591 2097 2824 2164 Ich verfolge dies Leben von der Geburt, dem in jedem Sinne
1585 2134 2828 2220 düsteren Elternhause in der engen Judengasse zu Eisenstadt, das
1578 2197 2865 2261 seit Jahrhunderten im Besitz der Familie war, in dem ein großer
1584 2252 2845 2314 Ahne sich die literarische Unsterblichkeit und eine Art Heiligenschein
1579 2298 2842 2340 erworben hat; ich sehe die hundertjährige Großmutter französischen
1566 2335 2861 2414 Ursprunges, deren Andenken mein Vater mit rührenden Wortens
1547 2389 2904 2459 in seinem Testament gesegnet hat; sehe die geistig hervorragendel
1629 2662 2143 2779 IRe UA PATN I
1596 2779 1933 2846 1. Mai 1920
2528 2761 2805 2872 Nr. 9514
1568 2853 2840 2909 Mutter, die ihm alles vererbt hat, die lange Lebensdauer, den Fleiß,
1574 2906 2836 2970 den Bildungstrieb, den Sarkasmus, die Sprachgewandtheit in Wort
1579 2949 2834 3018 und Scheift, die maßlose Heftigkeit, die schonungslose Aufrichtigkeit,
1584 3008 2844 3065 die Charakterstärke, die Rücksichtslosigkeit, selbst gegen Nächste.
1575 3051 2835 3106 Ich sehe ihn in Wien in der Gymnasiasten= und Revolutions¬
1560 3080 1775 3164 eit, a
2546 3100 2848 3165 den besten
1858 3099 2504 3176 ständigen Klassenprimus in
1575 3150 2855 3215 Kreisen verkehrend, wie er sich langsam vom Rituale
1569 3194 2842 3266 seines Glaubens und dem ihm zugedachten Rabbinerberuf loslöst,
1582 3249 2857 3311 in den Oberklassen unter einer romantischen aussichtslosen Liebe
1570 3280 2843 3358 und der Unmöglichkeit, als Jude den ihm zusagenden Physiker¬
1579 3340 2849 3401 beruf zu ergreifen, gleich leidend. Ich sehe dann den von den
1578 3390 2833 3450 großen Lehrern der damaligen Wiener Schule verwöhnten und
1584 3435 2832 3492 verzogenen Studenten, im Rausche der ersten literarischen Erfolge,
1576 3481 2844 3552 aber in tiefster Melancholie, weil der ärztliche Beruf ihn niemals
1578 3516 2833 3593 befriedigte, den er übrigens noch als Fünfziger mit der ihm an¬
1583 3580 2836 3637 getragenen Chefredakteurstelle eines großen Wiener Blattes ver¬
1570 3630 2835 3695 tauschen wollte, wovon ihn nur meine Mutter abhielt, der er
1583 3680 2836 3729 als seinem Schutzgeist seine Erinnerungen geweiht hat. Dann die
1578 3718 2846 3787 glücklichsten drei Jahre seines Lebens als Militärarzt in Italien,
1583 3767 2850 3832 wo ihn Sprache, Land, Kunst und schöne Frauen gleich be¬
1580 3804 2849 3874 geisterten. Dann nach der Rückkehr die rasche, aber ebenso
1589 3860 2849 3911 rasch zum Stillstand gebrachte Universitätslaufbahn, die entsetz¬
1585 3924 2847 3978 lichen Kämpfe, die ihn bis zum Rand des Selbstmordes trieben,
1575 3959 2842 4018 bis er die Frau seiner Wahl heimführen konnte. (Es war dies
1582 3999 2842 4072 nämlich die erste, damals gesetzlich in Oesterreich noch nicht ge¬
1583 4064 2853 4122 simen Ehe eines Jnden mit einer Kathoniti.) Dann die Kämpfe
1578 4111 2841 4178 bei Schaffung der Elektrotherapie, der Kriminalanthropologie, bei
1568 4162 2848 4213 der Agitation zur Abschassung der Todesstrafe, für das Frauen¬
