<?xml version="1.0" encoding="UTF-8" standalone="yes"?>
<PcGts xmlns="http://schema.primaresearch.org/PAGE/gts/pagecontent/2013-07-15" xmlns:xsi="http://www.w3.org/2001/XMLSchema-instance" xsi:schemaLocation="http://schema.primaresearch.org/PAGE/gts/pagecontent/2013-07-15 http://schema.primaresearch.org/PAGE/gts/pagecontent/2013-07-15/pagecontent.xsd">
    <Metadata>
        <Creator>prov=University of Rostock/Institute of Mathematics/CITlab/Gundram Leifert/gundram.leifert@uni-rostock.de:name=ONB_Newseye_GT_M1+(htr_id=10810)::::v=2.4.2
prov=University of Rostock/Institute of Mathematics/CITlab/Tobias Gruening/tobias.gruening@uni-rostock.de:name=de.uros.citlab.module.baseline2polygon.B2PSeamMultiOriented:v=2.4.2
prov=University of Rostock/Institute of Mathematics/CITlab/Tobias Gruening/tobias.gruening@uni-rostock.de:name=/mnt/transkribus/LA/DEA/URO/LA_news_onb_att.pb:de.uros.citlab.segmentation.CITlab_LA_ML:v=2.4.2
Transkribus</Creator>
        <Created>2019-10-07T20:34:31.686+02:00</Created>
        <LastChange>2019-10-09T05:26:18.782+02:00</LastChange>
        <TranskribusMetadata docId="224455" pageId="9576352" pageNr="23" tsid="16622713" status="IN_PROGRESS" userId="40391" imgUrl="https://files.transkribus.eu/Get?id=LBLFXSISTHPAAAWQDIUUVWXG&amp;fileType=view" xmlUrl="https://files.transkribus.eu/Get?id=NAXXPVXOMNNYAKYWJRPLMKEH" imageId="6207363"/>
    </Metadata>
    <Page imageFilename="224455_0023.jpeg" imageWidth="3344" imageHeight="4320">
        <ReadingOrder>
            <OrderedGroup id="ro_1711442030816" caption="Regions reading order">
                <RegionRefIndexed index="0" regionRef="r1"/>
            </OrderedGroup>
        </ReadingOrder>
        <TextRegion orientation="0.0" id="r1" custom="readingOrder {index:0;}">
            <Coords points="210,216 210,3945 2894,3945 2894,216"/>
            <TextLine id="r1l1" custom="readingOrder {index:0;}">
                <Coords points="2098,262 2113,262 2126,271 2132,265 2174,271 2195,249 2225,255 2259,252 2259,192 2222,192 2207,201 2183,177 2153,180 2138,171 2119,180 2098,180"/>
                <Baseline points="2114,241 2140,239 2166,239 2192,240 2218,240 2244,239"/>
                <TextEquiv>
                    <Unicode>—</Unicode>
                </TextEquiv>
            </TextLine>
            <TextLine id="r1l2" custom="readingOrder {index:1;}">
                <Coords points="1182,332 1242,372 1293,354 1348,366 1406,324 1433,352 1514,349 1566,371 1654,320 1654,287 1582,262 1530,295 1482,267 1424,270 1376,300 1230,278 1182,296"/>
                <Baseline points="1196,333 1222,333 1248,334 1274,334 1300,335 1326,336 1352,336 1378,337 1404,338 1431,339 1457,339 1483,339 1509,339 1535,339 1561,338 1587,336 1613,334 1640,331"/>
                <TextEquiv>
                    <Unicode>box 41/6</Unicode>
                </TextEquiv>
            </TextLine>
            <TextLine id="r1l3" custom="readingOrder {index:2;}">
                <Coords points="194,369 283,349 415,385 748,389 867,364 990,390 1124,353 1125,319 889,279 510,298 393,269 313,310 196,284"/>
                <Baseline points="210,336 257,340 304,343 351,346 399,348 446,350 493,352 541,353 588,354 635,354 683,355 730,355 777,355 825,355 872,355 919,355 967,354 1014,354 1061,353 1109,352"/>
                <TextEquiv>
                    <Unicode>1. Miscellaneens</Unicode>
                </TextEquiv>
            </TextLine>
            <TextLine id="r1l4" custom="readingOrder {index:3;}">
                <Coords points="898,776 1064,769 1416,834 1471,829 1481,754 1390,752 1325,710 1124,701 976,667 911,677"/>
                <Baseline points="917,747 944,747 971,747 998,748 1025,749 1052,751 1079,753 1106,755 1133,758 1160,761 1188,764 1215,768 1242,772 1269,776 1296,781 1323,785 1350,790 1377,795 1404,801 1431,806 1459,812"/>
                <TextEquiv>
                    <Unicode>Mclidt, Wepte </Unicode>
                </TextEquiv>
            </TextLine>
            <TextLine id="r1l5" custom="readingOrder {index:4;}">
                <Coords points="1606,863 2857,874 2823,802 1606,802"/>
                <Baseline points="1621,862 1682,862 1743,862 1804,861 1865,861 1926,861 1987,862 2048,862 2109,862 2170,862 2231,862 2292,862 2353,861 2414,861 2475,860 2536,860 2597,859 2658,857 2719,856 2780,854 2841,852"/>
                <TextEquiv>
                    <Unicode>Hugo v. Hofmansthal, der damals als Loris plötzlich</Unicode>
                </TextEquiv>
            </TextLine>
            <TextLine id="r1l6" custom="readingOrder {index:5;}">
                <Coords points="1617,908 2850,914 2850,866 2795,857 1617,868"/>
                <Baseline points="1632,909 1692,909 1752,909 1812,909 1872,910 1932,910 1992,911 2053,911 2113,911 2173,912 2233,912 2293,912 2353,912 2413,911 2474,911 2534,910 2594,908 2654,907 2714,905 2774,902 2835,899"/>
                <TextEquiv>
                    <Unicode>in der Wiener Literatur erschien, Richard Beer=Hof¬</Unicode>
                </TextEquiv>
            </TextLine>
            <TextLine id="r1l7" custom="readingOrder {index:6;}">
                <Coords points="1607,950 1780,980 1813,949 2854,953 2818,901 1607,913"/>
                <Baseline points="1623,953 1683,955 1744,958 1805,959 1866,960 1927,961 1987,962 2048,963 2109,963 2170,963 2231,963 2291,962 2352,961 2413,961 2474,960 2535,959 2595,958 2656,956 2717,955 2778,954 2839,952"/>
                <TextEquiv>
                    <Unicode>lmann, dessen erste lyrische Arbeiten eben erschienen</Unicode>
                </TextEquiv>
            </TextLine>
            <TextLine id="r1l8" custom="readingOrder {index:7;}">
                <Coords points="597,966 703,996 909,962 1067,989 1148,958 1263,994 1351,963 1418,978 1418,899 1351,872 1118,889 1036,837 906,856 863,829 815,866 597,873"/>
                <Baseline points="611,965 650,964 690,963 729,963 769,962 809,961 848,961 888,961 928,960 967,960 1007,960 1047,960 1086,960 1126,960 1166,960 1205,960 1245,960 1285,960 1324,961 1364,961 1404,961"/>
                <TextEquiv>
                    <Unicode>„Theater und Kunst.</Unicode>
                </TextEquiv>
            </TextLine>
            <TextLine id="r1l9" custom="readingOrder {index:8;}">
                <Coords points="1624,1010 2617,1036 2850,997 2825,954 1624,958"/>
                <Baseline points="1638,1002 1697,1002 1757,1003 1817,1003 1877,1004 1937,1005 1997,1006 2057,1007 2117,1008 2177,1009 2237,1009 2296,1010 2356,1010 2416,1009 2476,1009 2536,1008 2596,1006 2656,1004 2716,1001 2776,998 2836,994"/>
                <TextEquiv>
                    <Unicode>waren, Peter Alienberg, Artur Schwützler 2c. ver¬</Unicode>
                </TextEquiv>
            </TextLine>
            <TextLine id="r1l10" custom="readingOrder {index:9;}">
                <Coords points="1624,1057 2789,1058 2856,1046 2856,1000 1624,1011"/>
                <Baseline points="1640,1049 1700,1050 1760,1050 1820,1050 1880,1051 1940,1051 2000,1051 2060,1051 2120,1052 2180,1052 2240,1052 2300,1052 2360,1052 2420,1051 2480,1051 2540,1050 2600,1049 2660,1048 2720,1046 2780,1044 2840,1042"/>
                <TextEquiv>
                    <Unicode>sammelten sich allabendlich in den maumen des Casé</Unicode>
                </TextEquiv>
            </TextLine>
            <TextLine id="r1l11" custom="readingOrder {index:10;}">
                <Coords points="444,1112 889,1127 1016,1089 1231,1123 1585,1085 1584,1018 1475,1005 443,1027"/>
                <Baseline points="459,1092 514,1092 570,1092 625,1091 681,1091 736,1089 792,1088 847,1087 903,1086 958,1085 1014,1084 1070,1082 1125,1081 1181,1080 1236,1080 1292,1080 1347,1080 1403,1080 1458,1081 1514,1082 1570,1084"/>
                <TextEquiv>
                    <Unicode>Exnennung eines Generaliniendauken</Unicode>
                </TextEquiv>
            </TextLine>
            <TextLine id="r1l12" custom="readingOrder {index:11;}">
                <Coords points="1597,1094 2790,1105 2853,1087 2853,1044 1597,1058"/>
                <Baseline points="1611,1091 1672,1093 1733,1095 1795,1096 1856,1097 1918,1098 1979,1098 2040,1098 2102,1098 2163,1098 2225,1098 2286,1098 2347,1097 2409,1097 2470,1096 2532,1095 2593,1095 2654,1094 2716,1094 2777,1094 2839,1093"/>
                <TextEquiv>
                    <Unicode>Griensteidl am Michaelerplatz, wo die neue Literatur förm¬</Unicode>
                </TextEquiv>
            </TextLine>
            <TextLine id="r1l13" custom="readingOrder {index:12;}">
                <Coords points="1616,1166 2745,1155 2854,1127 2854,1088 1615,1094"/>
                <Baseline points="1630,1147 1690,1146 1750,1146 1811,1145 1871,1145 1932,1144 1992,1144 2053,1144 2113,1144 2174,1143 2234,1143 2294,1143 2355,1143 2415,1142 2476,1142 2536,1141 2597,1140 2657,1140 2718,1139 2778,1137 2839,1136"/>
                <TextEquiv>
                    <Unicode>lich gegründet wurde. Damals tauchte plötzlich der Name</Unicode>
                </TextEquiv>
            </TextLine>
            <TextLine id="r1l14" custom="readingOrder {index:13;}">
                <Coords points="778,1207 887,1216 914,1198 981,1218 1165,1187 1190,1211 1271,1184 1271,1126 1180,1127 1162,1109 1114,1133 1074,1109 777,1123"/>
                <Baseline points="793,1182 818,1182 844,1182 870,1182 895,1182 921,1182 947,1182 972,1182 998,1183 1024,1183 1049,1183 1075,1183 1101,1182 1126,1182 1152,1182 1178,1181 1203,1180 1229,1179 1255,1178"/>
                <TextEquiv>
                    <Unicode>der Hoftheater.</Unicode>
                </TextEquiv>
            </TextLine>
            <TextLine id="r1l15" custom="readingOrder {index:14;}">
                <Coords points="1621,1192 2857,1187 2856,1147 2699,1136 1621,1152"/>
                <Baseline points="1636,1192 1696,1192 1756,1191 1816,1191 1877,1191 1937,1191 1997,1191 2058,1191 2118,1191 2178,1191 2239,1191 2299,1190 2359,1190 2419,1190 2480,1189 2540,1188 2600,1187 2661,1186 2721,1185 2781,1184 2842,1182"/>
                <TextEquiv>
                    <Unicode>Leopold Andrians auf und hatte die Wirkung eines Kampf¬</Unicode>
                </TextEquiv>
            </TextLine>
            <TextLine id="r1l16" custom="readingOrder {index:15;}">
                <Coords points="1627,1247 2820,1249 2853,1185 1627,1195"/>
                <Baseline points="1641,1239 1700,1239 1760,1239 1820,1239 1880,1239 1940,1239 2000,1239 2060,1239 2120,1239 2180,1239 2240,1238 2299,1238 2359,1238 2419,1237 2479,1237 2539,1236 2599,1235 2659,1234 2719,1233 2779,1232 2839,1231"/>
                <TextEquiv>
                    <Unicode>rufes. Hermann Bahr trat mit hymnischer Begeisterung für</Unicode>
                </TextEquiv>
            </TextLine>
            <TextLine id="r1l17" custom="readingOrder {index:16;}">
                <Coords points="394,1277 518,1312 1050,1265 1514,1291 1556,1218 393,1204"/>
                <Baseline points="409,1272 465,1273 522,1274 578,1275 635,1275 692,1275 748,1275 805,1275 862,1274 918,1273 975,1272 1032,1271 1088,1271 1145,1269 1202,1268 1258,1268 1315,1267 1372,1266 1428,1266 1485,1266 1542,1266"/>
                <TextEquiv>
                    <Unicode>(Gesandter Leopold Freiherr v. Andrian=Wernburg</Unicode>
                </TextEquiv>
            </TextLine>
            <TextLine id="r1l18" custom="readingOrder {index:17;}">
                <Coords points="1630,1295 2868,1273 2867,1234 1629,1246"/>
                <Baseline points="1646,1292 1706,1290 1766,1289 1826,1288 1887,1287 1947,1287 2007,1286 2068,1286 2128,1286 2188,1286 2249,1286 2309,1286 2369,1285 2429,1285 2490,1284 2550,1284 2610,1282 2671,1281 2731,1279 2791,1276 2852,1274"/>
                <TextEquiv>
                    <Unicode>des jungen Andrian Erstlingswerk, den „Garten der Er¬</Unicode>
                </TextEquiv>
            </TextLine>
            <TextLine id="r1l19" custom="readingOrder {index:18;}">
                <Coords points="666,1340 981,1350 1008,1329 1214,1352 1392,1320 1392,1272 665,1282"/>
                <Baseline points="680,1320 714,1321 749,1321 784,1321 819,1321 854,1321 889,1321 924,1321 959,1320 994,1320 1029,1320 1063,1320 1098,1320 1133,1319 1168,1319 1203,1319 1238,1318 1273,1318 1308,1317 1343,1317 1378,1316"/>
                <TextEquiv>
                    <Unicode>Generalintendant per Hoftheater.</Unicode>
                </TextEquiv>
            </TextLine>
            <TextLine id="r1l20" custom="readingOrder {index:19;}">
                <Coords points="1611,1357 2819,1342 2864,1336 2864,1284 1610,1284"/>
                <Baseline points="1625,1339 1686,1339 1747,1338 1808,1338 1869,1337 1931,1337 1992,1336 2053,1336 2114,1335 2175,1334 2237,1334 2298,1333 2359,1332 2420,1332 2481,1331 2543,1331 2604,1330 2665,1330 2726,1329 2787,1329 2849,1329"/>
                <TextEquiv>
                    <Unicode>kenntnis“, ein und prophezeite Oesterreich einen neuen</Unicode>
                </TextEquiv>
            </TextLine>
            <TextLine id="r1l21" custom="readingOrder {index:20;}">
                <Coords points="1622,1386 2757,1392 2863,1382 2863,1334 1622,1347"/>
                <Baseline points="1637,1383 1697,1383 1758,1383 1818,1383 1879,1382 1939,1382 2000,1382 2060,1382 2121,1381 2181,1381 2242,1380 2302,1380 2363,1380 2423,1379 2484,1379 2544,1378 2605,1378 2665,1378 2726,1377 2786,1377 2847,1377"/>
                <TextEquiv>
                    <Unicode>Dichter. In jenem Kreise der Wiener Literatur wurde zu</Unicode>
                </TextEquiv>
            </TextLine>
            <TextLine id="r1l22" custom="readingOrder {index:21;}">
                <Coords points="489,1429 1621,1410 1620,1353 1496,1345 488,1368"/>
                <Baseline points="504,1410 559,1411 614,1412 669,1412 724,1412 779,1412 834,1412 889,1411 944,1410 999,1409 1054,1408 1109,1407 1164,1406 1219,1405 1274,1404 1329,1403 1384,1402 1439,1401 1494,1400 1549,1399 1605,1399"/>
                <TextEquiv>
                    <Unicode>Die heutige „Wiener Zeitung“ veröffentlicht die Ernen¬</Unicode>
                </TextEquiv>
            </TextLine>
            <TextLine id="r1l23" custom="readingOrder {index:22;}">
                <Coords points="1632,1433 2816,1435 2864,1383 1632,1388"/>
                <Baseline points="1648,1431 1708,1431 1768,1431 1828,1431 1888,1430 1948,1430 2008,1430 2068,1429 2128,1429 2188,1428 2248,1427 2308,1427 2368,1426 2428,1426 2488,1425 2548,1425 2608,1425 2668,1425 2728,1425 2788,1425 2848,1425"/>
                <TextEquiv>
                    <Unicode>dieser Zeit die Zeitschrift „Liebelei“ gegründet, die</Unicode>
                </TextEquiv>
            </TextLine>
            <TextLine id="r1l24" custom="readingOrder {index:23;}">
                <Coords points="390,1458 1629,1461 1628,1406 626,1432 390,1401"/>
                <Baseline points="407,1461 467,1461 527,1460 587,1460 648,1460 708,1460 768,1459 828,1459 889,1459 949,1459 1009,1458 1069,1458 1130,1457 1190,1457 1250,1456 1310,1455 1371,1454 1431,1452 1491,1450 1551,1448 1612,1446"/>
                <TextEquiv>
                    <Unicode>nung des Gesandten und Bevollmächtigten im Ministerium</Unicode>
                </TextEquiv>
            </TextLine>
            <TextLine id="r1l25" custom="readingOrder {index:24;}">
                <Coords points="1627,1496 2868,1494 2868,1418 1627,1430"/>
                <Baseline points="1641,1478 1701,1478 1762,1478 1822,1478 1883,1478 1943,1477 2004,1477 2064,1477 2125,1476 2185,1476 2246,1475 2307,1475 2367,1474 2428,1474 2488,1473 2549,1473 2609,1472 2670,1472 2730,1471 2791,1471 2852,1471"/>
                <TextEquiv>
                    <Unicode>ihren Namen von Schnitzlers eben mit Erfolg gespieltem</Unicode>
                </TextEquiv>
            </TextLine>
            <TextLine id="r1l26" custom="readingOrder {index:25;}">
                <Coords points="393,1512 1638,1507 1637,1455 393,1458"/>
                <Baseline points="409,1509 469,1510 530,1510 590,1510 651,1510 712,1509 772,1509 833,1508 893,1507 954,1506 1015,1506 1075,1505 1136,1504 1196,1503 1257,1502 1318,1501 1378,1500 1439,1499 1499,1499 1560,1498 1621,1498"/>
                <TextEquiv>
                    <Unicode>des Aeußern Leopold Freiherr v. Andrian=Wernburg</Unicode>
                </TextEquiv>
            </TextLine>
            <TextLine id="r1l27" custom="readingOrder {index:26;}">
                <Coords points="1629,1531 2867,1542 2867,1469 1629,1492"/>
                <Baseline points="1643,1524 1703,1524 1763,1524 1824,1524 1884,1523 1945,1523 2005,1523 2065,1523 2126,1522 2186,1522 2247,1521 2307,1521 2367,1521 2428,1520 2488,1520 2549,1519 2609,1519 2669,1518 2730,1518 2790,1518 2851,1517"/>
                <TextEquiv>
                    <Unicode>neuen Werk nahm. Der Herausgeber dieser Zeitschrift war</Unicode>
                </TextEquiv>
            </TextLine>
            <TextLine id="r1l28" custom="readingOrder {index:27;}">
                <Coords points="392,1569 1621,1557 1621,1508 391,1505"/>
                <Baseline points="407,1560 467,1559 527,1559 587,1558 647,1558 707,1557 767,1557 827,1556 887,1555 947,1554 1007,1554 1067,1553 1127,1552 1187,1551 1247,1550 1307,1549 1367,1548 1427,1546 1487,1545 1547,1543 1607,1541"/>
                <TextEquiv>
                    <Unicode>zum Generalintendanten der Hoftheater.</Unicode>
                </TextEquiv>
            </TextLine>
            <TextLine id="r1l29" custom="readingOrder {index:28;}">
                <Coords points="1623,1583 2855,1574 2876,1540 1622,1535"/>
                <Baseline points="1639,1570 1700,1570 1761,1570 1822,1571 1883,1571 1944,1571 2005,1571 2067,1571 2128,1570 2189,1570 2250,1570 2311,1570 2372,1569 2433,1569 2495,1568 2556,1567 2617,1567 2678,1566 2739,1565 2800,1564 2862,1563"/>
                <TextEquiv>
                    <Unicode>Leopold v. Andrian. Im Rahmen dieser Blätter erschienen</Unicode>
                </TextEquiv>
            </TextLine>
            <TextLine id="r1l30" custom="readingOrder {index:29;}">
                <Coords points="413,1617 1630,1597 1629,1552 1275,1541 413,1572"/>
                <Baseline points="427,1605 486,1606 545,1606 605,1606 664,1606 723,1606 783,1605 842,1604 901,1604 961,1603 1020,1602 1079,1601 1139,1600 1198,1598 1257,1597 1317,1596 1376,1595 1435,1594 1495,1593 1554,1592 1614,1592"/>
                <TextEquiv>
                    <Unicode>Bekanntlich hatte man seit Jahren von der Besetzung der</Unicode>
                </TextEquiv>
            </TextLine>
            <TextLine id="r1l31" custom="readingOrder {index:30;}">
                <Coords points="1636,1627 2874,1637 2874,1570 2835,1568 1636,1579"/>
                <Baseline points="1652,1622 1712,1621 1772,1620 1832,1620 1893,1619 1953,1618 2013,1618 2074,1617 2134,1617 2194,1616 2255,1616 2315,1615 2375,1615 2435,1615 2496,1615 2556,1615 2616,1615 2677,1616 2737,1616 2797,1617 2858,1617"/>
                <TextEquiv>
                    <Unicode>u. a. die ersten Arbeiten Peter Altenbergs. Die Zeitschrift</Unicode>
                </TextEquiv>
            </TextLine>
            <TextLine id="r1l32" custom="readingOrder {index:31;}">
                <Coords points="409,1657 1629,1645 1601,1593 408,1621"/>
                <Baseline points="425,1655 484,1655 543,1654 603,1653 662,1653 721,1652 781,1652 840,1651 899,1650 959,1650 1018,1649 1077,1648 1137,1647 1196,1647 1255,1646 1315,1645 1374,1644 1433,1643 1493,1642 1552,1641 1612,1639"/>
                <TextEquiv>
                    <Unicode>Stelle eines Generalintendanten der Hoftheater Abstand</Unicode>
                </TextEquiv>
            </TextLine>
            <TextLine id="r1l33" custom="readingOrder {index:32;}">
                <Coords points="1638,1686 2241,1668 2241,1635 2193,1620 1639,1628"/>
                <Baseline points="1653,1665 1681,1664 1710,1664 1738,1664 1767,1664 1796,1664 1824,1664 1853,1665 1881,1665 1910,1665 1939,1666 1967,1666 1996,1666 2024,1666 2053,1666 2082,1666 2110,1666 2139,1665 2167,1664 2196,1664 2225,1662"/>
                <TextEquiv>
                    <Unicode>existierte nur einige Monate.</Unicode>
                </TextEquiv>
            </TextLine>
            <TextLine id="r1l34" custom="readingOrder {index:33;}">
                <Coords points="415,1720 1581,1703 1644,1639 415,1659"/>
                <Baseline points="431,1705 490,1703 550,1702 610,1700 670,1699 730,1698 790,1698 849,1697 909,1696 969,1696 1029,1695 1089,1695 1149,1694 1209,1693 1268,1692 1328,1692 1388,1690 1448,1689 1508,1687 1568,1686 1628,1684"/>
                <TextEquiv>
                    <Unicode>genommen und der Obersthofmeister Fürst Montenuovo</Unicode>
                </TextEquiv>
            </TextLine>
            <TextLine id="r1l35" custom="readingOrder {index:34;}">
                <Coords points="1737,1714 2757,1726 2863,1701 2863,1661 2666,1672 2605,1636 2363,1674 2300,1641 2242,1675 1737,1684"/>
                <Baseline points="1751,1712 1805,1712 1860,1712 1915,1712 1970,1712 2025,1712 2079,1712 2134,1712 2189,1712 2244,1712 2299,1711 2353,1711 2408,1711 2463,1710 2518,1710 2573,1709 2627,1708 2682,1707 2737,1706 2792,1705 2847,1704"/>
                <TextEquiv>
                    <Unicode>Leopold v. Andrian übergab der Oeffentlichkeit</Unicode>
                </TextEquiv>
            </TextLine>
            <TextLine id="r1l36" custom="readingOrder {index:35;}">
                <Coords points="415,1754 1645,1748 1644,1678 415,1715"/>
                <Baseline points="429,1749 492,1749 555,1749 618,1748 681,1748 744,1747 807,1747 870,1746 933,1746 996,1745 1060,1744 1123,1743 1186,1742 1249,1741 1312,1740 1375,1739 1438,1738 1501,1737 1564,1736 1628,1735"/>
                <TextEquiv>
                    <Unicode>und späterhin Prinz Hohenlohe versahen die Agenden eines</Unicode>
                </TextEquiv>
            </TextLine>
            <TextLine id="r1l37" custom="readingOrder {index:36;}">
                <Coords points="1643,1767 2875,1780 2875,1698 1642,1715"/>
                <Baseline points="1658,1762 1718,1762 1778,1761 1838,1761 1898,1760 1958,1760 2018,1760 2079,1759 2139,1759 2199,1759 2259,1759 2319,1759 2379,1759 2439,1758 2500,1758 2560,1758 2620,1758 2680,1757 2740,1757 2800,1756 2861,1756"/>
                <TextEquiv>
                    <Unicode>weiterhin keinerlei literarische Arbeiten mehr. Er suchte die</Unicode>
                </TextEquiv>
            </TextLine>
            <TextLine id="r1l38" custom="readingOrder {index:37;}">
                <Coords points="409,1815 1635,1803 1634,1736 408,1746"/>
                <Baseline points="424,1797 483,1796 543,1796 603,1796 663,1795 723,1795 783,1794 842,1794 902,1793 962,1792 1022,1792 1082,1791 1142,1790 1202,1790 1261,1789 1321,1788 1381,1788 1441,1787 1501,1786 1561,1786 1621,1785"/>
                <TextEquiv>
                    <Unicode>Generalintendanten. Der neue Obersthofmeister Graf</Unicode>
                </TextEquiv>
            </TextLine>
            <TextLine id="r1l39" custom="readingOrder {index:38;}">
                <Coords points="1634,1815 2863,1798 2766,1753 1634,1764"/>
                <Baseline points="1649,1811 1709,1810 1769,1810 1829,1809 1889,1808 1949,1808 2009,1808 2069,1807 2129,1807 2189,1807 2249,1807 2309,1807 2369,1807 2429,1806 2489,1806 2549,1806 2609,1805 2669,1804 2729,1803 2789,1802 2849,1800"/>
                <TextEquiv>
                    <Unicode>diplomatische Karriere und hatte als Vertreter des Mini¬</Unicode>
                </TextEquiv>
            </TextLine>
            <TextLine id="r1l40" custom="readingOrder {index:39;}">
                <Coords points="420,1850 1640,1830 1639,1788 1508,1778 419,1804"/>
                <Baseline points="436,1846 495,1846 554,1845 614,1845 673,1844 733,1844 792,1843 851,1842 911,1842 970,1841 1030,1840 1089,1839 1148,1838 1208,1837 1267,1836 1327,1835 1386,1833 1445,1832 1505,1830 1564,1829 1624,1827"/>
                <TextEquiv>
                    <Unicode>Hunyady hat sich nun entschlossen, die Stelle eines General¬</Unicode>
                </TextEquiv>
            </TextLine>
            <TextLine id="r1l41" custom="readingOrder {index:40;}">
                <Coords points="1642,1871 2872,1865 2871,1793 1642,1817"/>
                <Baseline points="1658,1860 1717,1858 1777,1857 1837,1856 1897,1856 1957,1855 2017,1855 2076,1855 2136,1854 2196,1854 2256,1854 2316,1854 2376,1854 2436,1853 2495,1853 2555,1852 2615,1852 2675,1851 2735,1850 2795,1849 2855,1847"/>
                <TextEquiv>
                    <Unicode>steriums des Aeußern Gelegenheit, viele Reisen zu unter¬</Unicode>
                </TextEquiv>
            </TextLine>
            <TextLine id="r1l42" custom="readingOrder {index:41;}">
                <Coords points="422,1899 1636,1892 1635,1834 421,1847"/>
                <Baseline points="438,1893 497,1893 556,1893 615,1893 674,1893 734,1892 793,1892 852,1891 911,1890 970,1889 1030,1888 1089,1887 1148,1886 1207,1885 1266,1884 1326,1883 1385,1882 1444,1882 1503,1881 1562,1880 1622,1880"/>
                <TextEquiv>
                    <Unicode>intendanten der Hoftheater wieder zu besetzen. Die Wahl</Unicode>
                </TextEquiv>
            </TextLine>
            <TextLine id="r1l43" custom="readingOrder {index:42;}">
                <Coords points="1643,1909 2870,1911 2869,1863 2818,1857 1643,1873"/>
                <Baseline points="1658,1906 1717,1905 1777,1904 1837,1904 1897,1903 1957,1903 2016,1903 2076,1902 2136,1902 2196,1902 2256,1902 2315,1902 2375,1902 2435,1901 2495,1901 2555,1901 2614,1900 2674,1899 2734,1898 2794,1897 2854,1896"/>
                <TextEquiv>
                    <Unicode>nehmen. Auch in dieser Zeit seiner politischen Arbeit unter¬</Unicode>
                </TextEquiv>
            </TextLine>
            <TextLine id="r1l44" custom="readingOrder {index:43;}">
                <Coords points="398,1969 1573,1941 1633,1934 1633,1891 397,1885"/>
                <Baseline points="413,1941 473,1941 533,1941 593,1940 654,1940 714,1940 774,1939 834,1939 895,1939 955,1938 1015,1938 1075,1937 1136,1936 1196,1936 1256,1935 1316,1934 1377,1932 1437,1931 1497,1929 1557,1927 1618,1926"/>
                <TextEquiv>
                    <Unicode>der maßgebenden Kreise fiel auf Baron Andrian, der in</Unicode>
                </TextEquiv>
            </TextLine>
            <TextLine id="r1l45" custom="readingOrder {index:44;}">
                <Coords points="1632,1967 2722,1962 2870,1952 2870,1912 1632,1913"/>
                <Baseline points="1647,1956 1707,1955 1767,1954 1828,1953 1888,1952 1949,1952 2009,1951 2069,1951 2130,1950 2190,1950 2251,1949 2311,1949 2371,1949 2432,1948 2492,1948 2553,1948 2613,1947 2673,1947 2734,1946 2794,1946 2855,1945"/>
                <TextEquiv>
                    <Unicode>hielt er ständig. Verkehr mit seinen literarischen Freunden</Unicode>
                </TextEquiv>
            </TextLine>
            <TextLine id="r1l46" custom="readingOrder {index:45;}">
                <Coords points="422,1992 1633,1985 1632,1939 1487,1930 421,1946"/>
                <Baseline points="436,1993 495,1992 554,1992 613,1991 672,1990 731,1990 790,1989 849,1988 908,1987 967,1986 1027,1985 1086,1984 1145,1983 1204,1982 1263,1981 1322,1980 1381,1979 1440,1978 1499,1977 1558,1976 1618,1975"/>
                <TextEquiv>
                    <Unicode>seiner Jugend selbst zur Literatur gehörte und späterhin in</Unicode>
                </TextEquiv>
            </TextLine>
            <TextLine id="r1l47" custom="readingOrder {index:46;}">
                <Coords points="1635,2002 2849,2008 2882,1950 1635,1969"/>
                <Baseline points="1649,2003 1709,2003 1770,2002 1831,2001 1892,2001 1953,2000 2014,1999 2074,1998 2135,1998 2196,1997 2257,1996 2318,1995 2379,1995 2440,1994 2500,1993 2561,1993 2622,1992 2683,1992 2744,1992 2805,1992 2866,1992"/>
                <TextEquiv>
                    <Unicode>und zeigte für die Entwicklung der modernen Literatur stets</Unicode>
                </TextEquiv>
            </TextLine>
            <TextLine id="r1l48" custom="readingOrder {index:47;}">
                <Coords points="416,2039 1636,2030 1635,1984 1581,1979 415,1990"/>
                <Baseline points="431,2037 490,2036 550,2036 609,2035 669,2034 728,2034 788,2033 847,2032 907,2032 966,2031 1026,2031 1086,2030 1145,2029 1205,2029 1264,2028 1324,2027 1383,2026 1443,2025 1502,2024 1562,2022 1622,2021"/>
                <TextEquiv>
                    <Unicode>seiner Diplomatenkarriere den Kontakt mit der literarischen</Unicode>
                </TextEquiv>
            </TextLine>
            <TextLine id="r1l49" custom="readingOrder {index:48;}">
                <Coords points="421,2086 2870,2056 2548,1994 420,2037"/>
                <Baseline points="435,2082 556,2084 677,2084 798,2084 919,2082 1040,2080 1161,2077 1282,2073 1403,2069 1524,2065 1645,2061 1766,2056 1887,2052 2008,2048 2129,2046 2250,2043 2371,2041 2492,2040 2613,2041 2734,2043 2856,2046"/>
                <TextEquiv>
                    <Unicode>Bewegung Oesterreichs und Deutschlands ständig aufrecht= Anteilnahme und großes Interesse. Dem Burgtheater ist</Unicode>
                </TextEquiv>
            </TextLine>
            <TextLine id="r1l50" custom="readingOrder {index:49;}">
                <Coords points="1637,2106 2794,2099 2878,2050 1637,2069"/>
                <Baseline points="1652,2097 1712,2096 1773,2096 1833,2095 1894,2095 1955,2095 2015,2094 2076,2094 2136,2093 2197,2093 2258,2092 2318,2092 2379,2092 2439,2091 2500,2090 2561,2090 2621,2089 2682,2088 2742,2088 2803,2087 2864,2086"/>
                <TextEquiv>
                    <Unicode>er von Jugend her ein treuer Freund und herzlicher Be¬</Unicode>
                </TextEquiv>
            </TextLine>
            <TextLine id="r1l51" custom="readingOrder {index:50;}">
                <Coords points="422,2135 1590,2135 1630,2128 1629,2074 421,2096"/>
                <Baseline points="436,2133 495,2133 554,2133 613,2133 672,2132 731,2132 790,2132 849,2131 908,2131 967,2130 1026,2129 1085,2128 1144,2127 1203,2126 1262,2125 1321,2124 1380,2123 1439,2122 1498,2121 1557,2119 1616,2118"/>
                <TextEquiv>
                    <Unicode>erhielt. Der neue Generalintendant war Mitte der neunziger</Unicode>
                </TextEquiv>
            </TextLine>
            <TextLine id="r1l52" custom="readingOrder {index:51;}">
                <Coords points="1636,2148 2769,2157 2896,2120 2895,2069 1636,2102"/>
                <Baseline points="1652,2141 1713,2141 1774,2142 1836,2142 1897,2142 1959,2142 2020,2141 2081,2141 2143,2140 2204,2140 2266,2139 2327,2138 2388,2138 2450,2137 2511,2137 2573,2137 2634,2137 2695,2137 2757,2137 2818,2138 2880,2139"/>
                <TextEquiv>
                    <Unicode>wunderer gewesen. Es war ihm ja vergönnt, die große Zeit</Unicode>
                </TextEquiv>
            </TextLine>
            <TextLine id="r1l53" custom="readingOrder {index:52;}">
                <Coords points="417,2186 1643,2174 1642,2132 1524,2124 416,2147"/>
                <Baseline points="431,2183 490,2182 550,2182 610,2182 670,2181 730,2180 790,2179 849,2178 909,2177 969,2176 1029,2175 1089,2174 1149,2173 1209,2172 1268,2171 1328,2170 1388,2169 1448,2169 1508,2168 1568,2168 1628,2168"/>
                <TextEquiv>
                    <Unicode>Jahre eine Zeitlang Mittelpunkt der damaligen Wiener</Unicode>
                </TextEquiv>
            </TextLine>
            <TextLine id="r1l54" custom="readingOrder {index:53;}">
                <Coords points="1649,2205 2909,2198 2908,2120 2769,2157 2542,2125 1649,2147"/>
                <Baseline points="1665,2191 1726,2191 1787,2191 1849,2191 1910,2190 1972,2189 2033,2188 2095,2188 2156,2187 2218,2186 2279,2185 2340,2184 2402,2184 2463,2183 2525,2183 2586,2183 2648,2184 2709,2185 2771,2186 2832,2189 2894,2191"/>
                <TextEquiv>
                    <Unicode>dieses Theaters noch mitzuerleben und er ist auch ein</Unicode>
                </TextEquiv>
            </TextLine>
            <TextLine id="r1l55" custom="readingOrder {index:54;}">
                <Coords points="418,2244 1635,2226 1610,2171 417,2183"/>
                <Baseline points="433,2231 492,2231 551,2230 611,2229 670,2229 729,2228 789,2227 848,2226 907,2225 967,2225 1026,2224 1085,2223 1145,2222 1204,2221 1263,2220 1323,2219 1382,2218 1441,2217 1501,2216 1560,2215 1620,2214"/>
                <TextEquiv>
                    <Unicode>literarischen Bewegung. Sein Erstlingswerk, die Novelle</Unicode>
                </TextEquiv>
            </TextLine>
            <TextLine id="r1l56" custom="readingOrder {index:55;}">
                <Coords points="1649,2257 2651,2242 2702,2236 2702,2190 1648,2200"/>
                <Baseline points="1663,2240 1714,2239 1765,2237 1816,2236 1867,2235 1919,2234 1970,2234 2021,2233 2072,2233 2123,2232 2175,2232 2226,2232 2277,2232 2328,2232 2379,2232 2431,2232 2482,2232 2533,2232 2584,2232 2635,2232 2687,2232"/>
                <TextEquiv>
                    <Unicode>großer Bewunderer der Mahlerschen Kunst gewesen.</Unicode>
                </TextEquiv>
            </TextLine>
            <TextLine id="r1l57" custom="readingOrder {index:56;}">
                <Coords points="417,2296 1646,2259 1645,2217 416,2244"/>
                <Baseline points="431,2280 491,2278 551,2276 611,2275 671,2274 731,2272 791,2272 851,2271 911,2270 971,2270 1031,2269 1091,2269 1151,2268 1211,2268 1271,2267 1331,2267 1391,2266 1451,2265 1511,2264 1571,2262 1632,2261"/>
                <TextEquiv>
                    <Unicode>„Der Garten der Erkenntnis“, das für die</Unicode>
                </TextEquiv>
            </TextLine>
            <TextLine id="r1l58" custom="readingOrder {index:57;}">
                <Coords points="415,2326 1653,2330 1652,2260 414,2293"/>
                <Baseline points="429,2321 489,2322 549,2323 610,2323 670,2323 731,2323 791,2323 852,2322 912,2322 973,2321 1033,2320 1093,2319 1154,2318 1214,2317 1275,2316 1335,2315 1396,2314 1456,2312 1517,2311 1577,2311 1638,2310"/>
                <TextEquiv>
                    <Unicode>Oeffentlichkeit fast seine einzige Arbeit blieb, weckte in den</Unicode>
                </TextEquiv>
            </TextLine>
            <TextLine id="r1l59" custom="readingOrder {index:58;}">
                <Coords points="424,2386 1623,2374 1653,2313 424,2332"/>
                <Baseline points="438,2371 501,2371 564,2372 627,2372 690,2371 753,2371 816,2370 879,2370 942,2369 1005,2368 1069,2367 1132,2366 1195,2365 1258,2364 1321,2362 1384,2361 1447,2360 1510,2360 1573,2359 1637,2358"/>
                <TextEquiv>
                    <Unicode>Kreisen der jungen Wiener Literatur laute Anerkennung</Unicode>
                </TextEquiv>
            </TextLine>
            <TextLine id="r1l60" custom="readingOrder {index:59;}">
                <Coords points="427,2426 1648,2419 1647,2368 1595,2366 427,2377"/>
                <Baseline points="444,2420 503,2419 562,2419 622,2418 681,2418 741,2418 800,2417 860,2417 919,2416 979,2416 1038,2415 1097,2414 1157,2413 1216,2413 1276,2412 1335,2411 1395,2409 1454,2408 1514,2407 1573,2405 1633,2403"/>
                <TextEquiv>
                    <Unicode>und man begrüßte mit enthusiastischen Worten einen</Unicode>
                </TextEquiv>
            </TextLine>
            <TextLine id="r1l61" custom="readingOrder {index:60;}">
                <Coords points="420,2475 1656,2472 1655,2414 1506,2398 420,2429"/>
                <Baseline points="435,2471 495,2470 555,2468 615,2467 675,2466 736,2465 796,2465 856,2464 916,2464 976,2463 1037,2463 1097,2462 1157,2462 1217,2461 1277,2460 1338,2460 1398,2459 1458,2458 1518,2456 1578,2455 1639,2453"/>
                <TextEquiv>
                    <Unicode>jungen, neuen und eigenen Dichter. Andrian stand dem</Unicode>
                </TextEquiv>
            </TextLine>
            <TextLine id="r1l62" custom="readingOrder {index:61;}">
                <Coords points="413,2530 1558,2520 1657,2503 1657,2446 412,2463"/>
                <Baseline points="429,2515 489,2514 550,2514 610,2513 671,2513 732,2512 792,2512 853,2512 913,2511 974,2511 1035,2511 1095,2510 1156,2509 1216,2509 1277,2508 1338,2507 1398,2506 1459,2504 1519,2503 1580,2500 1641,2498"/>
                <TextEquiv>
                    <Unicode>Kreis jener jungen Literaten nahe, die sich um Hermann</Unicode>
                </TextEquiv>
            </TextLine>
            <TextLine id="r1l63" custom="readingOrder {index:62;}">
                <Coords points="428,2573 1667,2571 1630,2508 428,2521"/>
                <Baseline points="442,2559 502,2560 562,2560 623,2560 683,2560 744,2560 804,2560 865,2559 925,2558 986,2557 1046,2556 1106,2555 1167,2555 1227,2554 1288,2553 1348,2553 1409,2552 1469,2552 1530,2552 1590,2552 1651,2553"/>
                <TextEquiv>
                    <Unicode>Bahr scharten und seine literarischen Anfänge wiesen auf</Unicode>
                </TextEquiv>
            </TextLine>
            <TextLine id="r1l64" custom="readingOrder {index:63;}">
                <Coords points="426,2625 1010,2636 1203,2597 1267,2623 1333,2583 1379,2625 1516,2629 1666,2557 425,2565"/>
                <Baseline points="440,2612 500,2611 561,2610 621,2609 682,2609 743,2608 803,2607 864,2606 925,2605 985,2605 1046,2604 1107,2603 1167,2602 1228,2601 1289,2600 1349,2599 1410,2599 1471,2598 1531,2597 1592,2597 1653,2596"/>
                <TextEquiv>
                    <Unicode>eine gewisse Formverwandtheit mit den ersten Werken</Unicode>
                </TextEquiv>
            </TextLine>
            <TextLine id="r1l65" custom="readingOrder {index:64;}">
                <Coords points="432,2688 526,2693 571,2656 777,2674 804,2658 958,2665 982,2655 982,2631 924,2608 431,2616"/>
                <Baseline points="448,2657 473,2658 499,2658 525,2659 551,2659 577,2658 603,2658 629,2658 655,2657 681,2657 707,2656 732,2655 758,2655 784,2654 810,2654 836,2653 862,2653 888,2652 914,2652 940,2652 966,2653"/>
                <TextEquiv>
                    <Unicode>Hugo v. Hoffmannsthals.</Unicode>
                </TextEquiv>
            </TextLine>
            <TextLine id="r1l66" custom="readingOrder {index:65;}">
                <Coords points="543,2713 1194,2723 1663,2681 1662,2642 1478,2623 542,2664"/>
                <Baseline points="557,2704 611,2704 666,2703 720,2703 775,2703 829,2702 884,2702 938,2701 993,2700 1047,2700 1102,2699 1157,2698 1211,2698 1266,2697 1320,2696 1375,2696 1429,2695 1484,2694 1538,2693 1593,2693 1648,2692"/>
                <TextEquiv>
                    <Unicode>Freiherr v. Andrian zog sich später von der Literatur</Unicode>
                </TextEquiv>
            </TextLine>
            <TextLine id="r1l67" custom="readingOrder {index:66;}">
                <Coords points="422,2755 1609,2753 1666,2749 1666,2683 422,2722"/>
                <Baseline points="437,2751 497,2750 558,2749 619,2749 680,2749 740,2749 801,2749 862,2749 923,2749 983,2749 1044,2749 1105,2749 1166,2749 1226,2749 1287,2748 1348,2747 1409,2746 1469,2744 1530,2742 1591,2740 1652,2736"/>
                <TextEquiv>
                    <Unicode>in die Diplomatie zurück und war vorerst den Gesandt¬</Unicode>
                </TextEquiv>
            </TextLine>
            <TextLine id="r1l68" custom="readingOrder {index:67;}">
                <Coords points="435,2815 1664,2802 1633,2742 434,2758"/>
                <Baseline points="451,2800 510,2799 570,2798 630,2798 690,2798 750,2798 810,2798 870,2797 930,2797 990,2797 1050,2797 1109,2797 1169,2797 1229,2796 1289,2796 1349,2795 1409,2794 1469,2792 1529,2790 1589,2788 1649,2786"/>
                <TextEquiv>
                    <Unicode>schaften in Athen, in Rio de Janeiro und Buenos Aires</Unicode>
                </TextEquiv>
            </TextLine>
            <TextLine id="r1l69" custom="readingOrder {index:68;}">
                <Coords points="433,2857 1581,2850 1662,2840 1662,2780 433,2814"/>
                <Baseline points="447,2849 510,2848 573,2847 636,2846 699,2845 762,2845 825,2844 888,2844 951,2844 1014,2844 1078,2843 1141,2843 1204,2843 1267,2842 1330,2841 1393,2840 1456,2838 1519,2837 1582,2834 1646,2831"/>
                <TextEquiv>
                    <Unicode>zugeteilt. Späterhin wirkte er an der Botschaft in Peters¬</Unicode>
                </TextEquiv>
            </TextLine>
            <TextLine id="r1l70" custom="readingOrder {index:69;}">
                <Coords points="432,2900 1677,2891 1652,2840 1413,2833 432,2857"/>
                <Baseline points="448,2895 508,2895 569,2894 629,2894 690,2893 751,2893 811,2892 872,2892 932,2892 993,2891 1054,2891 1114,2891 1175,2890 1235,2889 1296,2889 1357,2888 1417,2887 1478,2886 1538,2885 1599,2884 1660,2883"/>
                <TextEquiv>
                    <Unicode>burg als Legationssekretär. Nach längerer Tätigkeit in</Unicode>
                </TextEquiv>
            </TextLine>
            <TextLine id="r1l71" custom="readingOrder {index:70;}">
                <Coords points="431,2947 1609,2945 1657,2893 431,2902"/>
                <Baseline points="446,2942 505,2942 565,2942 625,2942 685,2942 745,2941 804,2941 864,2940 924,2939 984,2938 1044,2937 1103,2936 1163,2935 1223,2934 1283,2933 1343,2932 1402,2932 1462,2932 1522,2931 1582,2931 1642,2932"/>
                <TextEquiv>
                    <Unicode>Bukarest und Athen kam Freiherr v. Andrian als Lega¬</Unicode>
                </TextEquiv>
            </TextLine>
            <TextLine id="r1l72" custom="readingOrder {index:71;}">
                <Coords points="426,2991 1652,3004 1666,2922 425,2952"/>
                <Baseline points="442,2991 502,2991 563,2991 623,2990 684,2990 744,2989 805,2988 865,2987 926,2986 986,2985 1047,2984 1108,2982 1168,2981 1229,2980 1289,2979 1350,2978 1410,2978 1471,2977 1531,2977 1592,2977 1653,2977"/>
                <TextEquiv>
                    <Unicode>tionsrat in das Ministerium des Aeußern und bald darauf</Unicode>
                </TextEquiv>
            </TextLine>
            <TextLine id="r1l73" custom="readingOrder {index:72;}">
                <Coords points="426,3057 1664,3025 1645,2979 425,2991"/>
                <Baseline points="440,3040 500,3039 561,3038 621,3038 682,3037 742,3037 803,3036 863,3036 924,3035 984,3034 1045,3033 1105,3032 1166,3032 1226,3030 1287,3029 1347,3028 1408,3026 1468,3024 1529,3022 1589,3020 1650,3018"/>
                <TextEquiv>
                    <Unicode>wurde er mit der Leitung des österreichisch=ungarischen Ge¬</Unicode>
                </TextEquiv>
            </TextLine>
            <TextLine id="r1l74" custom="readingOrder {index:73;}">
                <Coords points="435,3094 1664,3075 1639,3021 435,3051"/>
                <Baseline points="450,3089 510,3087 570,3086 630,3085 690,3085 750,3084 810,3083 870,3082 930,3082 990,3081 1050,3081 1110,3080 1170,3079 1230,3078 1290,3077 1350,3076 1410,3075 1470,3073 1530,3071 1590,3069 1650,3067"/>
                <TextEquiv>
                    <Unicode>neralkonsulats in Warschau betraut. Nach Ausbruch der Feind¬</Unicode>
                </TextEquiv>
            </TextLine>
            <TextLine id="r1l75" custom="readingOrder {index:74;}">
                <Coords points="437,3142 1660,3120 1638,3072 436,3094"/>
                <Baseline points="451,3136 510,3135 570,3135 629,3134 689,3133 749,3132 808,3131 868,3130 927,3130 987,3129 1047,3127 1106,3127 1166,3125 1225,3124 1285,3123 1345,3122 1404,3121 1464,3121 1523,3120 1583,3119 1643,3119"/>
                <TextEquiv>
                    <Unicode>seligkeiten mit Rußland trat er neuerdings in die Dienste</Unicode>
                </TextEquiv>
            </TextLine>
            <TextLine id="r1l76" custom="readingOrder {index:75;}">
                <Coords points="436,3189 1650,3185 1667,3121 435,3140"/>
                <Baseline points="452,3182 512,3182 572,3182 632,3182 692,3181 752,3181 812,3180 872,3179 932,3179 992,3178 1052,3177 1112,3176 1172,3175 1232,3174 1292,3173 1352,3172 1412,3171 1472,3170 1532,3169 1592,3169 1652,3168"/>
                <TextEquiv>
                    <Unicode>des Ministeriums des Aeußern und ging dann nach dem</Unicode>
                </TextEquiv>
            </TextLine>
            <TextLine id="r1l77" custom="readingOrder {index:76;}">
                <Coords points="423,3239 1658,3214 1657,3181 1551,3173 422,3197"/>
                <Baseline points="439,3232 499,3232 559,3231 619,3231 679,3230 740,3229 800,3228 860,3227 920,3226 980,3225 1041,3224 1101,3223 1161,3222 1221,3221 1281,3220 1342,3219 1402,3218 1462,3217 1522,3216 1582,3216 1643,3215"/>
                <TextEquiv>
                    <Unicode>Fall von Warschau als Vertreter dieses Ministeriums</Unicode>
                </TextEquiv>
            </TextLine>
            <TextLine id="r1l78" custom="readingOrder {index:77;}">
                <Coords points="428,3290 1558,3287 1648,3271 1648,3222 428,3242"/>
                <Baseline points="443,3280 502,3280 562,3279 621,3278 681,3278 740,3277 800,3276 859,3275 919,3274 978,3274 1038,3273 1098,3272 1157,3271 1217,3270 1276,3269 1336,3267 1395,3266 1455,3265 1514,3264 1574,3262 1634,3261"/>
                <TextEquiv>
                    <Unicode>wieder nach Warschau zurück. Seit länger als einem Jahr</Unicode>
                </TextEquiv>
            </TextLine>
            <TextLine id="r1l79" custom="readingOrder {index:78;}">
                <Coords points="430,3331 1662,3331 1668,3276 429,3286"/>
                <Baseline points="445,3324 505,3323 565,3323 626,3322 686,3322 746,3321 807,3321 867,3320 927,3320 988,3319 1048,3318 1108,3317 1169,3316 1229,3316 1289,3315 1350,3314 1410,3313 1470,3312 1531,3310 1591,3309 1652,3308"/>
                <TextEquiv>
                    <Unicode>ist Baron Andrian von neuem dem Ministerium des</Unicode>
                </TextEquiv>
            </TextLine>
            <TextLine id="r1l80" custom="readingOrder {index:79;}">
                <Coords points="430,3376 1662,3381 1661,3315 429,3330"/>
                <Baseline points="445,3373 505,3373 565,3372 625,3372 685,3371 745,3371 805,3370 865,3369 925,3368 985,3367 1045,3366 1105,3366 1165,3364 1225,3363 1285,3362 1345,3361 1405,3360 1465,3359 1525,3358 1585,3357 1646,3356"/>
                <TextEquiv>
                    <Unicode>Aeußern in Wien zugeteilt gewesen. Freiherr v. Andrian</Unicode>
                </TextEquiv>
            </TextLine>
            <TextLine id="r1l81" custom="readingOrder {index:80;}">
                <Coords points="427,3424 1635,3417 1670,3347 426,3378"/>
                <Baseline points="443,3422 503,3421 564,3420 624,3419 685,3418 746,3417 806,3416 867,3415 927,3415 988,3414 1049,3413 1109,3413 1170,3412 1230,3411 1291,3410 1352,3409 1412,3407 1473,3406 1533,3404 1594,3402 1655,3401"/>
                <TextEquiv>
                    <Unicode>ist der Sohn des hervorragenden Anthropologen Ferdinand</Unicode>
                </TextEquiv>
            </TextLine>
            <TextLine id="r1l82" custom="readingOrder {index:81;}">
                <Coords points="439,3479 1662,3455 1634,3410 438,3427"/>
                <Baseline points="455,3469 514,3468 574,3468 633,3467 693,3466 753,3466 812,3465 872,3464 931,3463 991,3463 1051,3462 1110,3461 1170,3460 1229,3459 1289,3458 1349,3457 1408,3456 1468,3455 1527,3454 1587,3452 1647,3451"/>
                <TextEquiv>
                    <Unicode>Freiherrn v. Andrian=Wernburg, seine Mutter ist die jüngere</Unicode>
                </TextEquiv>
            </TextLine>
            <TextLine id="r1l83" custom="readingOrder {index:82;}">
                <Coords points="427,3524 1232,3504 1417,3537 1607,3522 1664,3455 426,3473"/>
                <Baseline points="443,3519 503,3517 563,3516 623,3515 684,3514 744,3513 804,3512 864,3511 925,3511 985,3510 1045,3509 1105,3508 1166,3507 1226,3506 1286,3506 1346,3505 1407,3504 1467,3503 1527,3502 1587,3501 1648,3500"/>
                <TextEquiv>
                    <Unicode>Tochter des Komponisten Meyerbeer. Der neue General¬</Unicode>
                </TextEquiv>
            </TextLine>
            <TextLine id="r1l84" custom="readingOrder {index:83;}">
                <Coords points="444,3579 1213,3573 1212,3515 1188,3513 444,3525"/>
                <Baseline points="459,3562 496,3562 533,3562 570,3562 607,3562 644,3561 681,3561 718,3561 755,3560 792,3560 829,3559 866,3559 903,3558 940,3558 977,3557 1014,3557 1051,3556 1088,3555 1125,3555 1162,3554 1199,3553"/>
                <TextEquiv>
                    <Unicode>intendant steht im 43. Lebensjahre.</Unicode>
                </TextEquiv>
            </TextLine>
            <TextLine id="r1l85" custom="readingOrder {index:84;}">
                <Coords points="656,3650 1440,3632 1440,3574 1327,3557 1294,3579 1237,3552 1164,3584 1019,3564 656,3583"/>
                <Baseline points="670,3629 707,3628 745,3627 783,3626 821,3625 858,3624 896,3624 934,3624 972,3623 1009,3623 1047,3623 1085,3623 1123,3623 1160,3622 1198,3622 1236,3622 1274,3621 1311,3621 1349,3620 1387,3618 1425,3617"/>
                <TextEquiv>
                    <Unicode>Die Persönlichkeit Baron Andrians.</Unicode>
                </TextEquiv>
            </TextLine>
            <TextLine id="r1l86" custom="readingOrder {index:85;}">
                <Coords points="549,3702 1633,3690 1687,3662 1686,3604 1157,3651 548,3644"/>
                <Baseline points="565,3695 620,3694 675,3693 730,3692 786,3691 841,3690 896,3689 952,3687 1007,3686 1062,3685 1118,3684 1173,3683 1228,3682 1283,3681 1339,3680 1394,3679 1449,3678 1505,3677 1560,3676 1615,3675 1671,3675"/>
                <TextEquiv>
                    <Unicode>Zurzeit, da das Café Griensteidl Sammelpunkt der</Unicode>
                </TextEquiv>
            </TextLine>
            <TextLine id="r1l87" custom="readingOrder {index:86;}">
                <Coords points="424,3740 1675,3746 1673,3665 423,3700"/>
                <Baseline points="439,3737 500,3738 561,3738 622,3739 683,3739 744,3738 805,3738 866,3737 927,3736 988,3735 1049,3734 1110,3733 1171,3732 1232,3731 1293,3730 1354,3729 1415,3727 1476,3726 1537,3725 1598,3724 1659,3724"/>
                <TextEquiv>
                    <Unicode>Wiener Literatur war und Hermann Bahr ihr Verkünder,</Unicode>
                </TextEquiv>
            </TextLine>
            <TextLine id="r1l88" custom="readingOrder {index:87;}">
                <Coords points="429,3805 1474,3796 1685,3774 1684,3710 428,3741"/>
                <Baseline points="445,3789 506,3789 567,3788 628,3787 689,3786 751,3785 812,3784 873,3783 934,3783 995,3782 1057,3780 1118,3779 1179,3778 1240,3777 1301,3776 1363,3775 1424,3773 1485,3772 1546,3771 1607,3770 1669,3768"/>
                <TextEquiv>
                    <Unicode>erschien eines Tages im Verlag S. Fischer, Berlin, ein</Unicode>
                </TextEquiv>
            </TextLine>
            <TextLine id="r1l89" custom="readingOrder {index:88;}">
                <Coords points="440,3844 1690,3822 1665,3774 439,3786"/>
                <Baseline points="456,3834 516,3834 577,3833 638,3832 699,3831 760,3830 821,3829 882,3828 943,3827 1004,3826 1065,3824 1125,3823 1186,3821 1247,3820 1308,3819 1369,3818 1430,3817 1491,3817 1552,3816 1613,3816 1674,3816"/>
                <TextEquiv>
                    <Unicode>dünnes Bändchen. „Der Garten der Erkenntnis“, und als</Unicode>
                </TextEquiv>
            </TextLine>
            <TextLine id="r1l90" custom="readingOrder {index:89;}">
                <Coords points="440,3892 1681,3887 1683,3817 439,3843"/>
                <Baseline points="456,3882 516,3882 577,3881 637,3881 698,3880 759,3879 819,3878 880,3877 941,3876 1001,3874 1062,3873 1123,3871 1183,3870 1244,3869 1305,3867 1365,3866 1426,3865 1487,3864 1547,3863 1608,3863 1669,3863"/>
                <TextEquiv>
                    <Unicode>Autor zeichnete ein neuer Name: Leopold Andrian. Die</Unicode>
                </TextEquiv>
            </TextLine>
            <TextLine id="r1l91" custom="readingOrder {index:90;}">
                <Coords points="432,3944 1276,3912 1567,3944 1694,3923 1694,3887 431,3893"/>
                <Baseline points="447,3935 508,3932 570,3929 631,3927 693,3925 755,3923 816,3922 878,3920 939,3918 1001,3917 1063,3916 1124,3915 1186,3915 1247,3914 1309,3914 1371,3913 1432,3913 1494,3913 1555,3913 1617,3913 1679,3913"/>
                <TextEquiv>
                    <Unicode>junge Generation des damaligen Wien, Hermann Bahr,</Unicode>
                </TextEquiv>
            </TextLine>
            <TextEquiv>
                <Unicode>—
box 41/6
1. Miscellaneens
Mclidt, Wepte 
Hugo v. Hofmansthal, der damals als Loris plötzlich
in der Wiener Literatur erschien, Richard Beer=Hof¬
lmann, dessen erste lyrische Arbeiten eben erschienen
„Theater und Kunst.
waren, Peter Alienberg, Artur Schwützler 2c. ver¬
sammelten sich allabendlich in den maumen des Casé
Exnennung eines Generaliniendauken
Griensteidl am Michaelerplatz, wo die neue Literatur förm¬
lich gegründet wurde. Damals tauchte plötzlich der Name
der Hoftheater.
Leopold Andrians auf und hatte die Wirkung eines Kampf¬
rufes. Hermann Bahr trat mit hymnischer Begeisterung für
(Gesandter Leopold Freiherr v. Andrian=Wernburg
des jungen Andrian Erstlingswerk, den „Garten der Er¬
Generalintendant per Hoftheater.
kenntnis“, ein und prophezeite Oesterreich einen neuen
Dichter. In jenem Kreise der Wiener Literatur wurde zu
Die heutige „Wiener Zeitung“ veröffentlicht die Ernen¬
dieser Zeit die Zeitschrift „Liebelei“ gegründet, die
nung des Gesandten und Bevollmächtigten im Ministerium
ihren Namen von Schnitzlers eben mit Erfolg gespieltem
des Aeußern Leopold Freiherr v. Andrian=Wernburg
neuen Werk nahm. Der Herausgeber dieser Zeitschrift war
zum Generalintendanten der Hoftheater.
Leopold v. Andrian. Im Rahmen dieser Blätter erschienen
Bekanntlich hatte man seit Jahren von der Besetzung der
u. a. die ersten Arbeiten Peter Altenbergs. Die Zeitschrift
Stelle eines Generalintendanten der Hoftheater Abstand
existierte nur einige Monate.
genommen und der Obersthofmeister Fürst Montenuovo
Leopold v. Andrian übergab der Oeffentlichkeit
und späterhin Prinz Hohenlohe versahen die Agenden eines
weiterhin keinerlei literarische Arbeiten mehr. Er suchte die
Generalintendanten. Der neue Obersthofmeister Graf
diplomatische Karriere und hatte als Vertreter des Mini¬
Hunyady hat sich nun entschlossen, die Stelle eines General¬
steriums des Aeußern Gelegenheit, viele Reisen zu unter¬
intendanten der Hoftheater wieder zu besetzen. Die Wahl
nehmen. Auch in dieser Zeit seiner politischen Arbeit unter¬
der maßgebenden Kreise fiel auf Baron Andrian, der in
hielt er ständig. Verkehr mit seinen literarischen Freunden
seiner Jugend selbst zur Literatur gehörte und späterhin in
und zeigte für die Entwicklung der modernen Literatur stets
seiner Diplomatenkarriere den Kontakt mit der literarischen
Bewegung Oesterreichs und Deutschlands ständig aufrecht= Anteilnahme und großes Interesse. Dem Burgtheater ist
er von Jugend her ein treuer Freund und herzlicher Be¬
erhielt. Der neue Generalintendant war Mitte der neunziger
wunderer gewesen. Es war ihm ja vergönnt, die große Zeit
Jahre eine Zeitlang Mittelpunkt der damaligen Wiener
dieses Theaters noch mitzuerleben und er ist auch ein
literarischen Bewegung. Sein Erstlingswerk, die Novelle
großer Bewunderer der Mahlerschen Kunst gewesen.
„Der Garten der Erkenntnis“, das für die
Oeffentlichkeit fast seine einzige Arbeit blieb, weckte in den
Kreisen der jungen Wiener Literatur laute Anerkennung
und man begrüßte mit enthusiastischen Worten einen
jungen, neuen und eigenen Dichter. Andrian stand dem
Kreis jener jungen Literaten nahe, die sich um Hermann
Bahr scharten und seine literarischen Anfänge wiesen auf
eine gewisse Formverwandtheit mit den ersten Werken
Hugo v. Hoffmannsthals.
Freiherr v. Andrian zog sich später von der Literatur
in die Diplomatie zurück und war vorerst den Gesandt¬
schaften in Athen, in Rio de Janeiro und Buenos Aires
zugeteilt. Späterhin wirkte er an der Botschaft in Peters¬
burg als Legationssekretär. Nach längerer Tätigkeit in
Bukarest und Athen kam Freiherr v. Andrian als Lega¬
tionsrat in das Ministerium des Aeußern und bald darauf
wurde er mit der Leitung des österreichisch=ungarischen Ge¬
neralkonsulats in Warschau betraut. Nach Ausbruch der Feind¬
seligkeiten mit Rußland trat er neuerdings in die Dienste
des Ministeriums des Aeußern und ging dann nach dem
Fall von Warschau als Vertreter dieses Ministeriums
wieder nach Warschau zurück. Seit länger als einem Jahr
ist Baron Andrian von neuem dem Ministerium des
Aeußern in Wien zugeteilt gewesen. Freiherr v. Andrian
ist der Sohn des hervorragenden Anthropologen Ferdinand
Freiherrn v. Andrian=Wernburg, seine Mutter ist die jüngere
Tochter des Komponisten Meyerbeer. Der neue General¬
intendant steht im 43. Lebensjahre.
Die Persönlichkeit Baron Andrians.
Zurzeit, da das Café Griensteidl Sammelpunkt der
Wiener Literatur war und Hermann Bahr ihr Verkünder,
erschien eines Tages im Verlag S. Fischer, Berlin, ein
dünnes Bändchen. „Der Garten der Erkenntnis“, und als
Autor zeichnete ein neuer Name: Leopold Andrian. Die
junge Generation des damaligen Wien, Hermann Bahr,</Unicode>
            </TextEquiv>
        </TextRegion>
    </Page>
</PcGts>
