3344 4320
1236 268 1684 365 box 41/6
278 283 1075 388 Miscellancons
947 1351 1160 1451 15 V1. 10
570 1415 1352 1519 Oesterr. mbung. Wie
731 1480 1183 1585 (Kleine Ansgebei
446 1526 1457 1688 Ein Protestgegen die Erschießung
818 1668 1091 1762 Tollers.
444 1741 1463 1816 Gefälschte Unterschriften des Präsidenten Seitz
552 1797 1361 1857 und des Staatssekretärs Dr. Bauer.
534 1848 1460 1914 Die sozialdemokratische „Münchner Post“ ver¬
455 1880 1455 1970 öffentlichte vorgestern eine- Mitteilung, daß der
454 1937 1456 2004 bayrische Ministerpräsident Hoffmann aus
451 1979 1458 2048 Wien ein Telegramm erhalten habe, in
460 2025 1455 2113 welchem gegen die beabsichtigte Erschießung des in
456 2067 1454 2130 München verhafteten Spartacisten Ernst Tolles
449 2114 1445 2188 protestiert wird, und zwar habe das Telegramm
455 2168 1437 2212 unter anderen die folgenden Unterschriften ge¬
446 2206 1447 2279 tragen: Seitz, Dr. Otto Bauer, Tandler,
459 2255 1442 2326 Friedrich Adler, Hermann Bahr, Artur Schnitzler,
458 2293 1451 2363 Moisi, Ida Roland, Hofmannsthal, Stefhall Zweig,
445 2351 1440 2404 Beer=Hofmann. Das Münchner Blatt hatte be¬
451 2394 1448 2460 merkt, daß die Erschießung Tollers nicht beabsichtigt
454 2437 1450 2486 sei, und hatte gleichzeitig in deutlicher Form den
455 2480 1448 2528 Wiener Protest als einen ungebührlichen Eingriff in
445 2523 1440 2579 bayrische Angelegenheiten mit dem Bemerken zurück¬
449 2571 1440 2622 gewiesen, daß man von den Wiener Intellektuellen
454 2616 1444 2670 nichts hörte, wie die Spartacisten in München ihre
446 2655 1007 2722 blutigen Taten vollführten.
530 2712 1436 2783 Nun stellt sich aber heraus — wie uns mit¬
447 2761 1445 2813 geteilt wird — daß zumindest ein Teil der Unter¬
452 2808 1448 2866 schriften auf jenem Protesttelegramm, vor allem die
458 2856 1449 2903 Unterschriften der deutschösterreichischen
455 2897 1442 2961 staatlichen Funktionäre, des Präsi¬
426 2947 1453 3003 denten Seit und des Staatssekretärs
409 3000 1403 3068 Dr. Bauer, gefälscht war, beziehungsweise
400 3044 1410 3114 daß ein Mißbrauch mit diesen Namen
407 3089 673 3149 vorliegt.
493 3118 1408 3198 Schriftsteller Dr. Artur Schnitzler ersucht
401 3190 1406 3243 uns gleichfalls, mitzuteilen, daß ihm ein Telegramm
411 3228 1414 3268 an den Ministerpräsidenten Hoffmann zur Einsicht¬
399 3271 1417 3335 nahme oder gar zur Unterschrift niemals vor¬
406 3317 664 3392 gelegen hat.
2126 197 2280 266 —.
2191 1501 2286 1613 13
2319 1566 2447 1621 . 101
2043 1615 2713 1714 Wiener Mitlags-Soltung
1890 1672 2081 1754 #1 G.che
1756 1689 2670 1788 Arigten und die Aktion
2016 1767 2387 1849 für Toller.
1824 1822 2651 1905 Dr. Artur Schnitzler veröffentlicht
1756 1883 2656 1966 heute in den Wiener Morgenblättern einen
1757 1936 2652 1991 Protest gegen den Mißbrauch seiner Unterschrift
1766 1977 2653 2048 anläßlich des von Wiener Intellektuellen an
1755 2023 2653 2090 Ministerpräsident Hoffmann abgesandten
1752 2082 2664 2139 telegraphischen: Begnadigungsgesuches für Ernst
1766 2112 2660 2187 Toller. Artur Schnitzler erwähnt dabei unser
1769 2172 2657 2241 Blatt als die Quelle, aus der er erst Kenntnis
1773 2217 2664 2285 von jenem Telagramm und seiner angeblichen
1763 2276 2600 2341 Peteibonnacon Meter Pelition erhatten hat¬
1834 2305 2699 2372 Wir stellen hiezu ledigtich fest, daß die von¬
1755 2338 2678 2413 uns gebrachte Nachricht vollkommen des
1748 2389 2699 2468 Tatiachenentsprach und im übrigen nur
1735 2463 1878 2508 —.
1738 2475 2432 2526 E Anmmgemm
1766 2506 2688 2577 eine mit der Meldung der „Münchner Post“,
1777 2555 2691 2625 an die die Wiener Verfasser des Telegramms
1778 2598 2699 2680 eine Kopie desselben abgeschickt halten, überein¬
1779 2645 2692 2726 stimmte. Nach beiden Meldungen befand sich der
1773 2695 2687 2754 Namen Artur Schnitzlers tatsächlich unter
1791 2735 2692 2810 den Unterzeichnern jenes Telegramms, doch
1784 2807 1828 2844 (*
1777 2789 2694 2860 laßt es die Natur der ganzen Aktion wohl für
1777 2846 2698 2911 ausgeschlossen gelten, daß Schnitzlers Name in
1783 2888 2691 2967 irgend einer unlauteren Absicht verwendet wor¬
1782 2915 2701 3007 den sei. Offenbar haben übereifrige
1785 2981 2704 3056 Fraunde des Dichters ohne dessen Wissen die
1797 3033 2703 3107 Ermächtigung erteilt, seinen Namen unter diese
1797 3080 2692 3150 Depesche zu setzen, bei deren Abfassung die Ini¬
1796 3129 2707 3198 tiatoren dieses Gedankens allerdings stets be¬
1794 3184 2693 3243 tonten, daß große Eile nottue, denn nach in
1797 3223 2705 3299 Wien umlaufenden erfreulicherweise unrichtigen
1797 3271 2716 3339 Gerüchten sollte die Hinrichtung Tollers bereits
1801 3330 2256 3388 unmittelbar bevorstehen.
