3344 4384
1222 362 1682 471 box 41/6
214 371 1121 478 1. Miscellaneons
564 694 773 789 1978
312 784 1171 866 Beiiner Börsen Courier, Berlin
520 841 976 936 Morgenausgabe
326 1033 1292 1123 Schriftstellerprotest gegen Wiener Zenfur¬
255 1111 1295 1164 verfügungen. Hermann Bahr, Franz Blei,
263 1151 1303 1205 Artür Schnitlr Jakob Wassermann,
268 1182 1313 1235 Franz Werfel u. a. haben nachstehenden Protest
266 1226 1305 1275 gegen die Wiener Zensurverbote der Stücke von
260 1270 1299 1334 Schickele und Claudel den dortigen Blättern
259 1302 528 1365 übermittel!:
321 1352 1297 1404 „Wie unterzeichneten Schriftsteller fühlen uns zu einem
238 1385 1320 1448 Protest gegen das amtliche Verbot veranlaßt, mit dem man,
252 1429 1288 1466 die Aufführungen der Werke von Schickele und Claudel
264 1461 1295 1519 belegt hat. Wir sindch es eines Kulturvolks un¬
257 1499 1296 1533 Bürdig, wenn Angelegenheiten der Kunst vom politischen
250 1527 1301 1593 Standpunkt aus beurteilt werden. Es wird durch solche
245 1559 1289 1622 *Vermengung der Kunst mit der Politik der Kunst ge¬
271 1592 1291 1655 schadet und der Politik nicht genützt. Die Erfüllung
269 1629 1300 1689 unserer staatsbürgerlichen Pflichten wird in keiner Weise
255 1676 1300 1751 davon behindert, daß wit dem menschlichen Genius huldi¬
288 1714 1180 1786 en, in welcher Nation immer er Gestalt annimmt“
793 1841 1565 2047 eroer, Wägs. 1914
565 2117 1663 2248 Theater, Kunst, Musik.
860 2247 1367 2334 Hofburgtheater.
589 2307 1680 2404 Wieder einmal steht das Hofburgtheater im Mittel¬
525 2386 1684 2439 punkt (einer „Affäre oder besser: von unausgesetzten
536 2426 1683 2483 „Affären: Im Hause selbst weiß man freilich nichts
528 2467 1682 2536 von ihnen, man hat inmitten der tüchtigen und rührigen
535 2521 1681 2577 Arbeit, die geleistet wird, offenbar gar nicht Zeit, dar¬
535 2566 1683 2615 über nachzudenken, was in aller Welt denn die gewissen
537 2622 1687 2680 Zeitungen eigentlie mit der jeweiligen neuesten
529 2674 1695 2722 „Affäre“ meinen können. Auch das Publikum ist er¬
525 2703 1686 2782 staunt. Es sieht in diesem Theater sehr anständige Neu¬
526 2773 1684 2822 aufführungen alter Werke, es hat unlängst einer Neu¬
531 2811 1694 2867 heit, dem Drama „Hildebrand“ von Lilienfein, begeister¬
530 2851 1686 2910 ten Beifall gezollt, es ist zufrieden. Auch der Kassier ist
526 2899 1689 2955 zufrieden. Nur die gewisse Wiener Presse ist unzufrie¬
520 2950 1686 3014 den. Sie erfindet morgens und mittags und abends
528 2995 1682 3058 unermüdlich „Affären“. Beispielsweise: Fall Bleibtreu.
530 3025 1680 3103 Die Künstlerin fühlte sich zurückgesetzt und unbefriedigt.
522 3089 1681 3159 Sie glaubte sich zu spärlich mit neuen Rollen bedacht
530 3136 1680 3196 und fand ihr Einkommen zu gering. Derlei ist vorge¬
521 3196 1684 3254 kommen, seit Theater bestehen, und wird vorkommen,
534 3234 1703 3294 solange es solche gibt. Wochenlang wurde der „Fall¬
525 3291 1692 3343 Bleibtreu“ durch die Blätter geschleift, in Feuilletons,
532 3328 1702 3391 in Tagesberichtsartikeln. Es regnete giftige Hiebe gegen
532 3379 1702 3439 den Burgtheaterdirektor, obwohl sich jeder Schuljunge
535 3427 1705 3504 sagen muß, daß er zumindest für die angeblich zu geringe
536 3475 1695 3525 Gage der Frau Bleibtreu nicht verantwortlich gemacht
522 3515 1695 3564 werden kann. Plötzlich trat Stille ein. Was war ge¬
526 3561 1706 3637 schehen? Dem Direktor war es gelungen, mit der burg¬
530 3615 1704 3674 theatermüden Künstlerin eine Einigung zu erzielen.
530 3671 1696 3723 Das stand in den Zeitungen, die es überhaupt brachten,
533 3721 1699 3767 als versteckte, zweizeilige Notiz. Es war nämlich ein
528 3752 1704 3804 offensichtliches Verdienst des Direktors, daß uns die ge¬
525 3804 1696 3854 schätzte Künstlerin erhalten blieb. Und von Verdiensten
530 3848 1708 3922 des Herrn v. Millenkovich wird die Presse, von der hier
523 3906 1698 3959 die Rede ist, niemals, sicher niemals etwas wissen. Das
528 3962 1701 4005 stand in jener Sekunde fest, in der ihm in seiner An¬
533 3975 1706 4054 trittsrede das Wort vom christlich=germanischen Schön¬
531 4039 1697 4095 heitsideale über die Lippen kam, dieses Wort, das ihm
536 4099 1709 4147 die christlich=deutsche Bevölkerung hoch anschrieb und das
538 4131 1704 4199 den anderen so bös in die Knochen gefahren ist, ein
538 4182 1705 4253 kühnes, tapferes, ehrliches Wort. — Also der „Fall
535 4230 1701 4272 A###t### # „„„rlohtat. Mo nun geschwind eine
1784 1766 2148 1872 29. Mai 1978.
2076 1807 2633 1908 A
1636 1819 1781 1917 B
1707 1897 2874 1988 fall Ausdruck zu geben, wurde aber niebergezischt. Mar
1698 1958 2842 2019 sah ihn erstaunt an, ob er denn die „heutigen Blätter“
1697 2009 2869 2066 nicht gelesen habe? Na also! Da stand doch, daß die ger¬
1695 2048 2874 2109 manische Heldenwelt ein Humbug sei, zu der wir keine
1700 2097 2880 2152 Beziehungen mehr haben! Da war doch über den „Hilde¬
1688 2144 2863 2219 brand“ so gewitzelt, daß sich wirklich kein „besserer.
1696 2196 2860 2258 Mensch mehr trauen durfte zu sagen, das Stück geszue
1708 2243 2862 2297 ihm. — Es ist die selbstverständliche Freiheit der Kritik.
1704 2288 2884 2348 ein Stück zu loben oder es abzulehnen. Sehr fraglich aber
1696 2337 2868 2395 scheint uns, ob die Kritik das Recht hat, den Wert eines
1705 2394 2875 2448 ernsten Bühnenwerkes durch Späße und satirische Glos¬
1699 2434 2859 2489 sen unsachlicher Art so geschickt in das Gebiet des Lächer¬
1703 2485 2860 2540 lichen hinüberzuschwindeln (wohin ja bekanntlich vom
1705 2531 2865 2584 Erhabenen nur ein Schritt ist), daß kaum mehr ei Zu¬
1704 2568 2865 2641 schauer wagt, seine andere Ansicht über die Dichte g
1706 2623 2091 2693 merken zu lassen.
1780 2679 2857 2744 Nun sind auch die Kaffeehauswitze über „Hilde¬
1701 2731 2873 2788 brand“ allgemach verebbt und man kann auf die neueste
1702 2788 2871 2841 „Burgtheateraffäre“ neugierig sein. Sie wird nicht lange
1707 2833 2855 2887 auf sich warten lassen, denn die Phantasie der Leute, die
1701 2878 2864 2925 berufsmäßig solche „Affären“ erfinden, ist üppig genug.
1705 2919 2871 2983 Gestern fragte uns eine literarische Jüdin: „Wissen Sie
1704 2971 2829 3036 schon, daß der Millenkovich bereits gegangen ist?“
1710 3029 2856 3080 „Schon?“ erwiderten wir kühl. „Vielleicht eilen Ihre
1700 3058 2845 3119 Wünsche den Tatsachen doch etwas gar zu weit voraus.“
1704 3107 2879 3193 Man stirbt glücklicherweise nicht daran, daß hundert¬
1705 3160 2603 3222 Totengräber schon an der Grube schaufeln.
2302 3219 2465 3264 —
