3296 4352
2013 179 2210 272 —
1160 265 1623 378 box 42/1
150 264 1042 393 1. Miscellancons
1581 979 3304 1108 lichen Verhältnis von Dauer zusammengesunden. Aus dem Brief=sich noch mehr von Ihn
738 1017 1271 1149 Feuilleton.
1592 1057 3304 1153 wechsel der beiden geistigen Kapazitäten sind als wahrhaft besuchte als die politisch
1597 1122 3312 1208 menschliche Dotumente vielfache Ausschnitte wiedergegeben, die halle, und wo Sie ein
1605 1162 2396 1237 unser Interesse in hohem Grade fesseln.
365 1140 1623 1262 Briefwechsel zwischen Theodor Herzl und
2834 1174 3304 1247 (hauptsächlich im blinde
1708 1197 3307 1296 Vom Beginn dieser Freundschaft gibt Kellner die nach= genossen. Einige Schöng
261 1123 396 1288 E
728 1217 1220 1299 Artur Schnitzler.
1595 1248 3302 1334 folgende Darstellung Paul Goldmann machte Herzl im Jahre Bedeutung als dreialt
505 1250 1493 1362 Die Lehrlahre des veristenführers.
1598 1300 3276 1398 1892 auf Schnitzler aufwerksam. Sie saßen auf der Journalisten= Beweis für meine
467 1333 3312 1389 Theodor Herzl war der Melsereiner sehr vergänglichen tribüne des Palais Bourbon und plauderten von Wien. Gold= noch genau, daß S
324 1390 2859 1450 *Kunst, die nur dem Tag ihren Apltzdllt. Vielleicht werden mann sprach mit Entzücken von seinen Wiener Freunden, deren
2834 1417 3300 1485 mir von dem Dichter H
363 1432 3312 1492 sich ein paar Seiten aus diesen an die (Stünde geknüpften Skizzenser sich als Herausgeber der belletristischen Zeitschrift „Die blaue persönlich kennen und
354 1483 2859 1579 eines Lebensbetrachters voll schwermütigec Philosophie erhalten, Donau“ eine stattliche Anzahl erworben hatte, und nannte unter
2836 1511 3314 1580 „Tabarin“ und ein zwe
284 1498 3304 1576 einige Zeilen dieser von innerer Musik erfüllten Prosa, die in anderen Artur Schnitzler in rühmender Weise. Herzl war darüber Und weiter beneidete ich
329 1577 3311 1621 ihrer Vollendung eine klassische Prägung erhielten. Das istserstannt. Er hatte Schnitzleis Talent nicht allzuhoch eingeschätzt, könnte“ — (damals sch
309 1610 3258 1700 Esicherlich zu wenig für ein literarisches Lebenswerk, dessen Publikum persönlich war ihm der „junge Dichter“ geradezu unsympathisch ge= Stücke als Sie!). Al
339 1670 3314 1714 das untreueste ist und sich so leicht verflüchtigt wie das eines wesen, in erster Reihe wegen seines Anhanges, der „Jungen von daß wir ein Verhältnis
342 1715 3302 1759 Redners, der sich wieder ins Schweigen begibt. Aber Herzl als Profession“. Nun aber las er Schnitzlers „Märchen“; daraufyin wie mir Ihre letzten Z
347 1763 3280 1860 Führer seines Voltes in einer Zeit der völligen Entmutigung, schrieb er ihm einen rührend bescheidenen, reuigen, rückhaltslos arrogant war! — In.
339 1815 3302 1916 des leidenschaftlich tobenden Hasses wird eine der ewigen Gestalten enthusiastischen Brief (29. Juli 1892), der unter anderem die als wir schon beide Dok
279 1859 2036 1959 FAkleiben. Seine Physiognomie wird immer lebendiger, je mehr schöne Stelle enthält:
2819 1884 3316 1973 hübscher junger Frauen
314 1910 1616 1984 2 Jahre uns von seinem Dasein treunen. Professor Leon
303 1947 373 1992 —
1724 1903 3301 2018 „Wenn ich so ein Talent wie Ihres aufblühen sehe, fteue hoffentlich nicht ganz.
314 1960 3311 2056 Mellner, der bekannte Anglist und gleichfalls ein Meistersich mich, wie wenn ich nie ein Literat, das heißt, ein eng= damals lächelten Sie irh
316 2024 3302 2094 Werfeuiletonistischen Sorm, versucht es in einer von persönlichen Doku= heiziger, unduldsamer, neidischer, boshafter Tropf gewesen wäre, jeuer gedrückten Stimmi
339 2058 3299 2145 menten reich sundierten Biogrophie, die Lehrjahre und das Werden des freue mich aber wie über die Nelken da unten in Garten, die die einem auf derselb
349 2107 1826 2187 Freundes zuschildern. „Thepdor Herzls Lehrjahre“ (Wien, R. Löwiterwachen.“
2817 2122 3313 2201 laufen. An diese Erinner
338 2163 1621 2234 Verlag, ist dieses um darstellerische Objektivität sich mühende, von
1704 2157 3300 2253 Von da an entspann sich ein freundschaftlicher Brieswechsel, über das Persönliche we
330 2184 1601 2273 jeder Ueberschwenglichkeit sich sernhaltende Werk betitel.. Die Kind¬
1592 2207 3303 2292 der erst mit der Uebersiedlung Herzls nach Wien seinen Abschluß modernen Literatur als
344 2260 1612 2331 heit Herzls wird uns hier nahegerückt, sein von allen guten
1589 2258 3311 2337 sand. Schnitzlers Brief vom 5. August 1892 enthält Platz verdiente. Das n
350 2302 2628 2369 Geistern bewachtes Elternheim, seine ersten Kämpfe um geistige Geltung bei allem Humor ein Stück ernster Herzl=Biographie.
2808 2310 3312 2394 spazierten an einem S
343 2349 1614 2430 eines füdischen Literaten im deutschen Kulturleben und wie dieses
1696 2364 3303 2446 „Hochverehrtester Freund! Eine Ahnung muß ich aber und ab. Natürlich hatt
329 2397 3315 2434 Sieben aus einer anfangs s spielerischen Kunz sich vertieft und immer gehabt haben, daß wir einander einmal näher kommen, mir ja bis heute nicht ge
336 2453 3288 2525 i Menschlichen sich immer st### verwurzelt, bis aus dem erfolgreichen daß Sie mich sogar einmal „loben“ werden, denn gegnen. Da sagten Sie
341 2482 1698 2548 ##teraten sich der Aktivist von gesßartiger Konzeption entwickelt. ses
1775 2500 2101 2583 merkwürdig,
2076 2520 3302 2576 mit welcher Präzision mir die der auf den emporsteigen
356 2539 3286 2630 #s ergibt ein packend. Lehensvald eines bis zum Tragischen sich einzelnen Etappen unserer Bekanntschaft im Gedächtnis ge=ich einmal hinein!" I
343 2595 2163 2683 erhebenden Energisten, in das auch ein Stück interessamen Wiener blieben sind. Ich weiß noch
2191 2609 3294 2674 „als ich zum erstenmal dich der Moment gewesen, m
397 2630 1121 2700 raturlebens mit hineinverwoben ist.
1572 2633 3253 2717 sah“ — des war in der akademischen Lesehalle. Sie hielten eine einmal pauschaliter
444 2689 3195 2759 In die entscheidenden Jahre der inneren Wandlung Herzls Rede und #euren „schaif“ — in einer Weise schaif! Ich befand zu revanchteren —
354 2721 3314 2805 ellen auch seine Beziehungen zu Artur Schnitzler. Zwei, mich in Ihrer Nähe und hatte die Empfindung, als wenn Sie nicht leugnen, Sie haben
334 2777 3313 2833 #enn auch nicht ie den Grundanschauungen, so doch in der mich mit einem gewissen milden Sarlasmus betrachteten: Sie werden begreifen, daß ic
335 2833 3303 2878 ##densstimmung und Herkunft verwandte Schriftsteller hatten sich lächelten ironisch — und ich begann Sie zu beneiden. „Wer so Tatsache zum Range eine
328 2870 3315 2984 ##er weit über das rein Berufliche hinaus zu einem freundschaft reden und so lächeln könnte“, dachte ich mir. Bald darauf hörte Menschen erzähle, der
3031 2993 3311 3057 Sie ist so
3240 3048 3314 3108 ere
3093 3853 3210 3912 Und 1
3246 3900 3317 3965 rke
3016 3900 3182 3959 mir nich
3014 3945 3145 4020 kam!
3142 3952 3207 4010 Ich,
2989 3983 3302 4058 das „Neue vor
3001 4034 3307 4105 und der sich #e
2994 4087 3300 4158 es eines Tages
2986 4135 3299 4200 Ich, der zw
