3344 4384
1159 313 1626 404 box 41/6
173 315 1022 425 1. Miscellancens
523 1406 1220 1529 Denn Froie Prasso, Wien
796 1557 1129 1650 S L 1
460 1627 1252 1712 Theater= und Kunstnachrichten.
340 1668 1452 1752 [Die künstlerische Bilanz des Burg¬
274 1750 1443 1803 theaters im abgelaufenen Spieljahr.] Die
273 1780 1455 1842 „Wiener Abendpost“ veröffentlicht nachstehenden Rechenschafts¬
264 1831 1450 1881 bericht über das abgelaufene Burgtheaterjahr: In der ab¬
276 1855 1448 1930 gelaufenen Spielzeit wurden im Hofburgtheater in 298 Vor¬
274 1898 1456 1972 stellungen 80 Stücke von 31 Autoren gespielt. Hievon entfielen
281 1954 1442 2009 auf Grillparzer 9, auf Schiller 7, auf Goethe, Schnitzler und
285 1996 1455 2058 Shakespeare je 6, auf Ibsen 5, auf Fulda und Hauptmann je
278 2027 1408 2101 4, auf Hebbel, Schönherr, Schönthan und Sudermann je 3
275 2066 1453 2137 auf Anzengruber und Lessing je 2 Stücke und auf L'Arronge,
281 2104 1450 2185 Björnson, Calderon, Dombrowski, Otto Ernst, Freytag, Michael
285 2172 1440 2222 Klapp, Lilienfein, Moyer=Förster, Molière, Molnar, Moser,
280 2200 1449 2265 Hans Müller, Adolf Paul, Raimund, Rittner und Terramare
271 2238 1455 2327 je 1 Stück. Die Zahl der Aufführungen betrug bei Fulda 33,
278 2299 1457 2352 Rittner 26, Schönherr 25, Grillparzer und Schnitzler 23,
277 2322 1453 2392 Shakespeare 22, Hans Müller und Schiller 19, Goethé 15,
281 2362 1449 2443 Ibsen 14, Hauptmann und Raimund 10, Hebbel und Suder¬
285 2399 1463 2492 mann 9, Molnar und Terramare 8, Anzengruber 7, Lessing
279 2451 1463 2529 und Schönthan 6, Meyer=Förster 5, Dombrowski und Lilien¬
285 2495 1455 2574 sein 4, Freytag und Molière 3, L'Arronge, Björnson, Calderon,
295 2542 1457 2612 Ernst, Klapp, Moser, Paul 1. Außer den im zuletzt veröffent¬
292 2577 1460 2652 lichten Arbeitsplane genannten Stücken von Bronner, Erler,
289 2618 1472 2704 Halbe, Hartlieb, Kranewitter, Léon, Lux, Müller, Schönhere
298 2672 1472 2735 und Strindberg hat Hofrat v. Millenkovich folgende
291 2714 1462 2786 Werke zur Aufführung angenommen: „Die Reise in die
287 2769 1465 2836 Mädchenzeit“ von Engel und Saßmann, „Warren
279 2793 1475 2853 Hastings“ von Lion Feuchtwanger, „Warbeck“ von Viktor
288 2854 1467 2913 Hahn, „Winterballade“ von Gerhart Hauptmann, „Der
290 2869 1468 2957 glüserne Berg“ von Mirko Jelusic, „Wieland der Schmied“
292 2923 1470 2985 von Friedrich Lienhard, „Meine Frau, die Hofschau¬
283 2964 1466 3034 spielerin“ von Möller und Sachs, „Unterwegs" von
284 2990 1480 3100 Thaddäus Rittner, „Lebendige Stunden" von Artur
301 3056 1293 3130 Schnitzler und „Die Gitana“ von Sil=Varn.
1992 224 2308 312 ——
1904 1189 2822 1274 —. — —
2242 1253 2519 1326 16.0Ul. 1918
1954 1308 2643 1421 Wiene: Miltags-Zeitung
1829 1492 2817 1574 Wer wird Burgtheaterdirektor?
1819 1553 2949 1614 An der Spitze des Regiekollegiums, dem zunächst die
1708 1606 2946 1655 Leitung des Burgtheaters anvertraut ist, wirh, wie die „Berliner
1704 1649 2941 1711 Börsen=Zeitung“ aus Wien erfabren haben will. nicht Albert
1711 1695 2944 1752 Heine, sondern Max Devrient, als das rangälteste Mitglied
1706 1735 2936 1781 des Kollegiums, stehen. Allerdings ist anzunehmen, daß Albert
1701 1779 2942 1837 Heine als die stärkste geistige Persönlichkeit dieses Kreises ihm
1705 1825 2932 1889 doch mehr oder weniger die entscheidenden Linien vorzeichnen wird.
1698 1872 2939 1942 Man macht sich übrigens auf eine ziemlich lange Dauer
1707 1915 2942 1962 dieses Provisoriums gefaßt; vermutlich dürfte es bis zum
1707 1961 2935 2011 1. Jänner 1919 währen. Der Schwierigkeiten, die sich der Wahl
1713 1994 2938 2041 eines neuen Direktors entgegenstellen, sind nämlich ziemlich viele.
1704 2038 2935 2097 Man will nun einer wirklichen Gesundung des Theaters die Wege
1707 2070 2949 2140 bereiten und glaubt darum auch zunächst nur an einen Oester¬
1711 2121 2945 2175 reicher denken zu dürfen; denn das Burgtheater soll in seinem
1698 2168 2932 2219 Wesen erneuert und aufgebaut werden. Auch möchte man zu der
1712 2214 2937 2272 alten Tradition des Hauses zurückkehren und nur einem
1704 2255 2951 2310 Literaten die Führung des Theaters übergeben. So kämen die
1713 2295 2947 2342 beiden Kandidaturen nicht in Betracht, die in der Oeffentlichkeit in
1717 2337 2942 2399 den letzten Wochen am häufigsten genannt wurden: Geheimrat
1711 2382 2944 2445 Zeiß und Albert Heine. An beide Persönlichkeiten knüpften
1721 2428 2949 2487 sich mit Recht in der Diskussion der Presse wie des Publikums
1717 2472 2961 2528 ernste Erwartungen. Der Kreis verengt sich bebenklich; es bleiben
1718 2521 2951 2571 nicht mehr viel Namen, die in Betracht kommen können. Hugo
1720 2554 2950 2603 v. Hofmannsthal wurde hier bereits in diesem Zusammen¬
1719 2600 2953 2657 hang genannt. Hermann Bahr hätte gewiß heute es nicht mehr
1725 2640 2943 2700 schwer, den Direktionsstuhl des Burgtheaters zu erobern; seine
1723 2687 2943 2740 großen persönlichen Gaben fänden nunmehr die wirkungsvolle
1729 2730 2945 2768 Unterstützung katholischer Kreise, die ja zweifellos an den
1721 2762 2962 2830 für die Ernennung des Burgtheaterbirektors maßgebenden Stellen
1726 2814 2956 2869 sehr einflußreich sind. Aber es ist sehr die Frage, ob Bahr heute
1718 2861 2950 2917 noch für so weltliche Dinge, wie es die Leitung eines Theaters ist,
1722 2899 2953 2944 genügend Neigung und Eifer besitzt. Einst war ihm das Burg¬
1728 2937 2958 3007 theater gewiß ein Ziel, aufs innigste zu wünschen; heute wird es
1729 2982 2946 3047 wohl seinen Interessen sehr ferngerückt sein. Thaddäus Rittner.
1722 3024 2958 3093 der schon bei Thimigs Abgang sehr genannt wurde und seither
1716 3063 2950 3120 durch einen großen Burgtheatererfolg sein künstlerisches Ansehen
1728 3119 2950 3182 noch mehr gefestigt hat, dürfte gleichwohl seiner polnischen
1715 3149 2948 3232 Nationalität wegen wenig Geneigtheit bei den entscheidenden
1716 3192 2962 3266 Dienststellen finden. Schönherr und Schnitzler steben dem
1707 3237 2356 3306 Getriebe des Theaters ganz fern.
