3392 4352
214 300 1054 410 1. Miscellançons
1211 289 1670 379 box 41/6
1983 207 2362 285 — —.—
1970 308 2752 427 eit 66 I Konen Wieee 3 5g) 5
2083 495 3015 628 Theater, Runst und Titeratur.
2033 622 3057 714 Ein großer Skandal im Burgtheater.
2087 698 3021 775 Bei Flers und Caillavets „Fahrt ins
2441 753 2700 813 Blaue“.
2120 787 3057 864 Die Erstaufführung des Lustspieles „Die
2039 844 3061 902 Fahrt ins Blaue“ von Caillavet, Flers und
2035 894 3062 939 Rey im Burgtheater gab zu einem Theater¬
2046 930 3063 1001 skandal Anlaß, der im Wiener Theaterleben kaum
2037 995 3063 1040 seinesgleichen findet. Mehrere Theaterbesucher störten
2036 1018 3066 1085 die Aufführung durch lärmende Zwischen¬
2043 1052 3067 1136 rufe; ein Teil der Zuschauer wendete sich gegen
2042 1108 3068 1176 die Ruhestörer, die aber immer wieder protestierten.
2135 1173 3069 1223 Ueber die Vorgänge erhalten wir nachstehenden
2037 1207 3073 1272 Bericht: Der erste der drei Akte des Lustspieles
2039 1255 3082 1323 konnte in Ruhe zu Ende gespielt werden und nach
2043 1314 3068 1364 dem Fallen des Vorhanges erscholl ziemlich starker
2037 1326 3079 1422 Beifall. Im zweiten Akt spielt sich auf der Bühne
2038 1404 3070 1452 eine Szene ab, bei der Frau Wilbrandt, Herr
2035 1435 3067 1503 Romberg und Frau Retty beschäftigt sind. Es
2035 1497 3068 1545 wird ein Abendessen aufgetragen und Frau
2038 1529 3073 1603 Sonders hat hiebei gemäß ihrer Rolle die Worte
2043 1582 2311 1660 zu sprechen:
2141 1601 3083 1705 „Hier ist das kalte Huhn und der
2041 1663 2233 1735 Wein.“
2142 1687 3073 1776 Kaum waren diese Worte auf der Bühne ge¬
2045 1765 3082 1825 fallen, als ein junger Offizier aus dem Stehparterre
2041 1817 3081 1869 die Worte rief: „Da droben fressen sie, und wir
2055 1860 2535 1927 müssen hungern!“
2138 1898 3079 1955 Dieser Satz, mit starker Stimme hervorgestoßen,
2045 1944 3079 2006 nnächi de UnwillenmehrererBesücher,
2045 1990 3093 2055 die mit Zischen und dem wiederholten Rufe
2057 2037 3108 2091 „Ruhe!“ erwiderten. Der Zwischenrufer fand aber
2055 2089 3082 2155 den Beifall andrer Besucher, und bald bildeten sich
2048 2126 3090 2194 zwei Parteien, die sich zunächst für und gegen
2042 2168 3077 2249 die Ruhestörer, dann aber für und gegen die Auf¬
2052 2239 2810 2285 führung des Stückes laut aussprachen.
2134 2254 3086 2349 Auf der Bühne mußte das Spiel einige
2050 2321 3072 2366 Minuten unterbrochen werden, ehe sich
2056 2348 3081 2446 die Erregung legte. Das Publikum im Stehparterre,
2050 2418 3074 2470 im Parkett und in den Logen hatte sich an diesem
2054 2472 3075 2528 Zwischenfall beteiligt, während dus Galerlepublikum
2057 2512 3125 2570 sich ruhig verhielt. Allerdings drängten die Besucher
2046 2557 3068 2624 der Galerie gegen die Vrüstungen, um die Vorgänge
2058 2603 3069 2663 im Saale zu beobachten. Es schien, als ob doch
2048 2653 3067 2701 wieder das Publikum weitere Störungen unter¬
2049 2677 3072 2764 lassen wolle, und beim Fallen des Vorhanges nach
2052 2749 3062 2789 dem zweiten Akt setzte Beifallsklatschen ein.
2052 2791 3069 2859 Dieser Applaus nahm einen demonstrativen
2052 2823 3072 2918 Charakter an, und dadurch wurden die Gemüter im
2053 2880 2552 2953 Stehparterre sehr erregt.
2133 2908 3070 2979 Ein Herr rief: „Hinaus mit Bahr!
2050 2979 3066 3037 Schönberr drängt er hinaus, damit ein
2049 3030 3071 3076 schlechtes Stück von Fanzosen auf¬
2039 3072 3073 3131 geführt werden kann!" Eine andre Stimme
2046 3131 3072 3178 rief: „Seit Wochen wird im Burgtheater kein
2043 3160 3103 3254 Ibsen, kein Schönherr, kein Schnitzler
2042 3212 2864 3285 aufgeführt, dagegen solche Franzosenstücke!“
2144 3260 3113 3319 Ein Offizier hielt eine Rede, aus der man nur #
2055 3309 3067 3379 vernahm, daß er sich gegen den Dramaturgen des
2051 3358 3058 3403 Burgtheaters, Herrn Bahr, wendete und für die
2057 3399 3058 3466 Aufführung von Werken deutscher Autoren eintrat.
2052 3456 3077 3507 Diese Erklärung fand stellenweise lebhaften Wider¬
2054 3487 3102 3552 spruch. Der Lärm steigerte sich und übertönte sogar1
2059 3539 3123 3625 die Zwischenaktmusik, die absichtlich früber einsetzte.1
2056 3622 3118 3706 damit der Theaterskandal aufhore. Dieser Zweck wurde
2069 3676 3091 3741 jedoch nicht erreicht. Ununterbrochen wurden Pfui¬
2076 3740 3084 3789 rufe auf Bahr und die Franzosen vernommen, dann
2075 3788 3085 3845 Hochrufe, und so vermehrte nur die Musik den Lärm,
2077 3828 2624 3882 anstatt ihn zu besänftigen.
2170 3854 3092 3928 Ein Besucher, der sich als Schriftsteller be¬
2068 3903 3102 3969 zeichnete und besonders heftig demonstrierte, wurde
2067 3958 3086 4029 von mehreren Personen aus dem Zuschauer¬
2074 4006 3090 4065 raum entfernt, ein andrer Zwischenrufer
2079 4061 3093 4109 konnte nur noch schreien: „Eine Schmach, daß man
2083 4106 3086 4157 solche Stücke hier aufführt!“ als ihn Polizeiagenten
2087 4143 3094 4203 faßten und in das amtliche Inspektionszimmer
