3344 4384
2169 276 2267 352 —
185 358 1675 473 1. Miscellaneous box 41//6
840 1051 1069 1153 17672
187 1153 1011 1272 ##alanzeiger für Düsseldort
431 1237 781 1322 K
3160 1190 3355 1336 S
1177 1306 2158 1355 dem Gesichtspunkt der Heimatstadt seines Ideals
2156 1314 3134 1380 über, Sanfte Höhen buntgesprenkelte Wiesen,
3115 1324 3359 1379 sich einen
449 1315 936 1409 Das süße Mädel.
1175 1352 2160 1403 angesehen, erschien es ihm voller Reiz, aber
2152 1367 3126 1418 geb imnisvoll geschlossene Wälder erzählten von
3130 1365 3360 1424 tur seine
1183 1395 2157 1453 nun, da er es resultatlos durchforscht hatte, fand
2160 1399 3130 1447 der Lieblichkeit der Landschaft. Aber die Sprache
3129 1395 3326 1465 weiter:
478 1392 907 1466 Von Josefa Metz.
1180 1433 2162 1487 er es leer, tot, ablehnend. Wollte er ehedem
2158 1434 3140 1503 der Natur drang nicht zu ihm, der soeben ein
3170 1435 3352 1496 „So sa
242 1447 1173 1514 Wenn er zwischen den Backfischen der Tauen¬
1178 1468 2159 1518 einen Essai über das noch vorhandene „Süße
2149 1470 3126 1536 Konversationsprogramm entwarf, das sehr viele
3127 1470 3353 1531 Ihr halte
200 1495 1171 1557 zienstraße dahinschlenderte, wenn er im Café
1166 1502 2166 1571 Mädel“ schreiben, so beschloß er nun, einen über
3115 1498 3360 1585 Ihr kettet
2152 1514 3126 1578 „Schau'n S', wie herzig!“ aufwies. Schließlich
205 1522 1186 1593 des Westens inmitten jener unwahrscheinlichen
1176 1537 1994 1597 das „leider ausgestorbene“ zu verfassen.
2150 1553 3132 1593 war die betreffende Station erreicht, was ihm
3163 1552 3359 1614 Dann a
204 1581 1174 1632 Damen saß oder im Konfektionsviertel hinter
1222 1567 2156 1641 Denn er war ein Mensch, der romantischen
2167 1595 3126 1643 dadurch zum Bewustsein kam, daß die Erhoffte
3127 1588 3364 1646 durch —, d
200 1603 1178 1670 kleinen Mädchen herstieg — immer wieder kam
1175 1619 2157 1674 Sinn mit praktischer Verwertung zu verbinden
3126 1630 3352 1685 Café des
2158 1627 3132 1689 sich erhob, um auszusteigen. Er folgte ihr in ein
203 1660 1177 1709 es  ihm zum Bewußtsein, daß er das „süße
1173 1659 2165 1724 wußte und die jeweiligen vernichteten und
2150 1662 3124 1726 ländliches Wirtshaus, das einen guten Rahmen
3121 1671 3358 1729 fesselt ihr.
188 1690 1184 1743 Mädel“ in Berlin nicht und niemals finden
1180 1699 2154 1747 nicht vernichteten Ziele seines Lebens in Drucker¬
2162 1700 3129 1765 für sie abgab. Sie schien hier zu wohnen, gewiß
3116 1711 3352 1766 auch das
188 1724 1180 1794 würde. Wenn er von sanftem Außern angelockt
1182 1734 2160 1792 schwärze umzuwerten verstand. Schon hatte er
3123 1741 3359 1800 aber er ko
2152 1750 3127 1806 im Kreise von Vaterl und Schwesterl, die sich
196 1758 1184 1819 eine entsprechende Anrede wagte, konnte er ge¬
1178 1770 2163 1828 sich vorgenommen, mit der negativen Ausbeute
3116 1780 3360 1840 reiter sein
2162 1787 3126 1840 eine billige Sommererholung gönnten. Die
187 1814 1172 1877 wärtigen, ein: „Sie sind wohl 'n bisken Manoli,
1179 1814 2161 1870 seines Wiener Aufenthaltes nach Berlin zurück¬
3118 1820 3358 1886 wald-Insp
2157 1822 3131 1882 Mutter hatte er ein= für allemal getötet, das
195 1845 1180 1903 aber links 'rum?!“, oder: „Sie, det machen Sie
1179 1836 2157 1909 zukehren, als er in der Mariahilferstraße ein
3119 1869 3338 1922 aus ihm,
2151 1857 3125 1937 paßte besser zu „ihr“, gab ihr eine sentimentalen
202 1877 1172 1948 sich man ab“ als Antwort zu erzielen. Er aber
1166 1879 2158 1960 junges Mädchen sah, das äußerlich so vollkommen
2152 1894 2451 1958 Hintergrund.
3203 1905 3287 1956 „Ja
202 1916 1191 1985 hatte sich in das „süße Mädel“ verliebt, wie es
1179 1920 2164 2003 seinen Anforderungen entsprach, daß er beschloß,
3181 1924 3364 1993 Aber d
2201 1943 3128 2012 Das abendliche Wirtszimmer sah ein wenig
208 1959 1178 2018 Artur Schnitzler der Natur abgelauscht und wie
1182 1971 1869 2036 einen letzten Versuch zu wagen.
3127 1961 3339 2036 beendetee
2146 1991 3121 2049 trüb aus im Schein der einzigen Gasflamme,
204 1994 1179 2055 es Dete anvere-Artur Schnitzler abgeschrieben
1228 1995 2151 2061 Durch die Kühle seiner norddeutschen Sprech¬
3120 2008 3339 2075 wartung
2161 2024 3131 2089 und es war von dumpfem Gasthausdunst erfüllt.
200 2043 1171 2109 haben. Endlich kam er zu der Einsicht, daß er
1170 2050 2155 2104 weise hatte er sich bisher des öftern den Weg zum
3125 2045 3359 2111 dort. Er fi
2149 2067 3131 2127 Die Ersehnte erschien wieder, diesmal ohne Hut,
212 2075 1063 2146 e nur an der Quelle Wien finden könne.
1185 2078 2151 2140 Herzen, ja zum Verständnis der Wienerin ver¬
3123 2089 3353 2162 nochmals.
2152 2104 3126 2151 und sah noch lieber und mädchenhafter aus als
233 2109 1156 2175 Da er ein gründlicher Mensch war, der es
1185 2121 2155 2180 legt, denn wenn nicht schon der harte Klang
3174 2140 3349 2206 „Natür
2158 2141 3128 2191 vordem. Aber sie blieb allein, kein Vaterl und
193 2163 1178 2208 trotz seiner fessellosen Lyrik mit der Kunst ernst
1182 2157 2156 2219 seines Idioms sie abschreckte, so doch ganz gewiß
3119 2166 3239 2238 sich.
2154 2184 3129 2233 kein Schwesterl, nicht einmal eine „Tant“. „Es
189 2200 1178 2258 meinte, so wollte er nicht nur privaten Gelüsten
1180 2205 2150 2265 der korrekte Satzbau, die Tadellosigkeit seiner
3168 2206 3363 2278 Er dur
2159 2229 3123 2279 geht auch so,“ dachte er und versuchte ihren Tisch
1176 2230 1417 2297 Perioden.
195 2239 1184 2292 nachgehen bei der Suche nach dem süßen Mädel,
2157 2253 3139 2319 zu erreichen, aber schon hatte sie sich wieder er¬
3121 2241 3360 2321 rund um
197 2265 1190 2327 er wollte es auch literarhistorisch festlegen. So
1238 2262 2158 2351 Sobald er begann: „Mein gnädiges Fräulein
2151 2293 2323 2354 hoben.
3123 2300 3334 2354 kam, saß
1179 2303 1524 2369 gestatten Sie..
189 2315 1181 2373 saß er nun seit sechs Wochen im Hotel und
1575 2318 2098 2370 fingen sie an zu lachen.
2200 2318 3124 2396 „Bringen S' mir 's Essen aufs Zimmer, ich
3231 2331 3345 2387 te eb
3128 2340 3253 2386 klopft
194 2354 1187 2405 wartete. Aber es kam nicht. Er ging die Kärnt¬
1235 2349 2159 2411 So hatte er versucht, sich den Wiener Dialekt
3117 2372 3186 2421 B
2150 2375 3128 2448 bin zu müd'!“ rief sie dem Wirt zu und ging da¬
194 2392 1179 2455 nerstraße entlang, den Graben den Ring. Er
1176 2395 2147 2452 anzueignen, ohne daß es ihm bisher gelungen
2144 2404 2294 2476 von.
3222 2412 3301 2466 ckig
202 2432 1183 2487 stieg auf die Galerien der Theater, ließ alle
1173 2430 2162 2492 wäre. Aber als strebsamer und auf das Ziel be¬
2206 2439 3068 2502 Es wäre nun ein leichtes gewesen zu e
188 2468 1180 2528 Detektivfilms der Woche über sich ergehen, er
1184 2470 2162 2535 dachter Mensch setzte er seine Studien fort, indem
2151 2483 3126 2547 fahren, wer sie sei, aber darauf verfiel er nicht
184 2507 1180 2572 holte sich im Volksprater Schießauszeichnungen
1173 2505 2155 2574 er Übungen mit dem Wort „Knäulerl“ machte,
2161 2524 3132 2582 Im Gegenteil, er umging die Leichtigkeit und
188 2548 1176 2614 und aß sich durch die Speisekarten des Ersten,
1175 2543 2160 2601 das ihm für seine Zwecke ganz besonders em¬
2160 2567 3127 2623 wählte das Schwerere. Er aß einen zähen Palat¬
200 2589 1174 2641 Zweiten und Dritten Kaffeehauses hindurch. Er
1182 2585 2156 2643 pfohlen war. So schritt er auch jetzt Knäulerl
2160 2608 3127 2652 schinken mit zweifelhafter Füllung, trank einen
183 2620 1179 2679 besuchte die Heurigenschenken und kleineren
1175 2617 2156 2697 übend hinter dem hübschen Mädchen her, dessen
3122 2636 3225 2695 setzt,
2150 2655 3135 2709 saueren Wein und träumte von künftiger, besse¬
195 2663 1180 2725 Beisel der Vorstädte — es schien, als ob der
1175 2659 2149 2714 liebes. sanstes Gesicht so recht den Wiener Ur¬
3111 2686 3236 2744 blick.
2150 2684 3128 2740 rer Zeit Dann ließ er sich ein Zimmer an¬
192 2703 726 2772 Typus ausgestorben sei.
1180 2701 2147 2767 typus aufwies. So vertieft war er in ihren An¬
3175 2711 3339 2774 „Ich le
2147 2723 3129 2781 weisen. Er verbrachte eine ungewöhnlich schlechte
1180 2742 2157 2790 blick und seine Studien, daß er erst merkte, wo¬
247 2735 1181 2797 Wohl traf er hübsche, sanftblickende Mädchen
3110 2751 3361 2817 sie freundl
2159 2762 3130 2825 Nacht im beständigen Kampf mit einer verbeul¬
1178 2778 2156 2838 hin ihn der Weg führte, als er eingekeilt zwischen
195 2786 1183 2849 genug, umweht vom Hauch reizvoller Naivetät,
3109 2793 3350 2863 die ihn be
2151 2796 3129 2851 ten Seegrasmatratze und einigen wandernden
1183 2821 2157 2886 drei Rucksäcken und zwei Handtaschen an einem
187 2823 1179 2881 aber am Schluß besuchten sie doch die Handels¬
2155 2848 3118 2894 Hautreizen, die es ihm nicht gelang. zur Strecke
3163 2838 3335 2897 Würde
1177 2850 1806 2925 Schalter der Westbahn stand.
198 2865 1175 2921 schule oder das Konservatorium, und es um¬
2155 2877 3362 2930 zu bringen. Die Hoffnung erhielt ihn am Leben, haben?! U
191 2895 1176 2950 witterte sie zugleich die herbe Morgenluft der
1232 2912 2148 2976 Vollends erwachte er beim Klang einer sanf¬
2156 2919 3126 2977 und er sollte für seine Tapferkeit zunächst durch
3110 2922 3343 2980 also war
186 2930 1190 3003 Emanzipation. Er aber suchte das schlicht Kind
1172 2939 2157 3021 ten Stimme, die eine Fahrkarte nach einer
2150 2958 3135 3008 sich selbst belohnt werden. Als er nämlich das
3118 2958 3362 3020 zeigte sich
187 2986 1117 3045 des Volkes, das im Hauswesen ausging un
1174 2983 2155 3054 Station des Wienerwaldes verlangte. Schnell
2156 3004 3348 3050 Fenster aufschlug und die sanften, sonnbeleuchte=1Zeitung w
191 3024 1132 3074 der Pflege des alten Vaters, das am liebe
1171 3018 2153 3084 löste er die gleiche Karte, und es gelang ihm
2153 3038 3132 3091 ten Höhen des Wienerwaldes vor sich liegen sah
3114 3035 3362 3098 fach an ihr
198 3055 1154 3125 Notenkopist oder ähnlichen Standes sein sollte.
1181 3063 2148 3113 auch das gleiche Abteil mit der Ersehnten zu er¬
2144 3067 3121 3126 und zugleich des süßen Mädels gedachte, dessen
3116 3078 3339 3132 war „das“
249 3093 1176 3151 Er dachte schon daran, sich um einen Tip an
1181 3103 2159 3174 wischen, leider durch die drei Rucksäcke und zwei
2154 3111 3124 3173 Existenz festzuhalten er im Begriff war. über¬
3112 3113 3353 3170 Artur Sch
198 3133 1183 3201 Artur Schnitzler zu wenden, aber dann erschien
1177 3148 2137 3194 Handtaschen nebst Zubehör von ihr getrennt. —
2139 3148 3132 3213 kam ihn die Lyrik. Er zog das Notizbuch und
3122 3154 3351 3214 es nachem
199 3170 802 3248 es ihm doch zu gösonderlich.
1179 3186 2160 3253 Einer nach dem andern jener reizoollen Orte,
2139 3181 3128 3247 schrieb: „Du schöner Rahmen um ein schöneres
3106 3187 3339 3252 drei Eier
247 3204 1181 3284 Seine Stimmung sank. Wien an sich konnte
1166 3218 3125 3277 die so lebhaft koloriert sind durch allzusesche Bild ...“ Da trat eine Stockung ein. Er leckte am
3106 3234 3318 3301 Milien.
201 3250 3144 3327 ihm nichts mehr bieten. Solange er es unter Dirndl und allzu abgenützte Bnam, glitt vor= Bleistift. Dann trat er vor den Spiegel und zog ##
