3392 4352
1264 221 1319 288 —
1176 288 1642 393 box 41/6
150 285 1036 414 11. Miscellaneens
2675 864 2899 947 Seite 5
784 861 1296 941 Neues Wiener Jourual
1719 860 2066 947 4. Juni 1919
1470 923 1536 971 —
342 932 2940 1008 G., Urkel in Gesängnlstrase ungewandet. Sofort nach ihrer Emt= volfändigen Detorationstizen ganz allin gesechnet. Das
341 1002 439 1063 ken
443 1007 1553 1064 lassung aus dem Gefängnis kehrte sie nach Irland zurück.
1661 1007 2946 1075 Publikum in Darmstadt, das an sich sehr zurückhaltend ist, ist
344 1053 455 1120 adt
534 1052 1697 1131 Artur Griffith ist einer der Begründer und
1681 1055 2954 1122 durch den künstlerischen Geist auf dem Gebiete der bildenden
341 1100 443 1169 den
435 1086 1681 1156 Organisatoren der Sinnfeiner=Bewegung. Das ist aber erst bei
1689 1107 2952 1169 Künste in Darmstadt sehr erzogen. Auf dem Wege durch das
341 1150 432 1206 or,
439 1155 1692 1218 dem Aufstand von 1916 bekannt geworden. Er ist von Beruf
1678 1157 2951 1220 Schauen schien es mir möglich, die Theaterbesucher zum Ver¬
342 1204 2947 1248 tils Komponist und Tagesschriftsteller. Er hat das Blatt „United Inish ständnis für die Kunst zu führen. Darum war die dekorative
340 1247 2945 1315 ime Man“ gegründet, in dem für passive Resistenz Propaganda gemacht Neugestaltung so wichtig. Die bildmäßige Interessiertheit hat das
347 1300 1693 1355 zu= und verlangt wurde, die irischen Abgeordneten sollten aus dem
1680 1292 2942 1352 Darmstädter Publikum allmählich literarische Darbietungen mit
325 1343 452 1399 eren
434 1337 1687 1396 englischen Parlament austreten, die Steuerzählung solle ver¬
1679 1340 2942 1400 Aufmerksamkeit aufnehmen lassen, die es sonst vielleicht abgelehnt
358 1387 2943 1461 es weigert werden, die britischen Waren sollten boykottiert werden hätte. Ich bin ja im Spielplan vollkommen unabhängig, führe
337 1429 454 1498 ein,
430 1436 2945 1493 Er elfreute sich des besonderen Hasses der Nationalisten. Noch aber auf Grund meiner eigenen Anschauungen schon kein über¬
342 1489 439 1547 mir
1688 1492 2111 1560 moderngs Reperthire.
441 1486 1694 1540 jüngst hat ihn Dillon, der Nachfolger Redmonds, als den „ge¬
333 1519 447 1589 man
437 1530 1699 1617 fährlichsten und hinterhältigsten Gegner“ der irischen Partei
1786 1509 2949 1598 Offiziell führe ich nie Regie, wenn ich mich auch sehr viel
326 1584 439 1641 issen
451 1587 950 1664 (Nationalisten) bezeichnet.
1690 1590 2946 1647 um die Inszenierung kümmere. Am meisten lockt mich als
324 1622 456 1691 alog
546 1616 1683 1686 William T Cosgrave ist der Schatzmeister der
1679 1627 2948 1710 Regisseur Schnitzler. Aber leider ist für Schnitzler in Darmstadt
324 1681 445 1741 tiger
440 1667 1693 1732 Sinnfeiner=Bewegung. Er hat auch im Dubliner Stadtrat eine
1688 1685 2945 1741 gar kein Publikum vothanden. Vielleicht liegt das daran, daß
326 1728 445 1788 ohne
438 1728 1701 1797 große Rolle gespielt. Wegen seiner Teilnahme am Österaufstand
1682 1730 2945 1783 das Riesenhaus mit seinen fast 1500 Plätzen die geeignete
317 1766 440 1833 e sie
446 1777 1695 1836 wurde er ebenfalls zum Tode verurteilt, aber später zu lebens¬
1680 1766 2946 1840 Stimmung für Schnitzler schwer auskommen läßt. Allerdings finde
318 1822 450 1887 ltag
445 1824 1684 1881 länglichem Zuchthaus beguädigt und nach anderthalbjähriger Hast
1687 1828 2953 1895 ich, daß Schnitzler überhaupt nur von Oesterreichern richtig
319 1870 1691 1927 ckes. freigelassen. Zwei Brüder von ihm nahmen ebenfalls am Öster¬
1691 1858 2950 1935 gespielt werden kann. Man spielt ihn in Deutschland zu knallig,
310 1922 1686 1989 heute aufstand teil Einer von ihnen wurde an seiner Seite getötet.
1693 1919 2949 1986 zu derb, man bemüht sich zu sehr, ihn dem Publikum entgegen¬
319 1961 1681 2021 teren Nach dem Tode des Einpeitschers der nationalistischen Partei
1691 1965 2957 2031 zubringen Schnitzler aber fordert und darf fordern, daß das
304 2014 1693 2084 vir . Patick O' Brien wurde er als Sinnfeinei=Kandidat in Kilkenny
1688 2013 2944 2079 Publikum sich daran gewöhnt, ihm entgegenzugehen und ihm
345 2061 449 2120 der
434 2062 1378 2132 mit Zweidrittelmehrheit ins Parlament gewählt.
1681 2061 2943 2124 zuzuhören. Wenn wir einmal so weit sind, wird Schnitzler noch
317 2101 455 2180 heute
1687 2104 2963 2165 ganz anders bewertet werden. Es gibt freilich auch keine Regisseure
310 2157 455 2218 schie.
1690 2157 2943 2217 für Schnitzler. Der Regisseur will sich bemerkbar machen, und
305 2207 460 2278 nilette
1683 2201 2963 2267 bei Schnitzler muß der Regisseur völlig hinter dem Dichter
452 2156 1692 2325 Gespräch mit Dr. Paul Eger.
342 2253 452 2309 die
1687 2249 2953 2321 zurücktreten. Außer Schnitzler, den ich über alles liebe, bedeutet
296 2277 450 2366 ppelte
1683 2304 2943 2354 Fritz v. Unruh mir noch sehr viel, von dem ich Großes erwarte.
1008 2304 1145 2368 Von
304 2347 463 2410 ### ##ie
1690 2349 2956 2425 Von den Futuristen aber will ich im Drama ebensowenig etwas
861 2341 1279 2444 Erich Kohrer.
293 2391 478 2458 lichen!
1676 2388 2440 2473 wissen, wie auf den anderen Gebieten.
1201 2402 1667 2505 Berlin, im Mai.
304 2439 471 2503 tenen
1790 2427 2956 2524 Ich habe übrigens in der praktischen Theaterführung in
547 2449 1690 2542 Als der Dramaturg des Deutschen Theaters in Prag,
286 2488 459 2553 1.000
1688 2480 2961 2561 Darmstadt eine sehr interessante Erfahrung gemacht. Ich spiele
294 2541 441 2601 1 auf¬
1689 2553 2945 2625 möglichst viele Zyklen. Das ist nicht nur finanziell sehr richtig,
445 2576 1694 2634 Hoftheaters nach Darmstadt berufen wurde, hatte er die Dreißig
301 2590 445 2656 rt der
1667 2593 2960 2662 weil die Besucher gern Abonnements nehmen, sondern auch
449 2616 1698 2680 eben überschritten. So jung war wohl noch nie ein Intendant,
332 2631 442 2701 Last
1678 2639 2963 2712 künstlerisch bedeutsam, weil sie sich auf diese Weise an die
444 2673 1690 2726 besonders wenn er kein Hormann war, an die Spitze eines Hof¬
1684 2692 2953 2755 Anschauungswelt eines bestimmten Dichters oder eines Dichter¬
446 2717 1692 2778 theaters gestellt worden. Nur vier Jahre überhaupt war Eger
1686 2739 2956 2797 kreises gewöhnen. So habe ich Hebbel, Hauptmann, Schönherr und
446 2759 1682 2808 vorher in praktischer Fühlung mit dem Theaterbetrieb gewesen
1681 2804 2954 2853 Anzengruber, Schiller, Grillparzer in ihren Hauptwerken in Zyklen
445 2807 1681 2867 Angelo Neumann hatte den jungen Wiener Schriftsteller auf
291 2794 431 2889 r.
1684 2841 2950 2911 vereinigt und dem Publikum nähergebracht.: In Uraufführungen
441 2859 1687 2921 Sonnenthals Empfehlung im Jahre 1903 als D amaturg nach
1683 2879 2962 2952 bin ich augenblicklich sehr zurückhaltend. Im Prinzip bin ich
436 2898 1688 2981 Prag berufen, wo er noch drei Jihre unter Neumann und dann
1682 2933 2951 2992 zwar unbedingter Anhänger der Dezentralisierung der Urauf¬
441 2959 1691 3009 ein Jahr unter Teweles arbeitete. Allerdings hatte er vorher
1681 2984 2954 3040 führungen, die nicht alle nur in Wien oder Berlin stattfinden
268 2968 430 3061 Nai.
447 3009 1699 3076 bereits als Autor Beziehungen zum Theater angeknüpft und auch
1689 3035 2952 3101 sollten, Aber Uraufführungen soll man nur machen, wenn sie für
292 3046 446 3131 ressante
453 3048 1706 3109 schon, während er Kunstgeschichte studierte und noch gar
1681 3066 2951 3128 den Autor Wert haben Das ist nur der Fall, wenn Direktoren
277 3086 445 3162 ihrer.
437 3087 1697 3167 nicht au die Theaterlaufbahn dachte, mit Albert Heine
449 3120 2961 3207 zusammen den Akademisch-dramatischen Verein in Wien und Presse von außerhalb kommen, und das ist bei den jetzigen
278 3137 451 3213 ind der
1673 3173 2331 3240 Verkehrsverhältnissen unmöglich.“
455 3191 1691 3257 gegründet und zuerst den „Peer Gynt“ gespielt. Als Autor hat
279 3194 445 3264 unt bei
1779 3214 2949 3287 Ehe ich mich von dem Intendanten verabschiede, erkundige
442 3244 1691 3304 er sich im Jahre 1902 als erste Bühne das Dresdener Hof¬
290 3250 444 3304 in der
1688 3278 2947 3341 ich mich, was den Autor Paul Eger zurzeit beschäftigt. Nach
451 3292 1693 3361 theater erobert mit dem lysischen Einakter „Im Herbst" und
278 3290 451 3367 illerletzt
1690 3317 2946 3388 einigem Zegern verrät er, daß er zurzeit an einer neuen Komödie
447 3334 1690 3403 später mit der Komödie „Mandragola“ einen starken Erfolg
289 3343 446 3405 Lehrer
1685 3368 2951 3431 arbeitet, die ein Theaterproblem behandelt und in Bühnenkreisen
455 3392 1684 3449 errungen, der übrigens in den beiden letzten Jahren durch den
279 3391 452 3454 gestellt.
1680 3415 2949 3485 spielt. Wobei denn der Intendaut dem Komödienschreiber
450 3431 1693 3501 Erfolg der Komödie „Adam, Eoa und die Schlange“ noch über¬
270 3439 443 3497 ers und
1680 3469 2952 3552 wahrscheinlich manche interessante Belehrung hat zuteil
445 3477 838 3560 troffen worden ist.
286 3484 454 3548 er mit
542 3497 1988 3583 In den sechs Jahren feiner Tätigkeit hat Dr. Eger nicht werden lassen.
264 3519 464 3597 nnasium
450 3576 1696 3639 nur dem Darmstädter Hoftheater neuen Glanz verschafft, sondern
265 3584 449 3648 zeisterter
447 3626 1700 3695 auch sich selbst einen sehr geachteten Namen in der Theaterwelt
304 3632 458 3692 einem
1785 3572 2872 3747 Wo man noch billig ißt.
454 3671 1707 3737 gesichert. Wahrscheinsich würde sein Name in der Oeffeutlichkit
267 3674 457 3741 hwester¬
447 3722 1689 3785 noch viel stärker hervorgetreten sein, wenn nicht, nachdem er sich
269 3722 459 3788 t. Für
1698 3727 2961 3818 Die Mittagsspeisekarte eines Münchener Restaurauts.
442 3763 1698 3824 eben in den Kreis seiner Pflichten eingearbeitet und zu ihrem
264 3765 450 3832 ode ver¬
1915 3809 2726 3865 Originalbericht des (Neuen Wiener Jnurnals“..
451 3805 1707 3879 Herrn gemacht hatte, der Krieg ausgebrochen wäre, der auch im
261 3816 454 3883 ingliches
1782 3853 2952 3920 Der Berliner „Vorwärts“ veröffentlicht eine Mittags¬
455 3855 1704 3921 Darmstädter Hoftheater viele Ansätze in der Entwicklung gehemmt
270 3872 454 3931 als ihn
1683 3885 2955 3964 speisekarte eines erstklassigen Münchener Restaurants. Man staunt
451 3897 913 3971 hat. Allerdings ist
892 3900 1690 3970 ihm dafür ein neuer interessanter
267 3913 447 3979 Bruders
445 3956 2957 4000 Pflichtenkreis erwachsen, dessen Uebertragung an ihn ein Beweis nicht nur über die Fülle der gebotenen Speisen, sondern vor
271 3960 457 4023 in East
454 3983 2943 4062 für das Vertrauen ist, das man ihm als Bühnenmann entgegen- allem über die wie ein Wunder aus der guten alten Zeit vor
251 4006 454 4083 Stimmen
448 4063 2950 4106 bringt. Dr. Eger ist mit der Leitung der Abteilung dem Kriege anmutenden Preise. Die Besucher der Wiener
296 4062 454 4118 wurde
263 4093 2951 4172 hat aber im Berliner Auswärtigen Amt betraut worden, die seit Jahres= Restaurants werden Augen machen, wenn sie die Mannigfaltigkeit
441 4127 2956 4195 frist alle Gastspiele deutscher Künstler in neutralen und besetzten der angebotenen Fleischspeisen sehen werden, deren Preislage sich
