3392 4320
1301 123 1466 190 mn —
319 168 2919 229 is. Urteil in Gefängnisstrafe umgewandelt. Sofort nach ihrer Ent= vollständigen Dekorationeskizzen ganz allein gezeichnet. Das
1652 202 2913 256 Publikum in Darmstadt, das an sich sehr zurückhaltend ist, ist
324 215 425 278 ken
429 204 1545 296 lassung aus dem Gefängnis kehrte sie nach Irland zurück.
1656 253 2923 311 durch den künstlerischen Geist auf dem Gebiete der bildenden
529 254 1669 335 Artur Griffith ist einer der Begründer und
327 270 436 332 adt
1653 290 2916 369 Künste in Darmstadt sehr erzogen. Auf dem Wege durch das
415 300 1666 373 Organisatoren der Sinnfeiner=Bewegung. Das ist aber erst bei
326 320 428 379 den
1661 336 2928 414 Schauen schien es mu möglich, die Theaterbesucher zum Ver¬
419 363 1673 416 dem Aufstand von 1916 bekannt geworden. Er ist von Beruf
336 366 428 419 or,
428 381 2922 465 Komponist und Tagesschriftsteller. Er hat das Blatt „United Jnish ständnis für die Kunst zu führen. Darum war die dekorative
328 409 420 472 tils
419 430 2926 521 Man“ gegründet, in dem für passive Resistenz Propaganda gemacht Neugestaltung so wichtig. Die bildmäßige Interessiertheit hat das
321 458 428 518 ime
426 473 2929 561 und verlangt wurde, die irischen Abgeordneten sollten aus dem [Darmstädter Publikum allmählich literarische Darbietungen mit
319 510 423 568 zu¬
433 538 2930 611 englischen Parlament austreten, die Steuerzahlung solle ver= Aufmerksamkeit aufnehmen lassen, die es sonst vielleicht abgelehnt
316 556 428 618 ren
430 571 2934 655 weigert werden, die britischen Waren sollten boykottiert werden hätte. Ich bin ja im Spielplan vollkommen unabhängig, führe
338 605 430 660 es
1659 626 2929 704 aber auf Grund meiner eigenen Anschauungen schon kein über¬
422 642 1672 705 Er eifreute sich des besonderen Hasses der Nationalisten. Noch
320 641 435 710 ein,
1673 689 2094 761 moderngs Repertbire.
423 701 1676 756 jüngst hat ihn Dillon, der Nachfolger Redmonds, als den „ge¬
333 698 438 758 mir
1767 692 2935 797 Offiziell führe ich nie Regie, wenn ich mich auch sehr viel
313 746 439 804 man
436 746 1690 817 fährlichsten und hinterhältigsten Gegner“ der irischen Partei
1658 778 2932 831 um die Inszenierung kümmere. Am meisten lockt mich als
429 787 944 870 (Nationalisten) bezeichnet.
310 792 447 853 issen!
1670 817 2934 892 Regisseur Schnitzler. Aber leider ist für Schnitzler in Darmstadt
530 822 1670 907 William T Cosgrave ist der Schatzmeister der
307 832 453 920 alog
1671 876 2934 934 gar kein Publikum vorhanden. Vielleicht liegt das daran, daß
426 873 1680 947 Sinnfeiner=Bewegung. Er hat auch im Dubliner Stadtrat eine
313 892 427 952 tiger
424 910 2932 998 große Rolle gespielt. Wegen seiner Teilnahme am Österaufstand das Riesenhaus mit seinen fast 1500 Plätzen die geeignete
436 952 2936 1038 wurde er ebenfalls zum Tode verurteilt, aber später zu lebens= Stimmung für Schnitzler schwer auskommen läßt. Allerdings finde
316 985 440 1047 e sie
1678 997 2942 1086 ich, daß Schnitzler überhaupt nur von Oesterreichern richtig
432 1023 1675 1095 länglichem Zuchthaus begnadigt und nach anderthalbjähriger Hast
311 1033 455 1095 lltag
1672 1055 2929 1129 gespielt werden kann. Man spielt ihn in Deutschland zu knallig,
310 1071 1677 1136 ckes. freigelassen. Zwei Brüder von ihm nahmen ebenfalls am Öster¬
1683 1100 2934 1171 zu derb, man bemüht sich zu sehr, ihn dem Publikum entgegen¬
304 1118 1675 1177 heute aufstand teil Einer von ihnen wurde an seiner Seite getötet.
1674 1155 2945 1212 zubringen. Schnitzler aber fordert und darf fordern, daß das
434 1168 1671 1241 Nach dem Tode des Einpeitschers der nationalistischen Parlei
312 1175 454 1252 teren
1677 1206 2944 1266 Publikum sich daran gewöhnt, ihm entgegenzugehen und ihm
428 1210 1676 1276 Patrick O' Brien wurde er als Sinnfeinei=Kandidat in Kilkenny
300 1217 439 1301 vir
1673 1246 2940 1318 zuzuhören. Wenn wir einmal so weit sind, wird Schnitzler noch
340 1272 450 1333 der
438 1276 1371 1351 mit Zweidrittelmehrheit ins Parlament gewählt.
1677 1295 2937 1363 ganz anders bewertet werden. Es gibt freilich auch keine Regisseure
946 1320 1043 1380 —
311 1300 465 1389 heute
1679 1338 2940 1411 für Schnitzler. Der Regisseur will sich bemerkbar machen, und
292 1359 452 1425 Ichie.
1680 1373 2948 1455 bei Schnitzler muß der Regisseur völlig hinter dem Dichter
300 1415 447 1485 ilette
1683 1441 2947 1501 zurücktreten. Außer Schuitzler, den ich über alles liebe, bedeutet
450 1350 1687 1524 Gespräch mit Dr. Pauk Eger.
335 1457 450 1517 die
1677 1483 2944 1557 Fritz v. Unruh mir noch sehr viel, von dem ich Großes erwarte.
1008 1504 1153 1569 Von
293 1490 450 1583 ppelte
1681 1534 2951 1614 Von den Futuristen aber will ich im Drama ebensowenig etwas
359 1551 460 1623 die
872 1539 1263 1646 Erich Kohrer.
1688 1586 2447 1654 wissen, wie auf den anderen Gebieten.
290 1602 476 1669 lichen
1195 1599 1659 1700 Berlin, im Mai.
1789 1610 2939 1696 Ich habe übrigens in der praktischen Theaterführung in
296 1651 470 1710 tenen
536 1650 1683 1733 Als der Dramaturg des Deutschen Theaters in Prag,
1690 1672 2964 1749 Darmstadt eine sehr interessante Erfahrung gemacht. Ich spiele
290 1695 455 1779 2.000
437 1723 1688 1793 Dr. Paul Eger, im Jahre 1912 als Leiter des großherzoglichen
1684 1740 2947 1806 möglichst viele Zykten. Das ist nicht nur finanziell sehr richtig,
296 1753 450 1810 1 auf¬
442 1769 1693 1837 Hostheaters nach Daimstadt berufen wurde, hatte er die Dreißig
1678 1792 2961 1849 weil die Besucher gern Abonnements nehmen, sondern auch
297 1798 448 1876 rt der
444 1814 1694 1880 eben überschritten. So jung war wohl noch nie ein Intendant,
1675 1831 2952 1902 künstlerisch bedeutsam, weil sie sich auf diese Weise an die
334 1842 441 1915 Last
447 1862 1694 1929 besonders wenn er kein Hormann war, an die Spitze eines Hof¬
438 1912 2959 1979 theaters gestellt worden. Nur vier Jahre überhaupt war Eger Anschauungswelt eines bestimmten Dichters oder eines Dichter¬
442 1912 2946 2022 vorher in praktischer Fühlung mit dem Theaterbetrieb gewesen krrifes gewöhnen. So habe ich Hebbel, Hauptmann, Schönherr und
447 1978 2957 2079 Angelo Neumann hatte den jungen Wiener Schriftsteller auf Auzengruber. Schiller, Grillparzer in ihren Hauptwerken in Zyklen
1673 2018 2964 2097 vereinigt und dem Publikum nähergebracht.: In Uraufführungen
303 2009 430 2119 r.
450 2062 1697 2117 Sonnenthals Empfehlung im Jahre 1903 als D amaturg nach
1684 2062 2958 2137 bin ich augenblicklich sehr zurückhaltend. Im Prinzip bin ich
443 2102 1697 2164 Prag berufen, wo er noch drei Jihre unter Neumann und dann
1691 2109 2965 2181 zwar unbedingter Anhänger der Dezentralisierung der Urauf¬
442 2141 1692 2213 ein Jahr unter Teweles arbeitete. Alleidings hatte er vorher
432 2185 2963 2257 bereits als Autor Beziehungen zum Theater angeknüpft und auch führungen, die nicht alle nur in Wien oder Berlin stattfinden
288 2181 426 2276 Nai.
460 2207 2960 2319 schon, während er Kunstgeschichte studierte und noch gar sollten. Aber Uraufführungen soll man nur machen, wenn sie für
284 2251 448 2324 ressante
441 2256 2958 2377 nicht an die Theaterlaufbahn dachte, mit Albert Heinejden Autor Wert haben Das ist nur der Fall, wenn Direktoren
276 2296 443 2375 ihrer.
453 2303 2967 2420 zusammen den Akademisch= dramatischen Verein in Wien und Presse von außerhalb kommen, und das ist bei den jetzigen
1681 2364 2343 2434 Verkehrsverhältnissen unmöglich.“
286 2343 453 2420 ind der
451 2398 1698 2469 gegründet und zuerst den „Peer Gynt“ gespielt. Als Autor hat
283 2411 469 2477 unt bei
1794 2401 2951 2480 Ehe ich mich von dem Intendanten verabschiede, erkundige
307 2432 1704 2509 in der er sich im Jahre 1902 als erste Bühne das Dresdener Hof¬
1691 2444 2955 2531 ich mich, was den Autor Paul Eger zurzeit beschäftigt. Nach
281 2462 1705 2580 illerletzt theater erobert mit dem lyrischen Einakter „Im Herbst" und
453 2488 2959 2606 später mit der Komödie „Mandragola“ einen starken Erfolg einigem Zögern verrät er, daß er zurzeit an einer neuen Komödie
304 2555 462 2618 Lehrer
462 2596 2960 2648 errungen, der übrigens in den beiden letzten Jahren durch den arbeitet, die ein Theaterproblem behandelt und in Bühnenkreisen
282 2604 450 2665 gestellt.
453 2633 2970 2699 Erfolg der Komödie „Adam, Goa und die Schlange“ noch über- spielt. Wobei denn der Intendaut dem Komödienschreiber
273 2651 459 2717 ers und
1686 2650 2973 2737 wahrscheinlich manche interessante Belehrung hat zuteil
461 2692 855 2759 troffen worden ist.
303 2698 462 2758 er mit
560 2724 1995 2800 In den sechs Jahren feiner Tätigkeit hat Dr. Eger nicht werden lassen.
277 2742 471 2806 nnasium
463 2773 1710 2844 nur dem Daimstädter Hostheater neuen Glanz verschafft, sondern
282 2796 467 2858 jeisterter
458 2822 1713 2896 auch sich selbst einen sehr geachieten Namen in der Theaterwelt
311 2845 465 2902 einem
1802 2793 2892 2918 Wo man noch billig ißt.
467 2869 1728 2949 gesichert. Wahrscheinlich würde sein Name in der Oeffeutlichkit
282 2883 464 2955 hwester¬
357 2914 1708 2997 Für noch viel stärker hervorgetreten sein, wenn nicht, nachdem er sich
1700 2913 2981 3007 Die Mittagsspeisekarte eines Münchener Restaurauts.
268 2958 1706 3041 ode ver=eben in den Kreis seiner Pflichten eingearbeitet und zu ihrem
1929 2987 2745 3053 Originalbericht des „Neuen Wiener Journals“.
276 3004 1714 3088 ingliches Herrn gemacht hatte, der Krieg ausgebrochen wäre, der auch im
1790 3033 2964 3116 Der Berliner „Vorwärts“ veröffentlicht eine Mittags¬
469 3053 1716 3130 Darmstädter Hoftheater viele Ansätze in der Entwicklung gehemmt
279 3084 470 3143 als ihn
931 3085 2964 3159 ihm dafür ein neuer interessanter speisekarte eines erstklassigen Münchener Restaurants. Man staunt
457 3118 919 3185 hat. Allerdings ist
284 3129 472 3191 Bruders
277 3193 2965 3222 in East Pflichtenkreis erwachsen, dessen Uebertragung an ihn ein Beweis nicht nur über die Fülle der gebotenen Speisen, sondern vor
469 3181 2976 3273 für das Vertrauen ist, das man ihm als Bühnenmann entgegen= allem über die wie ein Wunder aus der guten alten Zeit vor
266 3221 473 3293 Stimmen
465 3232 2972 3320 bringt. Dr. Eger ist mit der Leitung der Abteilung dem Kriege anmutenden Preise. Die Besucher der Wiener
323 3275 474 3333 wurde
463 3317 2981 3360 im Verliner Auswärtigen Amt betraut worden, die seit Jahres= Restaurants werden Augen machen, wenn sie die Mannigfaltigkeit
271 3314 463 3398 hat aber
467 3363 2981 3417 frist alle Gastspiele deutscher Künstler in neutralen und besetzten der angebotenen Fleischspeisen sehen werden, deren Preislage sich
265 3392 2970 3479 irsprungs Ländern veranlaßt und durchführt. Es steckt in dem schlanken, mit den bei uns geforderten Phantasiepreisen gewiß in kein Ver¬
1704 3438 2168 3515 hältnis bringen läßt.
278 3437 1706 3515 sanwalt, liebenswürdigen, temperamentvollen jungen Mann, als der der
1803 3448 2970 3533 Die Karte macht zwar einen Unterschied zwischen fleisch¬
276 3485 1717 3569 ihlreichen Darmstädter Intendant sich heute noch präsentiert, zweifellos eine
1712 3519 2973 3587 markenpflichtigen und nicht markenpflich¬
461 3545 1711 3619 erhebliche Arbeitskraft und ein ungemein zäher Wille, sich durch¬
271 3555 476 3621 raufstand
1715 3570 2975 3636 tigen Speisen; vielleicht liegt gerade darin der Grund
461 3580 1718 3653 usetzen. Ich habe noch nie ein so energisches Kinn gesehen, wie
265 3603 463 3666 ei andere
470 3611 2974 3714 die scharf vorgemeißelte Ecke, die das schmale Gesicht dieses In= der Billigkeit. Es ist wohl bezeichnend, daß für ein
262 3656 467 3714 Er selbst
1718 3660 2978 3728 Ochsenfleisch mit gelben Rüben nicht mehr als
475 3679 1718 3757 jendanten abschließt. Wenn er von seiner Arbeit plandert, läßt
268 3696 466 3771 Pahl ins
1710 3713 2978 3778 Mark 1•60 verlangt wird. Ein garniertes Reis.
465 3728 1709 3812 hn die innere Anteilnahme nicht zur Ruhe kommen und treibt
282 3752 471 3829 die Re¬
1724 3761 2971 3826 fleisch, daß man auf den Speisekarten der meisten Wiener
479 3782 1232 3865 ihn immer wieder erregt hin und her.
585 3809 2981 3902 „Als ich nach Darmstadt kam, fand ich ein sehr stilles, Restaurants längst nicht mehr vorfindet, ist um den gewiß
275 3825 486 3908 der be¬
473 3883 2967 3943 sehr konservativ, aber sehr gut geführtes Theater vor. Meine erste niedrigen Betag von Mark 2 30 zu haben, während ein Rost¬
268 3882 473 3956 atete den
466 3906 2979 3997 Aufgabe war, es dekorativ neu auf die Beine zu stellen Dersbraten mii Salatauf Mark 2:40 zu stehen
284 3947 474 4008 jetzt in
267 3946 2975 4047 ine große Großherzog bringt dem Theater ein sehr lebhaftes Interesse ent-skommt. Zum gleiczen Preise erhält man auch nach dieser
481 4040 2985 4091 gegen, aber auch ein ungewöhnliches Verständnis. „Parsival“ zum Speisekarte eine Saftlende mit Spinat, während
266 4018 475 4098 hergestellt
466 4041 2987 4141 Beispiel ist nach seinen Entwürfen inszeniert worden, das heißt, ein Burgunder Rindsbraten mit Püree sogar um
262 4087 469 4157 en mußte.
254 4113 2236 4184 #e dieses er hat nicht etwa nur Angaben dafür gemacht, sondern er hat die Mark 180 zu haben ist.
1381 4166 1462 4203 ET
