3344 4352
122 291 226 390 1.
2241 208 2328 287 —
1892 191 2206 287 — —
1113 285 1591 381 box 42/1
251 281 1049 392 Miscellansons
2276 783 2539 865 Seite 7
526 791 1242 870 Neue Freie Presse.
1575 793 1951 892 23 März 1920
2161 816 2366 897 ——
324 818 542 908 ——
1161 827 1546 906 ——
219 893 1409 966 jahre. Das Leichenbegängnis findet Dienstag um ¼11 Uhr
1393 872 2574 956 scheiden Ihres Herrn Vaters. Er war ein außerordentlicher
220 942 1393 1009 vom Wiener Zentralfriedhofe (drittes Tor) aus statt. — Freitag
1400 948 2570 1013 Mensch in seiner Lebenssphäre und nicht bloß in dieser.
214 989 1399 1045 den 19. de starb Adalbert Dionys Markovics, Kaufmann,
1396 976 2578 1046 Bedmkt man, wie schlaff die Menschen sind, wie schnell
234 1032 987 1085 im 63. Lebensjahre nach kurzem Leiden.
1396 1025 2577 1097 desorientiert und entmutigt, wie inkohärent — so ermißt man
1404 1078 2582 1138 erst, wie selten eine solche Organisation, an der alles immer
248 1109 1363 1215 Kundgebungen für das Andenken Moriz
1392 1138 2582 1191 wieder sich spannte, nichts ermüdete — alles voll Ressoura¬
1395 1179 2571 1240 und Kraft. Vor dem Kriege hatte ich ihn nicht gekannt;
653 1174 965 1273 Benedikts.
1401 1205 2579 1278 durch den Krieg erst ergaben sich die gelegentlichen
989 1225 1362 1312 Wien, 22. März.
1396 1262 2577 1327 persönlichen Begegnungen. Ich werde diese und die große
303 1292 2591 1347 Don Alsonso von Bourboy und Oesterreich warme Freundlichkeit, die der Verstorbene gegen mich an den
190 1327 1060 1423 [[Este telegraphjort aus Altmnünster (an
1097 1340 2587 1432 1. Herausgeber [Taa legte, gewiß nie vergessen. Vor allen Ihnen persönlich
213 1390 1104 1460 lund Chefredakteur der „Nosen Freien Peist
1172 1397 2580 1462 Dr. Ernstkondoliere ich aufs inigste; Sie haben den besten Vater und,
221 1454 2569 1520 Benedikt: „Meine Frau und ich nehmen den wärmsten was ein so seltenes Glück ist, einen bis ins Letzte jugend¬
225 1497 2580 1540 Anteil an dem großen Schmerz, welchen Sie durch das lichen Vater verloren. Allen Ihren Milacheitern spreche ich
225 1536 1407 1597 Hinscheiden Ihres so verdienstvollen Vaters erleiden. Bitte
1400 1546 1985 1615 mein herzliches Beileid aus.“
229 1585 1405 1643 auch der Redaktion der „Neuen Freien Presse“ alle unsere
1486 1578 2578 1648 Der Wiener Männergesangverein drückt in einem
231 1640 1308 1710 Teilnahme zu diesem schweren Verlüiste auszusprechen.“
1405 1615 2578 1700 sehr herzlichen Schreiben den Dank für die alte Freundschaft
318 1677 1395 1733 Minister des Aeußern a. D. Stephan Graf Burian
1400 1669 2582 1754 und das warme Interesse sowie für die stete Förderung
207 1729 1406 1805 v. Rajecz kondolierte: „Mit dem Ausdruck der wärmsten
1404 1721 2600 1791 deutscher, österreichischer und Wiener Kunst durch Moriz
214 1769 840 1855 und aufrichtigsten Teilnahme.“
1407 1781 1727 1853 Benedikt aus.
1499 1805 2582 1890 Der „Schubertbund“ schreibt: „Ein Stern erster
309 1818 1406 1882 Feldzeugmeister Hugo Hofmann sprach „das
209 1866 1396 1929 innigste Beileid über den Verlust des unvergeßlichen Herrn
1396 1869 2595 1928 Größe am Firmament deutschen Schrifttums, dessen Glanz
223 1913 557 1989 Benedikt aus.“
1403 1908 2596 1979 weithin strahlend den Ruhm österreichischer Journalisten
1400 1963 2596 2042 verkündete, ist erloschen. Mit aufrichtiger Trauer stehen wir
312 1944 1406 2017 Professor Marcel Dunau, Mitglied der französischen
1407 2015 2126 2084 an der Bahre dieses großen Toten.“
214 1988 1398 2064 Mission und Pressechef der französischen Gesandtschaft in
1503 2048 2583 2131 Aus wirtschaftlichen Kreisen trasen unter anderm
217 2045 1408 2115 Wien, sandte nachstehendes Beileidschreiben an den Heraus¬
1414 2095 2110 2179 folgende Trauerkundgebungen ein:
211 2111 1396 2169 geber: „Zu meinem großen Bedauern verhinderte mich ein
1489 2127 2580 2199 Der Präsident des Hauptverbandes der Industrie
224 2143 1406 2222 Unwohlsein, das mich ans Zimmer fesselt, der Leichenseier
1412 2176 2581 2261 Oesterreichs, Fritz Hamburger, schreibt dem Herausgeben
216 2185 1407 2275 für Ihren Herrn Vater beizuwohnen und derart Ihrer
1413 2248 2577 2304 und Chefredakteur Dr. Ernst Benedikt: „Aus Anlaß des
217 2238 1390 2316 Familie, Ihnen und Ihrem Blatte den großen Anteil zu
1406 2294 2591 2358 Ablebens Ihres Herrn Vaters spricht der Hauptverband sein
215 2295 1394 2350 erweisen den die französische Mission an dem Schicksals¬
1407 2314 2592 2395 wärmstes Beileid aus. Die „Neue Freie Presse“ war unter
223 2346 1396 2404 schlag nimmt, der Sie getroffen hat. Die hohe Achlung, die
1410 2372 2580 2439 seiner Leitung ein Organ, welthes stets für die Interessen
221 2389 1400 2442 ich für die bewunderungswürdige Arbeitskraft, die Origina¬
1405 2421 2589 2483 der industriellen Produktion warm und verständnisvoll ein¬
217 2433 1399 2498 lität der Anschauungen, die reichen historischen und wirt¬
1403 2459 2599 2534 getreten ist, und die österreichische Industrie wird ihm stets
227 2484 1394 2548 schaftlichen Kenntnisse Moriz Benedikts empfand, vereinigten
1414 2517 2165 2591 eine dankbare Erinnerung bewahren.“
230 2536 1397 2594 sich in mir trotz Meinungsverschiedenheiten über einzelne
1484 2570 2590 2638 Der Direktor der Eskomptegesellschaft Maxime
222 2579 1392 2634 politische Probleme mit einer herzlichen persönlichen Sym¬
1405 2597 2583 2672 Kraßny schreibt an den Herausgeber und Chefredakteur
221 2624 1390 2683 pathie, die mich für den nunmehr Verbbchenen beseelte, seit¬
1400 2663 2590 2719 Dr. Ernst Benedikt: „In tiefer Trauer bitte ich, den Aus¬
222 2674 1380 2741 dem mich meine Aufgaben als Korrespondent des „Temps“
1403 2698 2594 2779 druck wärmster Teilnahme entgegennehmen zu wollen. Das
221 2730 1403 2785 und als Pressechef der Wiener französischen Mission mit ihm
1406 2747 2582 2811 Ableben Ihres hochverehrten Herrn Chefredakteurs Moriz
220 2768 1398 2829 in Verbindung gebracht hatten. Gestatten Sie mir nochmals,
1397 2801 2587 2853 Be„#nt hat der „Neuen Freien Presse“, aber auch deren
214 2822 1398 2869 meinen herzlichen Anteil ausdrücken zu dürfen und gleich¬
1399 2846 2583 2902 Freuuden und Anhängern einen unermeßlichen Verlust ge¬
215 2876 1406 2948 zeitig das Beileid der Wiener französischen Mission zu ver¬
1409 2899 2590 2949 bracht. Bewahren wir dem grißen Toten Treue, indem wir
225 2899 499 2978 dolmetschen.“
1407 2940 2583 3004 seine goldenen Worte hoch halten: „Nicht den Mirt sinken
311 2946 1393 3028 Beileidskundgebungen sandten ferner Minister a. D.
1401 2983 1937 3061 lassen, die Herzen hoch!“
217 2998 1393 3056 Julius Twardowski, der ungarische Justizminister a. D.
1483 3030 2592 3091 Kondolgnzen trafen ferner ein von dem Generalsekretär
219 3057 1403 3115 Dr. Vazsonyi, Gesandter Kuczynski, Landtags¬
1451 3077 2583 3145 D der Oesterreichisch=ungarischen Bank Schmid der
207 3093 1392 3153 abgeordneter Fischel, das Mitglied des poluischen Reichs¬
1398 3118 2591 3188 Direk.ion des Postsparkassenamtes, der Zentralbank
223 3141 1393 3208 tages Dr. N. v. Löwenstein, der folgendes schreibt:
1402 3154 2592 3242 deutscher Sparkassen, dem Wiener Giro= und Kassenverein,
229 3197 1393 3255 „Noch heute, in der Erinnerung, stehe ich im Banne der be¬
1408 3213 2584 3277 Direktor Ernst Lemberger namens der Lombard¬
219 3231 1391 3303 deutenden Persönlichkeit Benedints sowie seiner Geistesschärfe,
1408 3265 2584 3317 und Eskomptebank, Direktor Dr. Rottenberg namens
225 3289 1395 3338 seiner blitzschnellen Auffassung und jener abgeklärten Würde,
1402 3313 2589 3372 der Oesterreichischen Kontrollbank für Industrie und
239 3337 1394 3398 die zu den Eigenschaften der Machthaber des Geistes gehört.“
1400 3356 1588 3431 Handel.
312 3384 1403 3436 Der ehemalige Staatsrat Oskar Teufel schreibt:
1494 3379 2591 3475 Beileidskundgebungen sandten die Firmen Gebrüder
218 3425 1397 3486 „Moriz Benedikt wor stets ein treuer Kämpfer für die Rechte
1395 3440 2582 3504 Gutmann, Vonwiller & Co., Hofmt Albert
223 3483 1396 3551 der Sudetendeutschen, die seiner hiefür stets in Dankbarkeit
1395 3492 2580 3566 Franksucter, Direktor Julius Hochapfel, der
221 3516 617 3605 gedenken werden.“
1404 3535 2598 3617 kommerzielle Direktor der Lpinen Montangesellschaft
312 3559 1397 3634 Aus wissenschaftlichen Kreisen kondolierten weiler die
1405 3585 2244 3670 Her der Gaßindustrielle Seum Hern.
1236 3620 1399 3676 Neu¬
879 3624 1252 3677 Herrnritt,
220 3615 864 3670 Universitätsprofessoren Hofrat
1485 3610 2583 3692 Die Börse für lundwirtschaftliche Produkte und ihr
219 3667 1392 3725 burger und Jappert, Universitätsprofessor Kafka
1403 3659 2593 3762 Generalsekretär Rezierungsrat Dr. Alexander Horovitz
221 3709 1403 3762 (Prag), Regierungsrat Dr. Hochsinger, Chefarzt Doktor
1409 3725 2085 3802 sandten herzliche Beileidschreiben.
227 3757 1397 3830 Rudolf Urbantschitsch, Professor König¬
1479 3754 2574 3848 Kondolenzen übermittelten außerdem der Landes¬
220 3807 409 3876 stein.
1408 3811 2584 3871 verband für Fremdenverkehr. der dentschösterreichische Verein
314 3833 1388 3910 In warmen Worten kondolietten Seminechef Dr. Wolf¬
1409 3862 2581 3932 für Frauenstimmrecht, der Verein der Wiener Schriftstelle¬
226 3889 1397 3957 gang Haase, Präsident des evangelischen Oberkirchenrates,
1406 3912 1965 3967 rinnen und Künstlerinnen.
221 3949 1400 3994 ferner Sektionschef Dr. Moritz Wimmer des Staatsamtes
1495 3939 2589 4015 Aus dem Kreise der Tugeszeitungen kamen noch
217 3991 1394 4057 für Handel, der Sektionsrat des Staatsamtes für soziale Für¬
1407 3992 2589 4068 folgende Trauerkundgebungen: Die Grazer „Tages¬
223 4037 811 4116 lorge Leo Wittmaner.
1398 4052 2611 4113 ##st“sprach üsch „Ablebene Wnerikts.9
325 4057 1402 4141 Der Gründer der Freiwilligen Rettungsgesellschaft
1404 4093 2589 4163 großen Journalisten und Charakters, ihr herzlichstes Beileid
220 4127 1399 4189 Wilczen und der Prasident Gorup schreiben: „Durch
1410 4146 2036 4208 in kollegialer Teilnahme“ aus.
331 4173 1399 4216 man##e# Eintreten Mla#e Benedikts für die Inter¬
