3392 4256
2100 167 2326 251 —
923 246 1003 318 US
1201 247 1656 346 box 42/1
200 245 1058 360 1. Miscellancons
245 1478 3186 1606 zu sehen, wie hier metaphysischer Geist ins! Puccini! Wenn Sarvon de Anechen Endatarf Rostbares ist als Publitumstheater: Pöcste
2190 1565 2845 1637 und Farbe, Traum und Seele.
252 1565 2197 1650 Weite und Freie strebt, wo Verdi Theater= dossis auf der Folter krachen läßt, läßt Puc¬
1222 1614 2201 1693 cini seine süßesten elegischen Melodien singen.
2267 1608 3169 1694 Zur erfolgreichen Theateroper gehören
253 1639 1238 1706 melodien gibt und Theaterszenen baut und
1226 1649 2197 1738 In das rinnende Blut spritzt er aus elegantem
2193 1673 3183 1749 effektvolle Rollen, und wer hätte in neuerer Zeit
243 1675 1232 1749 gleichsam kein Tropfen Musik aus dem
1234 1717 2194 1787 Flakon das duftigste Pariser Parfüm. Auf
2199 1725 3163 1794 mehr dankbare Rollen geschrieben als Puccini?
253 1723 1231 1796 Theaterglas hinausrinnt. Ebenso sind Puccinis
1231 1758 2198 1840 die kultivierteste Weise ist Puceini nach der
2194 1771 3165 1844 Unter ihnen ist. Tosca selbst gewiß die effekt¬
253 1780 1231 1858 Opern echte Theateropern und nichts anderes
1237 1816 2193 1900 „Boheme" und „Butterfly“ immer mehr in
2185 1822 3177 1891 völlste, und mit ihrem genialen Theaternaturell
252 1828 1230 1898 als Theateropern. Es ist in ihnen kein Takt
1224 1851 2195 1956 die ordinärsten Theaterwirkungen hinein¬
2247 1873 3171 1941 dem stärksten einer deutschen Opernsängerin
246 1876 1239 1952 Musik, der nicht vom Parkett aus geschrieben
1237 1908 2204 1985 gelangt, bis er in dem „Mädchen aus dem
2257 1906 3174 1988 hat sich Frau Jeritza auf die Tosca ge¬
248 1923 1237 1984 und noch für den letzten Galeriewinkel berechnet
1238 1959 2195 2036 Westen“ ganz in der gemeinsten Hinterwäldler¬
2201 1943 3176 2029 stürzt. Mit echter theatralischer Spielleidenschaft
257 1971 1235 2047 wäre. Immer sieht Puccini das Theater vor
1229 1999 2200 2080 romantik untergegangen ist. Das eben ist der
2195 2005 3178 2087 hat sie in der großen Theaterszene des zweiten
258 2024 1240 2082 sich, den hellerleuchteten Bühnenrahmen, in
2189 2046 3170 2138 Aktes die stärksten Effekte erzielt. und wie man
1235 2056 2203 2141 Fluch des Theaters, das nichts mehr sein will
262 2076 1236 2134 den er seine Melodien hineinkomponiert, die
2197 2117 3167 2192 einst vom Wolter=Schrei gesprochen hat,
1233 2113 2197 2181 als Theater, daß es mit seinen gröbsten un¬
263 2101 1241 2176 sich zum Akt zusammenschließen, wirkungsvoll
2190 2144 3179 2224 wird man einmal vom Jeritza=Schrei
1236 2151 2203 2236 geistigen Wirkungen, mit seiner Technik verlockt
262 2169 1236 2235 steigern. Und welche Melodien! Nichts Vanales,
2197 2203 3168 2276 sprechen, den strahlenden, hinausgestoßenen
1231 2208 2206 2284 und verführt. Wer nur für den Publikums¬
256 2218 1245 2280 aber auch nichts Tieferes, Musik mit Geist,
2185 2255 3167 2321 hohen Tönen, in denen die Sinnlich¬
1232 2251 2195 2326 geschmack schreibt, und mag es auch ein so ge¬
260 2260 1238 2337 Leben, Anmut, viel Süßes und Zärtlich¬
2187 2286 3195 2394 keit leuchtet. Den schwarzen Skarvia hat Herr
1244 2294 2208 2380 schmackvoller Musiker sein wie Puccini, ist nie¬
265 2299 1244 2378 Sentimentales, ein Hauch von Poesie, Musik
2196 2324 3193 2426 [Duhan gegeben, mit eleganter Bösewicht¬
1248 2342 2208 2419 mals davor sicher, daß er einmal ganz diesem
270 2354 1248 2430 mit einar feinen Eigenart, die — weil ihr der
1231 2400 2209 2473 Theater geschmack der Mässe verfällt. „Que
2193 2384 3182 2482 schärfe, aber man muß nur an seinen hoheits¬
268 2402 1250 2475 innere Reichtum sehlt — schon zur Manier ge¬
1235 2450 2202 2528 voulez vous, je suis leur chef. II fant, que
265 2446 1243 2522 worden ist, Musik für alle, für den gebildeten
2190 2448 3179 2534 vollen, geistig bedeutenden Kardinal in Pfitz¬
1240 2496 2214 2582 je les suive!“ Das hübsche Wort eines fran¬
261 2504 1239 2563 Musiker und für das kleine Ladenmädchen, für
2192 2486 3177 2586 ners „Palestrina“ denken, um zu sehen, was
2202 2550 3177 2620 poctisch gesehene Figur und was eine
1250 2542 2217 2617 zösischen Parteiführers läßt sich auch auf
259 2548 1247 2617 den Herrn im Smoking und den Studenten
1245 2590 2216 2666 Puccini anwenden, der nur als Theaterpoet der
2204 2594 3183 2663 Theaterrolle ist. Cavaradossi wurde von
261 2601 1246 2676 auf der vierten Galerie. Musik, die t un¬
1236 2645 2204 2712 „Bohème“ und „Butterfly“ ein feiner Künstler
2202 2645 3169 2713 Herrn Piccaver wenig disvoniert genäselt.
267 2637 1245 2724 fehlbarer Sicherheit den sontimentalen Winkel
2199 2700 3177 2766 Franz Schalk hatte sich die Ehre nicht nehmen
1249 2696 2202 2771 ist. Und ich gestehe, daß ich gerade, wenn ich
261 2696 1244 2769 trifft, in dem auch der Gebildete zum Pöbel
2201 2748 3186 2818 lassen, an einem solchen Sensationsabend am
1240 2741 2218 2811 eine der Opeen Puccinis gehört habe, mit
267 2748 1245 2830 gehört, wie ihn einst Feuillet oder Chnet ge¬
2202 2785 3187 2860 Kapellmeisterpult zu präsidieren. Aber zum
1238 2786 2216 2858 besonderer Zärtlichkeit jener Musiker gedenke,
257 2780 1246 2879 troffen haben. Musikeines Homme du theätre,
2205 2820 3186 2901 Puccini=Dirigenten fehlt dem ausgezeichneten
1251 2839 2215 2918 die sich an Theatertechnik mit Puccini nicht
264 2840 1246 2918 der, wenn er das traurige Schicksal der armen
2203 2873 3189 2957 Künstler, der das Overntheater durch die große
271 2894 1239 2970 Mimi oder der kleinen Butterfty besingt, zum
1250 2889 2211 2967 vergleichen lassen und keine erfolgreichen
2202 2918 3184 3011 Krise mit künstlerischen Ueberzeugungen, siche¬
271 2943 1206 3033 eleganten, zärtlich fühlenden Poeten wird.
1246 2938 2217 3008 Publikumsopern eeschrieben haben, und doch,
2209 2974 3219 3050 rer Hand und klugem Blick führt, etwas
1240 2991 2204 3058 wie Goetz in der „Widerspenstigen“, Cornelius
345 3001 1242 3071 In der „Tosca“ wird man freilich vom
2214 3021 3221 3099 Wesentliches: der Glauhe an die Puccinische
1246 3024 2217 3108 im „Barbier von Bagdad“ von Modernen
276 3045 1251 3124 Poeten nichts finden. Hier ist nichts als effekt¬
2213 3067 3227 3146 Musik, die Liebe. Die Steigerungen gerieten zu'#.
1247 3068 2211 3149 Pfitzner in der „Rose vom Liebesgarten“ und
266 3106 1244 3179 volles, spannendes Schauertheater. Eine Tra¬
2215 3123 3197 3191 maisig, Mit dem gediegenen Ernst eines¬
1246 3133 2217 3223 Debussy in „Pelleas und Melisande", Opern
278 3149 1252 3229 gödie, wenn Lemaktres Wort wahr ist, daß es
2216 3173 3180 3247 Wagner=Dirigenten läßt sich die Folterbank der
1247 3188 2214 3267 geschrieben haben, die künstlerisch wertvoller,
268 3200 1246 3279 nichts Tragischeres aibt als eine Mauer, hinter
275 3267 3139 3317 der etwas Schreckliches vorgeht. Freilich, wie interessanter und reicher sind als die effekt= „Tosca“ nur schwerfällig in Bewegung setzen.
2887 3270 3155 3350 Max Graf.
277 3296 2265 3384 wirkungsvoll ist die Mischung von Sardou und vollsten Theaterovern, weil hier mehr und!
