3344 4384
1154 383 1611 474 box 41/6
155 381 1003 483 1. Miscellaneeus
474 778 553 853 K
359 815 508 887 0
1285 816 1358 915 6
654 782 1012 953 A
621 1181 1324 1291 Neue Freie Presse.
1330 1249 1501 1297 —.—
206 1269 385 1324 werden.
398 1283 1563 1360 reichhaltigen Weihnachtsausstellung ein. Von jeher hat die Firma
209 1316 382 1375 nämlich
400 1320 1540 1381 Lechner die Jugend= und Geschenkliteratur sowie Prachtwerke als
192 1351 379 1416 es aus¬
402 1360 1541 1418 Spezialität gepflegt und sie bietet auch heuer wieder eine größe
196 1401 374 1450 ind der
395 1402 1546 1458 Auswahl von Werken in Luxuseinbänden, die von Bibliophilen
234 1437 380 1497 ebevolle
395 1442 1551 1503 gern gekauft werden. Die Wahl der Jugendschriften wird dadurch
394 1483 1545 1534 erleichtert, daß das große Lager nach Alter und Bildungsstufen
217 1488 372 1542 Frau das
402 1522 1551 1571 geordnet aufgestellt ist. Die Kunstabteilung umfaßt ein kunstsinnig
226 1530 371 1583 enn die
389 1557 1545 1609 gewähltes Lager von Bildern. Die photographische Abteilung bietet
260 1570 380 1625 ieger¬
388 1585 1537 1645 dem Amateurphotographen eine reiche Auswahl an Apparaten und
218 1611 375 1673 eigenen
387 1630 1531 1687 Bedarfsartikeln. Alle wo immer angezeigten neuen Bücher sind
193 1652 366 1712 uttoilette
392 1670 1530 1754 zu gleichen Preisen von der Firma Lechner zu beziehen. Der soeben
208 1700 372 1755 zu ver¬
392 1712 1355 1780 erschienene Weihnachtskatalog wird kostenfrei abgegeben.
217 1735 372 1793 schlecht
192 1781 382 1837 sterbeetat
611 1780 1307 1895 Weihnachtseinkäufe.
193 1822 381 1875 nd Wert!
180 1858 378 1920 stürlichen
775 1862 1161 1947 Eine Straßenszene.
187 1898 381 1966 auf ihre
721 1933 1211 2007 Von Ludwig Hirschfeld.
177 1948 373 2004 ie in der
185 1985 377 2047 n Schuhe
455 1976 1531 2063 Bobby Fries, der letzte Lebemann, lebt natürlich noch
180 2035 370 2094 it tragen
385 2029 1529 2108 immer. Nür nicht mehr so sorglos üppig, denn dieses
182 2073 367 2134 haupt zu
376 2092 1521 2156 ersttlassige Hotel= und Luxusdajein haben ihm ja schon
184 2120 364 2176 sen und
376 2127 1515 2211 heuer im Herbst die behordlichen Einschränkungen und
183 2158 366 2220 Prüfung
379 2185 1530 2258 Sperlvorschriften gründlich verleidet. Es ist ihm nichts
176 2199 361 2261 Insprüche
380 2224 1538 2307 körig geblieben, als sich aus dem Speijesaal, der Bar und
182 2241 358 2314 er Fleck
383 2277 1523 2357 dem Separe in sein eigenes Privatleben zurückzuziehen, er
172 2286 355 2350 ehr sein.
171 2331 359 2394 gstraßen¬
373 2322 1526 2406 hat sich eine Wirtschafterin genommen, menagiert zu Häuse,
203 2362 368 2434 wie es
375 2371 1525 2456 hochst solld, fühlt sich aber dabei sehr wohl. Natürlich bringt
171 2413 357 2469 dußt und
370 2427 1529 2513 diese neue Lebensführung allerlei neue Sorgen mit sich,
181 2450 355 2515 erwähnte
370 2464 1521 2557 Hausfrauensorgen eines bequem gewordenen älteren Jung¬
182 2500 347 2556 ihr un¬
367 2530 1513 2599 geseuen, namentlich jetzt, in den Tagen vor Weihnachten.
172 2542 345 2596 verurteilt
373 2569 1518 2637 Bobby Fries bummelt also am späten Nachmittag durch
182 2582 351 2635 del aber
176 2626 1529 2695 e soll sie die Innere Stadt, um Weihnachtseinkäufe zu machen. Es
178 2673 1521 2728 essin ist# ist nicht die richtige Weihnachts= und Eintaufsstimmung.
189 2702 1519 2790 Schahe In den Kaffeehäusern sitzen die Menschen wie Statisten
164 2745 349 2812 die bösen
361 2762 1519 2840 und tun, als ob sie jansnen würden. Das Gedränge in
159 2793 348 2854 che und
368 2807 1519 2889 den Straßen ist sehr schütter und die Beleuchtung überall
164 2824 347 2887 skeit er¬
360 2857 1520 2922 derart reduziert, daß man weder seine unangenehmsten
166 2877 353 2934 leihe bei
366 2905 1517 2984 Bekannten noch die hohen Preise in den Auslagen recht¬
156 2918 347 2995 inter die
360 2952 1514 3039 zeitig bemerkt. Bobby Fries ist unter eine Laterne getreten,
362 3003 1512 3089 hat den Zwicker aufgesetzt, eine lange Einkaufsliste hervor¬
157 2993 342 3074 setag.]
164 3053 349 3116 r Aerzte
362 3046 1390 3142 gezogen und liest sorgenvoll: „Bluse, Hausschuhe,
1412 3070 1521 3139 vier
159 3089 341 3159 ichtigkeit
350 3089 990 3158 Meter Damentuch doppeltbreit.
161 3137 341 3202 heutigen
431 3145 1509 3226 Um dieselbe Stunde besorgt auch Frau Dora ihre
162 3181 340 3241 rke Zu¬
350 3172 1506 3276 Weihnachtseinkäufe. Sie ist jene mondäne Dame, die
161 3221 341 3294 ellt. Die
345 3231 1510 3320 Bobby Fries früher einmal Jahre hindurch mit aus¬
156 3265 344 3330 Heheimen
352 3283 1506 3373 dauernder und feuriger Hoffnungslosigkeit verehrt hat und
159 3311 331 3366 er wird
355 3331 1517 3423 die für ihn sozusagen eine unentbehrliche Ergänzung der
159 3349 337 3414 such ein
154 3387 333 3457 ämpfung
347 3391 1517 3468 jeweiligen kleinen Freundin war, weil sie alle jene Eigen¬
157 3434 332 3497 chwestern
343 3438 1508 3521 schaften besaß, die den Vorstadtmädchen zu fehlen pflegen.
164 3479 335 3533 sind die
341 3492 1505 3558 Aber das ist, wie gesagt, sehr lang her, und seitdem hat
150 3509 335 3589 imararzt
343 3523 1501 3614 Bobby Fries Frau Dora völlig aus den Augen verloren.
149 3565 328 3618 ## wird.
336 3577 1499 3663 Sie ist übrigens recht gut konserviert, nur sind die Züge
165 3596 342 3664 (Prag),
342 3628 1500 3710 etwas scharf und streng geworden, wie das bei ehemals
150 3649 322 3702 vatdozent
148 3689 322 3748 che Heil¬
334 3672 1489 3760 schönen und koketten Frauen häufig der Fall ist. Das ent¬
162 3732 318 3784 Passek)
335 3725 1498 3807 zückende Lächeln hst um den Mund herum gleichsam fest¬
150 3770 325 3822 Hesell¬
334 3779 1496 3855 gefroren: ein betagtes Lächeln, das mit der Zeit zu sehr
142 3811 324 3865 Bundes¬
337 3821 1488 3903 ernsthaften Falten wurde. Frau Dora benützt noch immer
135 3849 329 3909 ilten, die
341 3860 1488 3949 dasselbe Parsum wie einst, und dieser Duft, der Bobby
140 3895 321 3956 sung der
333 3914 1491 3989 wie eine deutliche Erinnerung plötzlich anweht, läßt ihn
143 3933 318 3997 ten Hof¬
326 3968 1491 4029 aufblicken, hinsehen, und dann grüßt er, beinahe erschrocken.
146 3976 323 4042 mberger,
166 4021 315 4078 Böhm.
329 4008 1491 4089 Aber nach einer Weile hat er sich gefaßt, geht neben ihr her
137 4040 315 4116 Kutschera
341 4051 1489 4140 und frägt mit altmodischer Galanterie, ob er ihre Packerln
334 4098 610 4166 tragen dürse.
157 4104 315 4161 Doktor
182 4144 315 4209 (Linz)
418 4135 1477 4237 Frau Dora. Sie sind doch selbst ganz beladen. ...
192 4185 318 4243 Graf
327 4181 1479 4278 Früher haben Sie prinzipiell kein Packerl getragen, sondern
146 4226 322 4289 loß, alle
337 4244 599 4290 gleich einen
1829 284 2237 373 —.—
1664 969 1964 1066 geluner ner#
1595 1202 2099 1316 16. Dezember 1917
2415 1219 2708 1299 Nr. 19152
1638 1302 2733 1392 Frau Dora. Velleicht kann ich Ihnen den Stoff
1567 1349 2733 1443 ohne Bezugsschein verschaffen. Aber Sie müssen einige
1552 1398 1974 1469 Zigarren spendieren.
1626 1452 2735 1539 Bobby. Selb,iverständlich. Sehr gern. Vielen Dank.
1558 1480 2561 1569 Wir verstehen uns noch immer ausgezeichnet. ...
1637 1543 2729 1625 Frau Dora (seufzend). Ja, wir verstehen uns (bleibt
1560 1576 1902 1647 stehen). Bobby.
1983 1600 2737 1678 ist hier nicht der Platz, wo Sie mich
1553 1644 2718 1709 damals, auch an einem solchen Nachmittag im Dezember,
1547 1670 1913 1741 bestürmt haben?
1990 1681 2441 1759 Es war sehr„fritisch.
1632 1701 2730 1809 Bobby (zerstreut und gleichgültig). So, hier war
1537 1762 1686 1828 das?
1777 1783 2163 1848 Kann schon sein..
2248 1787 2729 1855 Hier ist ja auch die
1542 1814 2730 1921 große Käsehandlung. Ich hab' schon seit zwei Jahren
1548 1868 2138 1934 keinen Emmentaler gegessen.
1622 1911 2736 2006 Frau Dora. Nach Emmentaler sehnen Sie sich. ..
1541 1935 2222 2036 Kann ich Ihnen auch verschaffen.
1625 2008 2658 2083 Bobby. Sie sind eine ungewöhnliche Frau. .
1545 2025 2723 2128 Verheiratetsein ist doch etwas Schönes. Man findet die
1547 2106 2715 2201 nötige seelische Ergänzung . . . Und gewiß haben Sie auch
1544 2152 2719 2240 große Vorräte. ... Wie geht's übrigens dem Herrn Ge¬
1536 2201 2375 2261 mahl? Versteht er Sie jetzt schon besser?
1626 2243 2731 2344 Frau Dora. Glänzend. Seit unserer silbernen Hoch¬
1539 2282 2221 2360 zeit lieben wir uns geradezu. ...
1620 2341 2713 2435 Bobbv. Ueberhaupt, es ist merkwürdig, alle Ehe¬
1543 2392 2196 2459 paare vertragen sich jetzt so gut.
1626 2438 2712 2525 Frau Dora. Ja, das macht der viele Aerger, die
1549 2479 2711 2558 Wirtschaftssorgen.... Uebrigens, ich habe noch gar nichts
1537 2529 2717 2647 für meine beiden Dienstmädchen eingekauft. Ich weiß
1535 2586 2509 2647 wirklich nicht, was ich denen heuer schenken soll.
1619 2636 2579 2712 Bobby. Das kann doch nicht so schwer sein.“
1615 2682 2699 2762 Frau Dota. Glauben Sie? Dienstmädchen sind
1533 2717 2704 2796 heutzutage anspruchsvoller als früher Ihre herzigen
1537 2768 2708 2847 Vorstadtblondinen. Der übliche Weihnachtsteller wird mich
1537 2816 2716 2912 schon ein kleines Vermögen kosten. Für ein Kilo
1525 2867 2338 2942 Sultanfeigen verlangt man 24 Kronen.
1605 2913 2656 2999 Bobby (mit ehrlicher Teilnahme). Nicht möglich...
1529 2958 2707 3059 Und was schenkt denn Ihnen der Herr Gemahl? Natür¬
1536 3002 2088 3079 lich Perlen, Beillanten. ...
1612 3054 2690 3144 Frau Dora. Woher denn. Wir haben nichts
1527 3093 2694 3201 geliefert, wir haben gar keinen Anstand gehabt . ... Sie
1523 3161 2703 3259 wissen ja, mein Mann war nie auf der Höhe der
1524 3198 1833 3263 Situation
1602 3240 2694 3357 Bobby. Schon 7 Uhr?... Die Geschäfte sperren
1528 3309 2670 3382 alle. ... Gnädige Frau, ich muß mich leider empfehlen. ...
1600 3353 2703 3445 Frau Dora. Holen Sie noch immer jemanden ab?
1599 3393 2343 3468 Bobby. Nein, nein, wirklich nicht.
1611 3440 2699 3527 Frau Dora. Bis zur Haltestelle können Sie mich
1524 3476 1848 3553 schon begleiten.
1610 3538 2688 3628 Bobby. Nicht wahr, Sie denken an meinen
1511 3562 1803 3662 Bezugschein?
1595 3625 2681 3719 Frau Dora. Wenn Sie mir sagen, wer den doppelt¬
1511 3676 2678 3772 breiten Damenstoff zu Weihnachten bekommt. Sie wissen,
1502 3706 2673 3803 sich habe mich immer für Ihre Leidenschaften interessiert.
1584 3785 2672 3866 Bobby. Leidenschaften. ... Aber Sie dürfen mich
1507 3802 1861 3885 nicht auslachen.
1947 3831 2674 3913 Nämlich ... meine Wirtschafterin
1507 3857 2661 3982 wünscht sich einen Wintermantel. ... Sie kocht aus¬
1505 3910 1764 3992 gezeichnet.
1585 3954 2688 4069 Frau Döra. Die Wirtschafterin. .. Bobby, Sie
1507 3988 1889 4086 sind alt geworden.
1590 4046 2362 4139 Bobby. O nein, bloß dyspeptisch. „
1593 4101 2666 4195 Frau Dora. Ueberhaupt, seien Sie mir nicht böse,
1487 4134 2666 4252 aber ich habe mir unser Wiedersehen ganz anders vor¬
1504 4197 1662 4267 gestellt.
1577 4239 1740 4291 Boßh
