3392 4320
1190 251 1648 354 box 42/1
185 254 1053 376 1. Miscellancons
639 622 750 696 WUn
347 685 2874 743 lichen Verhältnis von Dauer zusammengefunden. Aus dem Brief=sich noch mehr von Ihnen: im Kaffeehaus, das ich viel einriger
359 729 2882 772 wechsel der beiden geistigen Kapazitäten sind als wahrhaft besuchte als die politischen Diskussions= und Mahlabende der Lese¬
365 772 2885 846 menschliche Dokumente vielfache Ausschnitte wiedergegeben, die halle, und wo Sie einen beträchtlichen Ruhm als Dominospieler
366 826 1159 901 unser Interesse in hohem Grade fesseln.
1596 821 2877 888 (hauptsächlich im blinden Domino, wie ich leider hinzusetzen muß)
220 823 376 931 und
481 854 2873 927 Vom Beginn dieser Freundschaft gibt Kellner die nach= genossen. Einige Schöngeister sprachen übrigens bereits von Ihrer
361 917 2878 967 folgende Darstellung: Paul Goldmann machte Herzl im Jahre Bebeutung als dreiaktiger Lustspieldichter. Wollen Sie einen
372 962 2885 1032 1892 auf Schnitzler aufmerksam. Sie saßen auf der Journalisten= Beweis für meine literarhistorische Begabung? Ich weiß
196 1019 2896 1094 jänglichen  tribüne des Palais Bourbon und plauderten von Wien. Gold= noch genau, daß Siegfried Weitheim der erste war, der
1607 1061 2868 1128 mir von dem Dichter Herzl sprach. Bald darauf lernte ich Sie
218 1073 1617 1126 werden mann sprach mit Entzücken von seinen Wiener Freunden, deren
368 1097 2861 1167 er sich als Herausgeber der belletristischen Zeitschrift „Die blaue persönlich kennen und las zwei Ihrer Stücke im Manuskript:
178 1087 391 1185 Stigen
186 1152 2866 1223 erhalten, Donau“ eine stattliche Anzahl erworben hatte, und nannte unter „Tabarin“ und ein zweites — hirs es nicht „Die Aufgeregten?“
2227 1194 2873 1264 „Wer solche Stücke schreiben
194 1203 2195 1273 die in anderen Artur Schnitzler in rühmender Weise. Herzl war darüber Und weiter beneidete ich Sie.
178 1271 2882 1311 Das ist erstaunt. Ec hatte Schnitzlers Talent nicht allzuhoch eingeschätzt, könnte“ — (damals schrieb ich nämlich ganz bestimmt schlechtere
187 1298 2875 1371 Publikum persönlich war ihm der „junge Dichter“ geradezu unsympathisch ge= Stücke als Sie!). Aber die ganze Siudentenzeit verstrich, ohne
250 1344 2870 1412 eines wesen, in erster Reihe wegen seines Anhanges, der „Jungen von daß wir ein Verhältnis zu einander finden konnten — offenbar,
189 1367 264 1424 8
182 1407 2859 1468 erzl als Profession“. Nun aber las er Schnitzlers „Märchen“; daraufhin wie mir Ihre letzten Zeilen beweisen — weil ich für Sie zu
175 1437 2882 1519 utigung, schrieb er ihm einen rührend bescheidenen, reuigen, rückhaltslos arrogant war! — In Kammer habe ich Sie dann gesprochen,
1605 1491 2877 1555 als wir schon beide Doktoren waren; Sie waren von einem Kreis
191 1492 1613 1562 Gestalten enthusiastischen Brief (29 Juli 1892), der unter anderem die
1611 1542 2873 1602 hübscher junger Frauen umgeben — und wieder habe ich Sie —
370 1537 810 1620 schöne Stelle enthält:
184 1554 389 1615 je mehr
1605 1575 2880 1649 hoffentlich nicht ganz ohne Grund — „beneidet". Und auch
497 1561 1618 1651 „Wenn ich so ein Talent wie Ihres aufblühen sehe, freue
252 1598 386 1658 Leon
196 1612 2880 1699 Meistersich mich, wie wenn ich nie ein Literat, das heißt, ein eng= damals lächelten Sie irbnisch! — Und wieder verließ ich Die in
182 1699 2869 1753 en Doku= herziger, unduldsamer, neidischer, boshafter Tropf gewesen wäre, jeuer gedrückten Stimmung, die an Leuten gegenüber hat,
178 1724 2865 1798 erden des freue mich aber wie über die Nelken da unten im Garten, die die einem auf derselben Straße z #anzig Schritte weit voraus.
1597 1776 2869 1844 laufen. An diese Erinnerung aber reiht sich eine von denen, die,
187 1775 607 1861 R. Löwit erwachen.“
487 1821 2880 1895 Von da an entspann sich ein freundschaftlicher Brieswechsel, über das Persönliche weit hinausgehend, in einer Geschichte der
184 1841 398 1902 nde, von
189 1876 2883 1940 Die Kind= der erst mit der Uebersiedlung Herzls nach Wien seinen Abschluß modernen Literatur als kleingedruckte Anmerkung einen sicheren
1610 1923 2869 1976 Platz verdiente. Das neue Burgtheater war noch im Bau; wir
188 1916 1621 1996 en guten fand. Schnitzlers Brief vom 5. August 1832 enthält
1608 1968 2866 2041 spazierten an einem Spätherbstabend vor dem Bretterzann auf
187 1988 1422 2045 Geltung bei allem Humor ein Stück ernster Herzl=Biographie.
481 2017 2877 2088 „Hochverehrtester Freund! Eine Ahnung muß ich aber und ab. Natürlich hatten wir uns zufällig getroffen — da es
173 2033 401 2099 wie dieses
179 2080 2873 2147 tieft und immer gehabt haben, daß wir einander einmal näher kommen, mir ja bis heute nicht gegönnt war, uns je absichtlich zu be¬
189 2125 2873 2187 olgreichen daß Sie mich sogar einmal „loben“ werden, denn geguen. Da sagten Sie mit einem bescheidenen, erobernden Blick,
1500 2151 2869 2237 die der auf den emporsteigenden Mauern ruhen blieb: „Da komm'
965 2159 1521 2240 welcher Präzision mir
192 2174 982 2239 ntwickelt ses ist merkwürdig, mit
191 2221 2872 2278 ischen sich einzelnen Etappen unserer Bekanntschaft im Gedächtnis ge= ich einmal hinein!" Ja, mein lieber Freund, damals war
979 2261 2866 2323 „als ich zum erstenmal dich der Moment gewesen, mich für Ihr vielfaches ironisches Lächeln
192 2271 948 2340 n Wiener blieben sind. Ich weiß noch
1619 2312 2878 2372 einmal pauschaliter mittels eines grausen Hohnlachens
361 2305 1623 2381 sah“ — das war in der akademischen Lesehalle. Sie hielten eine
1607 2335 2049 2414 zu revanchseren —
2029 2332 2621 2418 ih blieb jedoch stumm:
2601 2354 2873 2418 ich kann
185 2365 1617 2429 g Herzls Rede und waren „schaif“ — in einer Weise scharf! Ich befand
226 2410 2870 2464 Zwei,mich in Ihrer Nähe und hatte die Empfindung, als wenn Sie nicht leugnen, Sie haben mir damals mehr imponiert als je. Sie
214 2455 2881 2515 in der mich mit einem gewissen milden Sarkasmus betrachteten: Sie wirden begreifen, daß ich diese kleine Geschichte, welche von der
191 2480 2885 2565 atten sich lächelten ironisch — und ich begann Sie zu beneiden. „Wer so Tatsache zum Range einer Anekdote emporgehoben wurde, jedem
191 2553 2885 2632 undschaft= reden und so lächeln könnte“, dachte ich mir. Bald darauf hörte Menschen erzähle, der den Namen „Theodor Herzl“ ausspricht.
2068 2593 2166 2658 L
1834 2628 3096 2711 Sie ist so wahrscheinlich, daß sie alle Welt für ersunden hält.
1825 2673 3093 2762 Ich erinnere mich noch eines letzten Zusammentreffens mit Ihnen
1906 2738 3095 2814 auf irgendeinem Ball, in einer Nacht, wo Sie schon lange,
1825 2786 3090 2845 aber schon sehr lange, ein berühmter Mann waren, während ich
1830 2837 3089 2909 an mir, an meinem Beruf — an beiden verzweifelnd, von
1821 2867 3093 2955 niemand eigentlich ernst genommen, meinen Ehrgeiz als guter
1829 2927 3101 2996 Gesellschafter und Demimondainer zu befriedigen suchte. Ich war
1829 2977 3097 3024 an jenem Abend besonders gut gelaunt und, wie ich glaube,
1830 3022 3095 3092 namenlos elegant. Da erschienen Sie. Mit ruhigen, überlegenen
1825 3071 3097 3150 Augen prüften Sie meine Krawatte und vernichteten mich. Wissen!
1827 3123 3032 3175 Sie, was Sie sagten? „Und ich hielt Sie für einen —
1830 3155 2123 3238 Brummel!!!
2234 3142 3094 3242 Ich hatte die deutliche Empfindungs
1826 3202 2810 3270 in Ungnade gefallen zu sein. Es war
2792 3220 3083 3292 klar, daß
1831 3259 2811 3319 ich leinen mußte, meine Krawatten besser
2797 3255 3081 3330 zu knüpsenz
1823 3309 3058 3365 oer doch wenigstens auf einem anderen Gebiet etwas Hervor#
1821 3358 3079 3425 ragendes zu leisten. In kühnen Momenten vermaß ich mich
1823 3406 3104 3459 beiden Zielen zuzustreben; vielleicht werde ich Sie noch einmal von
1823 3455 3081 3525 meiner Krawattenknüpfbegabung zu überzeugen Gelegenheit haben?
1819 3495 3091 3554 — Und wie ich nun heute bedenke, daß Sie offenbar darum mit#
1821 3539 2471 3622 mir nicht verkehren konnten —
2453 3553 3089 3611 weil ich Ihnen dünkelhaft vor¬
1826 3590 3091 3671 kam! Ich, der sich die „Causa Hirschkorn“ aus der Leihbibliothek,
1821 3642 3079 3717 das „Neue von der Venus“ von guten Bekannten ausgeliehen —
1821 3684 2939 3755 und der sich das „Buch der Narrheit“ sogar gekauft hat¬
2946 3689 3084 3760 — als
1824 3734 3090 3814 es eines Tages in. der Auslage zu 15 Kronen sichtbar wurde.
1816 3767 2823 3847 Ich, der zwar vom „Flüchtling“ behauptete,
2803 3790 2935 3852 er
2933 3795 3096 3865 könne
1809 3836 3074 3909 nur durch die Burgtheaterbesetzung gehalten werden, der
1829 3878 3081 3959 eber bei dem „Prinzen von Genieland“ die Ansicht verfocht,
1826 3926 3098 4019 daß sie im Cail Theater zugrunde gespielt würde! — Ich weiß
1821 3968 3083 4021 nicht, ob es mir mit dem bisherigen gelungen ist. Ihnen gerade
1823 4017 3101 4111 das zu sagen, was ich Ihnen sagen will: Daß es wahrhaftig!
1821 4059 3083 4135 nicht viel Menschen auf der Welt gibt, auf deren, Urteil ich den
1816 4113 3088 4171 gleichen Wert legen wöchte, wie auf das Ihre. Erme##, Glel
