3392 4320
167 263 1009 365 1. Miscellaneens
1152 255 1622 355 box 41/6
1785 122 3022 166 ihr##cken gegenüber benehmen. Man findet unter ihnen
1785 156 3032 218 Väter; die ihre geistigen Kinder lieben und hätscheln, andere
1788 215 3040 271 wieder sind ziemlich phiegmatisch, ja sie verachten sogar den ganzen
1779 253 3033 317 äußeren Theaterapparat und wenden ihm gern den Rücken. Sie
1776 294 3039 370 lieben ihre Stücke nur am Schreibtisch, freuen sich an jedem
1786 352 3024 419 Gedanken, leiden auch schöpferisch — denn wer von Schöpfer¬
1780 395 3032 467 freuden spricht, hat nur Mücken geboren, sagt die Ebner=Eschen¬
1782 442 1907 504 bach —
1939 455 3031 508 aber ihren ixdischen Theaterwert verfolgen sie nicht
1790 492 1932 550 weiter
1885 527 3032 604 Artur Schnitzler gehört zu den Autoren, die sich ihre
1767 571 3033 657 eigenen Stücke nur sehr sellen ansehen. In der letzten Spielzeit
1775 623 3045 706 hatte ihn Direktor Wallner eingeladen, einer Vorstellung von
1793 683 3044 735 „Liebelei" und „Abschiedssouper“ beizuwohnen. Der Dichter
1783 740 3036 796 leistete ausnahmsweise dieser Aufforderung Folge. Sonst bleibt er
1781 786 3034 850 dem Theater am liebsten fern, fremden Premieren weicht er nach
1781 827 3022 892 Möglichkeit aus. Nur bei den Gastspielen von Barnowski und
1789 874 3033 940 Reinhardt ist er zuweilen zu sehen. Man konnte beobachten, daß
1779 927 3021 980 der Dichter an seinen ewig=jungen Werken — an „Liebelei“
1775 953 3037 1026 hängt er begreiflicherweise — schöpferische Freude hatte und die
1777 1011 3028 1087 Leistung des Fräuleins Keller als Christine gefiel ihm ganz be¬
1783 1064 3037 1148 sonders. Stolz lief die Schauspielerin umher und erzählte es
1781 1112 2009 1175 jedermann.
1887 1152 3040 1219 Karl Schönherr pflegt sich jedes seiner Stücke einmal
1774 1200 1992 1274 anzusehen.
1879 1242 3032 1321 Hermann Sudermann findet an seinen Stücken mehr
1772 1312 3028 1366 Gefallen. Von einer Loge aus prüft er den ganzen Abend das
1782 1357 3028 1414 Publikum. Er verfolgt die Wirkungen, freut sich, daß jeder
1787 1401 3023 1458 Effekt präzis funktioniert. Er blickt nur selten auf die Bühne.
1780 1452 3029 1521 Im Antlitz des Zuschauers liest ein so gewandter Bühnenautor
1782 1502 3034 1552 alles — da spiegeln sich für ihn deutlich die Wirkungen. Wenn
1783 1547 3034 1599 Scherze und Pointen einschlagen, schmunzelt er. Allen seinen
1780 1598 3034 1661 Premieren im Burg= und Volkstheater hat Sudermann gerne
1781 1642 2023 1702 beigewohnt.
1888 1681 3035 1745 Ludwig Fulda liebt seine Stücke und reist den Erfolgen
1774 1726 2896 1809 in wichtigen Städten nach. Nach Wien kommt er immer.
1878 1774 3032 1856 Franz Molnar pflegt sich in Budapest öfter im Theater
1775 1809 3036 1890 zu zeigen, aber nicht, um sich an seinen Werken zu berauschen.
1782 1882 3033 1943 Er besucht die Schauspieler in den Garderoben, macht einen geist¬
1784 1934 3055 1995 reichen satirischen Witz über dies und jenes, oft auch über sein
1771 1970 3035 2032 eigenes Stück. Dann prüft er, ob auf der Bühne alles in
1783 2026 3044 2096 Ordnung sei — er ist bekanntlich ein hervorragender Regisseur.
1783 2072 3027 2146 Und zum Schluß macht er sich gern einen lustigen Abgang und
1778 2116 2485 2187 läßt die Schauspieler lachend zurück .
1887 2137 3043 2232 Karl Rößler, der Autor der „Fünf Frankfurter“ ist
1775 2213 3054 2294 auch im Leben stets in bester Laune. Sein legerer Humor erfreut
1771 2257 2772 2329 sich großer Beliebtheit. Bei seinen Premieren —
2770 2263 3037 2337 hie und da
1774 2321 3053 2371 wohnt er einer bei — ist er nie aufgeregt. In einem nahe
1769 2349 3045 2415 gelegenen Restaurant ißt er während der Vorstellung ausgezeichnet.
1711 2405 3043 2476 ze An seinem Appetit läßt er nicht „rütteln". Zum zweiten Akt¬
1719 2453 3044 2514 #schluß wird er von einem Bühnenarbeiter geholt: „Ist es schon
1769 2500 3043 2563 so weit?“ — fragt er phlegmatisch — und wenn er gerade gut
1692 2515 3036 2608 zin aufgelegt ist, erscheint er auch, erstens weil es ihm Spaß macht
1706 2595 3043 2645 ldl und dann auch wegen der Schauspieler. Und zuletzt auch ein
1699 2645 3044 2711 zen bißchen wegen des Publikums. Wiewohl er sonst kein Freund der
1695 2689 1769 2745 jet.
1769 2680 3040 2751 Hervorrufe ist. Ihm macht dieser ganze Apparat des Erscheinens
1696 2734 1774 2809 sost
1780 2732 3048 2803 (Herausholen des hinter den Kulissen offiziell „zittern den" Autors)
1758 2774 3036 2854 keine Freude und wenn er es vermeiden kann, so geschieht es.
1680 2829 3049 2886 en=Andere Autoren erscheinen auf den ersten Ruf. Komponisten haben
1685 2879 2581 2945 zu- stets ein Ensuitelächeln auf den Lippen ..
1679 2915 1772 2985 des
1890 2918 3042 2995 Hermann Bahr interessiert sich für seine Stücke nur so
1688 2967 3039 3028 zen, lange er sie schreibt. Sein „Konzert“, das bekanntlich ein Welt¬
1680 3022 3024 3094 zen erfolg war, hat er — so wird erzählt — im Deutschen Volks¬
1693 3064 3039 3147 sich theater überhaupt nicht gesehen! Auch zu der Wiener Premiere
1696 3114 2365 3186 an der „Kinder“ erschien er nicht.
1682 3159 1774 3236 die
1877 3164 3033 3238 Felix Salten, der einer der trefflichsten Regisseure
1761 3210 3022 3284 seiner Stücke ist, wohnt steis der Berliner Uraufführung seiner
1697 3262 3032 3318 i3= Komödien bei. Die Uraufführung findet prinzipiell nicht
1700 3297 1770 3356 je¬
1768 3308 3030 3367 in Wien statt! Gewöhnlich kommen seine Stücke erst nach Wien,
1687 3345 1753 3420 in
1775 3360 3033 3409 wenn sie bereits die Runde über die Bühnen gemacht haben. Sein
1707 3410 1758 3455 en
1768 3406 2498 3472 Einakterzyklus „Kinder der Freude“
2600 3404 3026 3470 einer der stärksten
1695 3449 1760 3508 hr
1779 3452 3024 3509 Bühnenerfolge der letzten Jahre — hatte seine Uraufführung
1773 3503 1985 3576 in Zürich.
1875 3536 3011 3619 Ein anderer sehr bekannter Wiener Schwankdichter ist so
1758 3599 3022 3666 maßlos aufgeregt, daß er sich an Premierenabenden überhaupt
1759 3659 3023 3714 nicht zeigt. Meist ist er „unpäßlich“. Die Hervorrufe mag er
1762 3692 3031 3752 nicht. „Das kommt mir vor, wie wenn der Restaurateur im
2350 3733 3014 3795 * Er sieht sich seine Stücke zumeist
1764 3742 2302 3794 Lokal die Gäste begrüßt..
1758 3788 3033 3856 am Sonntag an, da er sich vor Bekannten geniert. In seinen
1768 3832 2679 3902 Possen zeigt er allerdings weniger Schamgefühl.
1876 3871 3020 3947 Ein erfolgreicher Lustspielautor hat sich seine Naivetät
1755 3906 3031 4003 bewahrt. Er lacht über seine eigenen Scherze und zum Aktschluß
1759 3980 3021 4035 applaudiert er eigenhändig Der gute Mann hat sich trotz zwanzig¬
1758 4024 3020 4093 jähriger fleißiger und fast immer ehrlicher Dramenproduktion seine
2915 4071 2981 4120 *
1754 4068 2279 4158 I llusionen bewahrt ...
