3296 4256
1047 206 1114 271 W
182 198 1389 308 30. DerGang zun-einer
483 702 764 793 Nr. 13.375
1202 722 1429 793 Sonntag
628 823 1492 942 Theater und Kunst.
753 1054 1354 1159 Barschenel.
429 1157 1646 1224 Uraufführung: Artur Schnitzler: „Der Gang zum
536 1215 1555 1289 Weiher“. Dramatische Dichtung in fünf Aufzügen.
993 1273 1104 1338 Von
808 1325 1291 1416 Hanns Saßmann.
606 1402 1050 1450 Schließ' ich mein Auge,
603 1448 1403 1496 Erlischt das Licht. Halt' ich den Atem an.
609 1479 1502 1529 Riecht keine Blume. Schlumm'r' ich ein, so sinkt
610 1521 1461 1581 In Schlaf die Welt. Und wenn ich sterbe, stirbt
603 1558 982 1624 Die Welt mit mir.
537 1608 1643 1678 So sagt der Sekretär Andreas Ungnad, der philosophische
431 1670 1643 1726 Witzkopf in Artur Schnitzlers geräuschlos zarter Tragödie, die
435 1713 1643 1775 uns das Burgtheater nun vier Jahre nach ihrem Erscheinen
435 1761 1644 1821 schenkt. Andreas Ungnad, eine Nebenfigur des Stückes, ist
436 1805 1644 1855 extremer Phänomenalist, der konsequent die Lehre Berkleys
422 1851 1647 1915 lebt, daß alle Dinge nur in unserem Bewußtsein existieren. Er
426 1905 1637 1968 kämpft verzweifelt um die Souveränität seines Ichs, wie dies
436 1955 1638 2020 alle Gestalten Schnitzlers tun, vom Leutnant Gustl bis zum
426 2007 1174 2066 Herrn von Sala im, Einsamen Weg“.
543 2033 1651 2118 Schnitzlers Männergestalten sind stets die tragischen Opfer
432 2097 1640 2160 ihres unbedingten Individualismus und des daraus folgenden
437 2150 1647 2200 Illusionismus. Sie stellen den Typus des modernen Neurotikers
438 2198 1641 2253 dar, sie sind so modern, wie die Gestalten Ibsens es morgen
428 2247 1645 2310 sein werden. Die Entwicklung vorahnend, daß der neurotische
440 2301 1642 2350 Mensch von heute der künstlerische Menschentypus von morgen
438 2344 1648 2394 sein wird, haben alle Neurotiker der Dramen Schnitzlers von
430 2389 1643 2464 ihrem Schöpfer künstlerischen Flair mitbekommen, wenn sie
422 2443 1649 2497 nicht Künstler sind wie der alternde Dichter Silvester Thorn,
436 2477 1660 2560 der Jugendfreund des gewesenen kaiserlichen Kanzlers
426 2549 1647 2603 von Mayenau, ein Ruheloser, der sich mit Lust in die
430 2583 1659 2655 Dämmerungen der Vereinsamung flüchtet, was gleichfalls eine
425 2649 1568 2707 wesentliche Eigenschaft aller Schnitzlerschen Egozentriker ist.
545 2670 1647 2749 Nach zehn Jahren Fernsein kommt Silvester Thorn wieder
426 2731 1646 2792 nach Mayenau, wo ihn des Freiherrn Tochter Leonilda, die
428 2793 1651 2845 er als Kind verließ, in ihren Träumen eingesponnen, in holder
432 2831 1650 2894 Mädchenreife erwartet. „In schwülen Sommerschatten der
428 2886 1639 2940 Alleen, umhaucht vom Atem überglühter Beete“ hörte sie einst
427 2927 1645 2992 die schönen Märchen, die Thorn nur dichtete, weil das Kind
429 2992 1645 3053 sie hören wollte. Es ist eines der feinsten dichterischen Motive
432 3031 1641 3088 Schnitzlers, daß seine Gestalten stets erst durch den Wunsch
424 3086 1644 3136 der anderen zur Gegenwart erweckt werden, die sie in ihrer
431 3118 1651 3188 Flüchtigkeit beängstigt. Alle Männergestalten Schnitzlers nähren
429 3176 1654 3236 sich darum von der Erinnerung, die für sie die einzige Gewißheit
428 3222 1641 3285 ihres Daseins ist, in der ihr Selbst ungefährdet ruhen kann.
429 3271 1649 3331 Man könnte die Männergestalten Schnitzlers fanatische Selbst¬
418 3332 1649 3381 behaupter nennen, sie leiden besonders unter der latenten Furcht
426 3353 1656 3429 vor dem Verlöschen ihrer Individualität in ihrer Sexualität.
423 3416 1646 3474 Darum spielen sie entweder mit der Liebe oder sie nehmen,
431 3473 1655 3544 wenn sie dem Liebenswunsch der Frau erliegen, sofort eine
423 3506 1643 3574 andere Gestalt an. Sie sind für die Liebe der Frau nie faßbar,
423 3561 1642 3613 entziehen sich ihr in hundert Masken, denn sie schrecken vor dem
427 3607 1643 3656 erotischen Faktum zurück, daß besitzen auch besessen sein heißt.
546 3660 1649 3710 So hat sich auch Silvester Thorn in Abenteuern unauf¬
421 3714 1637 3768 hörlich gewandelt, um der Uebermacht des Lebens, das ihn
421 3756 1638 3814 verbrauchen wollte, nicht den Mann zu stellen. In der Angst
424 3806 1637 3858 sich zu verlieren, vergaß Thorn, sich selbst zu finden, was ein
424 3851 1638 3909 weiterer tragikomischer Grundzug aller Schnitzlerschen Mannes¬
419 3900 1633 3961 charaktere ist, die oft die Schwerelosigkeit von Phantomen
419 3936 1644 4002 haben. Das Beharrende sind bei Schnitzler stets die Frauen,
425 3998 1639 4057 sie sind gleichsam, wie Goethes Mütter, die Bewahrerinnen der
429 4048 1372 4115 ewigen Urbilder des Lebens. So auch Leonilda:
593 4100 1274 4170 Mir ward in unvergess’ner Stunde
838 4145 1373 4197 offenbar. Und also hab' ich
1540 201 1986 300 box 34/2
2869 717 3097 793 15. Feb
1932 723 2440 804 Neues Wiener Journal
1632 784 2881 876 Daher sammt der erlesene Reitz, mit dem sie uns immer wieder:
2967 802 3105 926 Gr
1649 848 2881 920 entzücken. Schnitzlers Philosophie ist romantisch, alle seine
1653 909 2883 970 Dichtungen erglänzen im Charme der romantischen Ironie,
1659 957 2876 1015 seine Gestalten sind geschworne Gegner ihrer Wirklichkeit, sie
2965 976 3094 1048 Frai
1659 1002 2877 1071 empfinden das Leben als feindliche Macht, vor der sie ihr Selbst
1650 1028 3086 1109 unaufhörlich salvieren müssen. Ihr Bewußtsein ist immer wach Kopenhage
1659 1096 3094 1163 und wittert Gefahren, alles was durch dieses Bewußtsein Er= Erfolg we
1664 1132 3090 1208 scheinung gewinnt, wird ihnen Schreckbild; sie flüchten davor man auch
1654 1191 3084 1261 und flüchten schließlich sogar vor sich selbst. Schnitzlers Menschen Kopenhag¬
2876 1225 3104 1291 gehört ha
1645 1232 2865 1295 geben nicht die dreidimensionale Fülle ihres Menschlichen, aber
2863 1277 3077 1352 Tristan.
1655 1289 2860 1348 sie geben eine Quintessenz davon. Das ist auch die Konzeption
1655 1338 2874 1392 der Calderonschen Bühnengestalten und darum müssen wir in
1657 1386 2873 1435 Artur Schnitzler den derzeit repräsentativsten Dramatiker der
1655 1415 3098 1502 neuen deutschen Romantik sehen, von deren Entwicklung die Aasso
1646 1483 2601 1551 Zukunft der deutschen Literatur abhängen dürfte.
1746 1517 2876 1596 Der Gang zum Weiher ist kein starkes, aber ein not¬
1661 1593 2870 1647 wendiges Stück. Es gibt dem Theater nicht allzuviel Substanz,
1658 1639 2878 1689 aber es gibt dem Zuschauer einen Begriff, wie das Theater aus¬
2953 1635 3095 1705 Dire
1664 1686 2859 1746 sehen müßte, dem er statt seinem aktuellen wieder sein ästhetisches
2866 1684 3085 1756 31. Augu
1663 1729 2855 1783 Interesse zuwenden könnte. Albert Heines Regie lauschte dem
2867 1740 3089 1812 genommer
1657 1774 2861 1833 subtilen Organismus der Dichtung jeden noch so leisen Herz¬
2962 1787 3090 1850 „M.
1659 1822 2857 1876 schlag ab. Mit wissenschaftlicher Sorgfalt gibt er den Szenen
2872 1833 3096 1899 „Seide¬
1663 1860 2854 1922 die Akzente und die Farben, holt aus den Fünffußjamben
2872 1882 3084 1954 Sil=Varaz
1661 1916 2852 1970 Schnitzlers manchen bezaubernden Wohllaut und spielt dazu den
2881 1933 3086 1993 Friedman#
1658 1963 2855 2020 halbtollen Sekretär Ungnad mit aller Dämonie des Monomanen;
2864 1976 3094 2045 Kreise
1659 2014 2221 2076 die personifizierte fixe Idee.
2865 2029 3097 2088 Hirschmar
1746 2045 2864 2132 Das Impulsbündel Leonilda spielt Ebba Johannsen.
2871 2080 3086 2142 Adolf Se
1664 2102 2867 2173 Ihre Gesichtsplastik ist vorbildlich. Von den großen tiefen
2869 2125 3083 2187 Kurtz, „2
1653 2133 2864 2205 Augen aus scheint Licht und Leben die Züge zu überströmen,
2871 2170 3094 2240 Lerbs. I.
1658 2199 2858 2257 deren Spiel nie einen leeren Moment hat. Die fast unerschöpflich
2864 2224 3090 2285 Fekete un
1656 2248 2863 2299 scheinende Eloquenz ihres Antlitzes reagiert auf jede noch so
2865 2265 3091 2335 größte Ei
1660 2297 2852 2357 leise Gefühlsregung, jede Linie des hübschen Ovals regt sich
2874 2313 3088 2385 wird Har
1655 2342 2853 2392 rhythmisch mit der Emotion. Eine edle Synthese von Mienen¬
2867 2362 3089 2443 läufig bei
1654 2392 2860 2455 spiel und Tongebung vollendet das Bild der hoffnungsreichen
2863 2413 3080 2479 Komödie
1659 2438 2505 2496 Begabung dieser anziehenden Schauspielerin.
1753 2467 3081 2540 Else Wohlgemuth rührt uns als Anselma mit voll= in der er
1651 2526 2604 2585 süßer Beseeltheit eines souveränen Frauenlebens.
1736 2563 2872 2655 Als Kanzler Freiherr von Mayenau fesselt Ewald Balser;
1657 2628 2865 2682 auf den Tonwellen seines schönen Organs spielen die zarten
1653 2677 2877 2733 Sentenzen des Dichters wie silberne Fischlein. Der Konrad von
1655 2714 2873 2775 Ursenbeck Fred Hennings leuchtet in allen Tinten dieses
1660 2767 2880 2837 stavken schauspielerischen Temperaments. Onno ist als Silvester
1656 2820 3072 2872 Thorn unnachahmlich in der Erscheinung und Gestaltung des Gisela W
1656 2851 3082 2921 Inhalts seiner stummen Momente, jedoch oft monoton im Gastspiel
1656 2911 2858 2970 Rhetorischen. Jedev Satz scheint durch innere Ekstase gleich hoch
2864 2911 3074 2969 der Han¬
1660 2959 2862 3014 geschleudert, ohne Rücksicht auf sein Gewicht. Die völlige Be¬
2866 2956 3077 3025 Urauffühl
1656 3010 3089 3055 herrschung der inneren Spannkräfte zu erlangen, wäre die Bilder au¬
1665 3050 2861 3115 nächste Aufgabe des liebenswerten Künstlers. Das Publikum
2869 3056 3083 3123 Beda, Me¬
1665 3090 2678 3171 war von der Dichtung gefangen und der Beifall stark.
2853 3090 3079 3168 Heiterkeit
2858 3141 3081 3215 selbst dirk
2875 3200 3076 3280 besonders
2865 3248 3069 3314 „Barberie
1663 3173 2854 3325 Die nächsten Neuheiten des Burg¬
2847 3292 3054 3368 und die
2860 3344 3071 3406 Komiker
2856 3391 3077 3464 Heitne
2102 3368 2433 3479 Sheatets.
2863 3439 3075 3509 das wohl
1744 3458 2849 3518 Im Burgtheater wird Samstag, 21. d. M., zum
2871 3490 3072 3551 die begak
1647 3519 2867 3569 erstenmal die dramatische Dichtung „Winterballade“ von
2867 3531 3089 3598 punkt blé
1651 3562 2866 3641 Gerhart Hauptmann gegeben. Die Besetzung der Rollen ist
2867 3586 3078 3653 Und daru
1651 3614 1873 3682 folgende:
1753 3664 2859 3714 Pfarrer Arne — G. Reimers; Pfarrerin — Mayer; Arnesohn —.
1646 3694 2862 3746 Marr; Berghild — Hoeßrich; Torarin — Siebert; Kathrin — Pün¬
1658 3745 2866 3802 kösdy; Eisalil — Janssen; Sir Archie — Hartmann; Sir Douglas —
1646 3779 2135 3834 E. Reimers; Sir Donald -
2166 3780 2857 3836 Volters; Frederick — Hitzinger; Amt¬
1658 3820 2859 3868 mann — Karsten; Bauer — Straßni; Anne — Burg; Olof — Wiesner;
2951 3840 3078 3911 Zur
1646 3856 2855 3896 Hilfsgeistlicher — Friedl. Regie: Georg Terramare als Gast; Bühnen¬
1643 3894 2103 3954 bilder: Willi Stieborsky.
2856 3894 3087 3959 (Waldope,
1750 3934 2858 4004 Im Akademietheater wird als nächste Neuheit das
2866 3945 3064 4003 sollte S##
1654 3987 2853 4038 neue Schauspiel Galsworthys „Feuer“ („The Roof“) ein¬
2858 3986 3072 4064 Elmendol
1645 4034 2843 4091 studiert. Das Stück, das in der Uebersetzung von Leon Schalit
2864 4043 3058 4100 hat man
1629 4083 3080 4154 hier zur deutschen Uraufführung kommen wird, ist folgender= Zyklus b¬
1628 4131 1939 4196 maßen besetzt:
