3296 4256
18 3297 112 3364 ter¬
37 3438 108 3490 den
28 3479 113 3539 u.,
18 3742 101 3794 nd
1020 179 1094 256 W
1470 189 1954 295 box 34/2
138 190 1378 299 30. Der-Ganz zun-geiner
1271 973 1391 1063 — —
1767 972 2699 1065 werden. Die Postbevienstelen sollten mit
33 1029 938 1103 Wirklichkeit besitzt er nicht ein
966 1044 2702 1102 Im Sicherheitsbüro wurde der Burschelvorgehaltenen Revolvern in
21 1082 2688 1133 keinziges. Es steht ihm lediglich für als der 24jährige Erwin Mayr erkannt. Schach gehalten und die Postsäcke ge¬
28 1133 907 1187 seine Amtsdauer ein Dienstauto zur
918 1143 2709 1189 Man fand bei ihm zwei in allen Län=raubt werden. Wenn es nicht anders ging,
28 1177 917 1234 Verfügung, und dieses Dienstauto gönnen
912 1171 2697 1238 fen geladene Repetierpistolen, sollte geschossen werden. Dann wollten
38 1217 914 1271 ihm die Wiener herzlich gern, weil sie
914 1209 2695 1276 ein Säckchen mit Patronen und eine Schach= die Verbrecher von Hof zu Hof, von Gar¬
36 1258 918 1321 wissen, welche große Arbeitslast ihr Bürger¬
1797 1248 2696 1314 ten zu Garten bis zum Rennweg flüchten
913 1258 1809 1319 tel mit 25 scharfen Patronen. In der Tasche
1797 1297 2699 1351 und mit einem Autotaxi davonfahren. Mayr,
32 1303 418 1378 meister bewältigt.
903 1301 1803 1376 hatte er eine Sportkappe und ein gelbrotes
924 1344 2695 1412 Halstuch. Mayr ist schon im Jahre 1924] Schmeiz und Gaisbauer werden dem Lan¬
74 1358 914 1417 Den Antimarxisten, die von einer
918 1387 2427 1460 vom Landesgericht Klagenfurt wegen desgericht eingeliefert werden.
26 1407 922 1481 Schmutzgeschichte in die andere geraten, wäre
30 1447 933 1514 es natürlich sehr lieb, wenn sie auch die
36 1489 932 1550 Sozialdemokraten in den Schmutz= ziehen
1864 1506 2635 1601 Schwindel mit Bildern!
42 1539 922 1596 könnten. Sie hoffen, daß von ihren Ver¬
948 1527 1785 1629 Schreckensszenen bei
28 1576 934 1639 dächtigungen etwas hängenbleibt. Was von
1841 1577 2694 1643 Schon vor dem Kriege ist der Kaufmann
26 1620 925 1682 diesen Verdächtigungen zu halten ist, können
1786 1629 2698 1682 [Lustmann eingesperrt worden, weil er Kai¬
1230 1612 1510 1697 Stein.
1788 1672 2697 1724 serbilder vertrieben und bei der Gelegenheit
38 1662 737 1737 unsere Leser jetzt selbst beurteilen.
947 1674 1790 1771 Eine Hausgehilfin springt aus einem
1777 1705 2705 1786 [Geld herausgelockt hat, nun hat man ihn
1161 1742 1567 1815 fahrenden Auto.
1797 1759 2706 1811 wieder verhaftet. Lustmann hat einer Frau alle
970 1801 2695 1857 Im Oktober 1930 wurde die 19jährige ihre Ersparnisse unter der Vorspiegelung abge¬
64 1791 894 1902 Der Eherechtsreiormverein
901 1839 2710 1920 Hausgehilfin Anna Decker aus Steinlnommen, er werde mit diesem Gelde die Kosten
93 1867 864 1949 gegen den Ehewirrwarr.
1793 1886 2696 1941 des Druckes handgeschriebener Bilder des
921 1893 1807 1957 an der Donaulände, unweit der Stadt, mit
1801 1922 2697 1984 Papstes Pius XI. bezahlen und die Frau
74 1919 924 1998 Gestern hielt der Eherechtsreform¬
922 1941 1802 1993 einem Schädelgrundbrich und einer
1800 1967 2699 2033 für das vorgestreckte Kapital reichlich entschädi¬
917 1983 1807 2040 schweren Gehirnerschütterung
27 1972 924 2052 sverein unter großer Beteiligung seine
915 2017 2706 2079 aufgefunden. Später, im Spital, erinnertesgen. Durch die Erhebungen der Wirtschaftspoli¬
36 2016 916 2090 heurige Generalversammlung ab. Nach Be¬
923 2058 2695 2125 sich das Mädchen, daß es der 19jährige zei wurde festgestellt, daß Lustmann den größ¬
26 2060 916 2118 grüßungsworten des Vorsitzenden erstattete
1806 2098 2704 2161 ten Teil der 2000 Schilling für sich ver¬
1689 2112 1798 2165 aus
36 2111 916 2167 Vizepräsident Ronzal einen ausführlichen
923 2107 1697 2166 Lohnchauffeur Robert Rainer
1801 2150 2101 2220 braucht hat.
40 2152 926 2212 Rechenschaftsbericht, in welchem er darauf hin¬
924 2147 1801 2210 Krems zu einer Spazierfahrt eingeladen
47 2196 926 2252 wies, daß die Frage der Eherechtsreform durch
926 2194 1810 2260 hatte. Sie sei wohl aus dem fahrenden
42 2231 915 2291 die kürzlich im Nationalrat erfolgte Ab¬
2067 2232 2420 2315 Artistenrifiko.
915 2234 1811 2301 Auto gefallen. Es fiel aber auf, daß Rainer,
44 2281 924 2341 stimmung nun wieder in ein akutes Stadium
928 2271 1811 2339 der das Mädchen fast täglich im Spital be¬
1851 2265 2694 2337 Berlin, 16. Februar. In dem Restaurant
40 2325 923 2377 getreten sei. Nationalrätin Adelheid Popp, als
922 2331 2700 2400 suchte, immer sehr energisch auf sie ein= Hirschgarten stürzte gestern abend während
43 2365 926 2423 Vertreterin der sozialdemokratischen Partei,
926 2365 1816 2432 sprach. Jetzt erst stellte sich heraus, daß der
1810 2370 2703 2432 einer Varietévorstellung der Artist Artur
41 2409 921 2462 nahm zu der Kampfabstimmung im Nationalrat
933 2420 1803 2476 Chauffeur versucht hatte, das Mädchen zu
1812 2410 2708 2480 Arndt — allem Anschein nach infolge eines
41 2442 921 2509 Stellung und erklärte, daß von den Mehrheits¬
2159 2463 2702 2523 — aus einer Höhe von
921 2464 1800 2524 vergewaltigen. Die Hausgehilfin sprang
1806 2465 2175 2524 Ohnmachtsanfalles
45 2495 921 2548 parteien in dieser Frage wenig Unter¬
1811 2495 2716 2565 mehreren Metern auf die Bühne hinab. Er ist
928 2484 1815 2574 nun in ihrer Verzweiflung aus dem sausen¬
45 2534 931 2594 stützung zu erwarten sei. Nur eine weit¬
1803 2551 2478 2624 heute seinen Verletzungen erlegen.
923 2548 1809 2609 den Wagen und blieb bewußtlos liegen...
41 2581 924 2638 gehende Propaganda unter den
977 2592 1814 2644 Rainer wurde vorgestern verhaftet und
51 2629 930 2675 Frauen könne schließlich zu dem ersehnten
1809 2609 2712 2696 Drei Negerinnen in Neuyork ermordet.
927 2626 1724 2715 dem Kremser Kreisgericht eingeliefert.
46 2663 932 2713 Ziel führen. Schriftsteller Wilhelm Börner
1859 2668 2709 2741 Neuyork, 16. Februar. Die Polizei entdeckte
37 2708 933 2762 hielt dann unter dem Titel „Die Eherechts¬
980 2694 1814 2777 Helsingfors, 16. Februar. Im dritten Wahl¬
1813 2728 2706 2781 in einer Wohnung im Negerviertel die Lei¬
41 2746 930 2795 reform — eine ethische Forderung“ einen leb¬
936 2762 1813 2815 gang wurde heute der Kandidat der Rechten und
1811 2748 2723 2826 schen von drei ermordeten Nege¬
44 2792 937 2841 haft akklamierten Vortrag. Schließlich nahm die
929 2805 1802 2852 der Lappolente, Ministerpräsident Swinn¬
1814 2810 2720 2869 rinnen. In der Wohnung befand sich auch ein
45 2835 927 2885 Versammlung einstimmig eine Resolution
936 2837 1812 2890 hufvud, mit 151 Stimmen gegen 149, die auf
1803 2845 2729 2925 kleines halbverhungertes Kind, das
46 2872 935 2925 an, in der die Anderung des unhaltbaren öster¬
925 2873 1818 2941 Stahlberg entfielen, zum Reichspräsi¬
1787 2889 2189 2976 bald darauf starb.
929 2919 1312 2995 ldenten gewählt.
49 2920 748 2994 reichischen Eherechtes gefordert wird.
212 3179 1001 3264 17. Februar 1931 Nr. 48
640 3315 927 3360 —
119 3317 993 3501 FRITZ KORINER
123 3459 980 3607 und ANNA STEN
191 3689 283 3759 In
206 3743 813 3841 S
