3436 4256
4 4195 56 4284 301
31 4106 96 4169 1
28 4159 90 4215 150
2283 160 2872 242 möshgesgulg 4bd stoaspotg 891 110
1544 158 1945 255 49. 9. 07
2722 221 2804 262 „.
2788 224 2905 289 ugd
1712 235 2855 309 den Ruancen hochgestufter Wortkunst. In endlosen Aus¬
949 257 1425 339 Staatstheater.
2108 284 2865 344 spendet der Dichter Geist und
1715 304 2081 358 einandersetzungen
2166 308 2918 395 sei das prangende Wortgeschmeide #a
1724 332 2183 393 schließlich ist es, als
947 333 1397 419 (Kleines Haus.)
1734 362 2866 424 Selbstzweck, als sei das lehrende Drumherumreden wichtiger
677 387 1730 467 Reichsdeutsche Uraufführung: „Der Gang zum Weiher“.
1726 409 2916 484 als das Problem, um das es sich handelt. Ein Feldmarschall 20
589 439 1727 515 Dramatische Dichtung in fünf Aufzügen von Arthur Schnitz¬
1720 450 2860 503 wird abgesetzt, ein Mädchen wird Weib, einer geht ins
1711 489 2866 548 Wasser, es gibt Krieg — all das bleibt wesenlos, unwirklich,
597 490 1366 554 ler. Spielleitung: Wolff von Gordon.
1722 528 2915 581 wird immer blasser, verschwindet hinter der Wolke von #a
671 517 1733 598 Schnitzler haftet vornehmlich als Schöpfer des „Anatol“
599 594 2874 652 und des „Süßen Mädels“ in der Vorstellung, zwei Gestalten, schillernden, glühenden, spitzen und auch anmutigen Worten.
610 580 2932 687 die aus ihrer Umwelt mit allen Wurzeln und Fasern her= Auch die einzelnen Personen verschwinden, ihre Freuden und gg
603 636 2872 718 ausgehoben scheinen. Wir kennen ihn dann als skeptischen Schmerzen scheinen unerheblich neben der Wonne, über all
599 687 2873 776 Welt= und Lebensbetrachter, der nicht müde wird, die Frag=dies meditieren zu dürfen. Sie reden und reden, vielmehr
599 691 2931 788 würdigkeit unseres Daseins bald ironisch, bald zynisch, baldider Dichter redet, unter Verdrängung der jeweiligen Son¬ ca
602 803 2877 849 mitleidsvoll, bald melancholisch, zuweilen tief und immer derpersönlichkeit, aus allen und sie haben am Ende nur noch
609 793 2922 865 geistreich zu behandeln. In reiferem Alter vertieft er sich die Aufgabe, Sprachrohr des Dichters zu sein. Das Stück ist aa
609 836 2878 922 gern an letzte Menschheitsprobleme und spricht mit müdersdas theaterfernste Rede= und Lesedrama und
611 875 2929 965 Resignation von unserem Altern, Absterben. Sterben; von mit keinen Mitteln für die Bühne zu retten, denn es hat zu ga
601 938 2696 993 der Einsamkeit der Menschen, denen er in Dramen wie „Der viel Geist, aber leider fehlt ihm eins — das Leben.
1804 956 2875 1023 Dabei hat Dr. von Gordon schon sehr viel und sachgemäß
602 967 1752 1049 einsame Weg“ als gütiger Freund zur Seite steht, aber auch
625 990 2937 1069 mit der schmerzlichen Resignation des Arztes, der erkannt gestrichen; leider nicht die metaphysischen Verstiegenheitensaa
606 1051 2887 1109 hat, aber nicht zu helfen vermag. An dieses Stück scheint der eines Sekretärs den gespenstisch=phantastisch à la Eulenberg
614 1092 2935 1162 Dichter mit seinem neuen Drama anzuknüpfen. „Der einsame aufzuziehen, Schnitzler für nötig hielt. Kein Mensch wußtegg
606 1124 2872 1177 Weg“ endet mit bitteren Worten über die Dekadenz der mit diesem Gebilde etwas anzufangen, auch der tüchtige
605 1152 2886 1216 fälteren Generation und mit hoffnungsfroher Begrüßung der Frank Falkner nicht. Im übrigen vermochte der Regisseur
611 1205 2935 1271 Jugend, die mehr Haltung und weniger Geist“ habe. Im nicht, diese ungeheuere Fülle von sozusagen gefrorener Poesie da
607 1246 2885 1292 „Gang zum Weiher“ kontrastiert Schnitzler Alter und Jugend aufzutauen und dem Publikum wie dem Theater über den
595 1283 2925 1362 bewußt und kommt zu dem Ergebnis, daß nur beide zusam= Dichter hinaus das zu geben, was beide haben wollen:gg
600 1321 2883 1388 imen fortschrittliches Leben gestalten können. Er kleidet das künstlerisch gestaltetes Leben. Die Darsteller dienten ihren
604 1359 2882 1419 in folgende Handlung: Ein entlassener Kanzler wird von undankbaren Aufgaben mit pflichtmäßiger Anspannung; dä
605 1381 2932 1454 seinem Fürsten zurückgerufen, er will den Frieden, aber er aber bald der Dichter, bald die Gestalt spricht, ein Formens#a
599 1442 2888 1503 muß Krieg führen. Sein Freund scheitert ebenfalls beim von innen heraus also nicht einzuhalten war, halfen sie sich,
591 1461 2938 1548 Werben um des Kanzlers Tochter; aber diese und ein junger so gut es gehen wollte, mit Routine: Robert Kleinertioa
597 1515 1761 1570 Offizier finden sich auf dem Weg zum Weiher, wie taten¬
605 1556 2889 1597 frohe Jugend immer einen Weg findet, der zauderndem Lenore Fein, Alice Treff, Herbert Dirmoser, Maurus
608 1555 2894 1664 Alter verschlossen bleibt. Ein anscheinend einfaches Ge= Liertz. Friedrich Schleims Bühnenbilder und Theodor
609 1580 2939 1696 scheben, hinter dem sich aber inneres Erleben auf labyrintisch Lankers Kostüme boten dem Auge freundliche Eindrücke. #a
1737 1653 2895 1712 Das Publikum illustrierte durch sein Verhalten die alte Er¬
603 1671 1752 1726 verschlungenen Pfaden nach Schnitzlers Gepflogenheit um¬
601 1726 2937 1778 ständlich und redselig entwickelt. So genießen wir eine un= fahrung, daß allzuviel Geist, zumal wenn er gesprochen oder ja
594 1735 2391 1834 endliche Fülle von feingeschliffenen Gedanken und bestricken= gesvielt wird, wirkungslos bleibt.
2579 1747 2948 1857 gv Mog
2569 1848 2967 1943 gv ia0
1121 1789 2263 1944 Ashene Zest
1486 1922 1847 2019 70. 5 97
2575 1950 2950 2045 49 Uog
1287 2015 2108 2095 Wiesbadener Theaterbrief
2596 2035 2953 2140 gy 110g
1159 2074 2314 2149 Die reichsdeutsche Uraufführung der dramatischen Dich¬
1075 2134 2319 2192 tung „Der Gang zum Weiher“ von Arthur Schnitzler wurde
2585 2155 2787 2245 a50 9 1
1083 2184 2316 2245 am Donnerstag im Staatstheater (Kleines Haus) gegeben.
1089 2224 2340 2288 Der Wiener Dichter und Arzt Arthur Schnitzler, der heute
1076 2254 2634 2339 fast 70 Jahre alt ist, hat auch in diesem Werk Eros eine
1075 2311 2430 2378 der Hauptrollen zugewiesen. Das Stück zeigt das bekannte G
1073 2356 2324 2410 Schnitzlersche Milieu etwas elegisch, vergeistigt mit Gestalten
1088 2405 2330 2469 die der heutigen Welt wesensfremd find. In die Figur des —
2737 2383 2947 2484 Wnen mad
1091 2447 2309 2503 Sylvester Thorn legte Schnitzler vielleicht eigenes Erleben. —
1086 2489 2322 2555 Die Hauptperson der Dichtung ist Leonilda, die 19 Jahre
2743 2496 2954 2585 # mag
1092 2524 2331 2595 alte Tochter des Freiherrn von Mayenau. Ihr Herz fliegt,
1081 2564 2331 2651 als der Freund ihres Vaters, Sylvester Thorn, nach 10jähriger
2798 2593 2963 2686 . mlag
1097 2622 2315 2694 Abwesenheit zu Besuch kommt, diesem entgegen. Doch Syl¬
1077 2657 2324 2728 vester ist nicht mehr frei in seiner Entschlußkraft. Er muß
2785 2671 2955 2781 — 1ag
1075 2714 2322 2770 erst die Beziehungen zu seiner bisherigen Geliebten lösen. So—
1086 2756 2322 2811 läst er Leonilda im Unklaren. Inzwischen hat der Junker
2789 2800 2957 2867 ulaa
1077 2793 2339 2851 von Ursenbeck, Leonilda, die sich jede Nacht am Schloßweiher —
1073 2851 2338 2901 nach dem Baden beim Tanz an der Schönheit des eigenen
1072 2893 2334 2949 Körpers erfreut, dork überrascht und sie zur Seinen gemacht.]
2777 2885 2960 2968 1naa
1079 2926 2326 2993 Als Sylvester Thorn nach drei Tagen zurückkehrt, denn
1085 2974 2338 3046 Freundin und Kind sind im Wochenbett gestorben, da ist
2737 2979 2966 3078 Uda
1085 3020 2324 3081 Leonilda eine andere geworden. Sie bietet ihm die Freund¬
1081 3073 2326 3125 schaft an, die ihr als reinstes Geschenk erscheint, aber Syl¬
2630 3087 2787 3184 1339 10
1087 3113 2323 3181 vester will Liebe, trotzdem er über die inzwischen vorgefallenen
1081 3151 2322 3222 Ereignisse unterrichtet ist. Und als ihm diese versagt wird,
2489 3191 2588 3269 —
1045 3208 2325 3261 ertränkt er sich im Weiher. Aber Leonilda bekennt sich auch “
2370 3241 2454 3313 W
1085 3249 2321 3304 nicht zu dem Junker, dem sie sich wohl hingab, der ihr je¬
1077 3279 2340 3367 doch nicht wesensverwandt ist. Sie will sich frei bewahren.
1161 3335 2336 3390 Die Handlung, die im 18. Jahrh. spielt, bringt auch ver¬
543 3354 770 3451 ∆ N.
1043 3363 2610 3447 schiedene kriegerische Momente. Die schöne Form der Dich
829 3353 1053 3465 61.4
2658 3383 2910 3473 (##uvulngg)
1092 3425 2325 3478 tung, mit ihren kunstvollen Versen, stellte höhere Anforde¬
2684 3459 2884 3530 aoguig
1082 3465 2324 3532 rungen an die Schauspieler als das moderne Drama. Die
2303 3463 2614 3554 geb uo uonogob
806 3494 1055 3573 uv unnagob
1100 3499 2327 3572 Rolle der Leonilda wußte Alice Treff voll auszuschöpfen und
2379 3512 2612 3595 —ennnen mene
572 3505 808 3603 nommving
2321 3517 2400 3604 —
2673 3509 2896 3601 210 anL
1097 3555 2327 3614 hervorragend zu gestalten. Robert Kleinert war als ehe¬
1085 3602 2324 3657 maliger Kanzler überlegen im Spiel und vortrefflich in Maske.
1086 3641 2325 3714 Leonore Fein gab die unverheiratete Schwester des Kanzlers
2466 3672 2977 3757 —.—
1096 3684 2387 3751 mit Zurückhaltung und ausgezeichneter Charakterisierung. —
594 3712 1036 3783 B
1084 3721 2857 3803 Sylvester Thorn war ganz der von Liebesgefühlen durchputste ##AAAAAeRArasanree
566 3761 1092 3834 —
1093 3767 2326 3832 Dichter. Maurus Liertz gab den draufgängerischen Junker
1083 3823 2333 3880 vorzüglich. Frank Falkner spielte die undankbare Rolle des
1086 3862 2316 3927 dämonischen Sekretärs. Die Aufführung zeigte einen einheit¬
826 3896 2329 3979 ####nagngslichen Charakter und die Bühnenbilder waren dem Milieu
2184 3955 2317 4011 S. G.
2752 3947 2874 4026 661
1069 3960 1571 4043 (gut angepaßt.
2626 3995 2934 4083 aholsbunngon
1714 3999 2544 4133 gasquigg abg Stoat(opzc
584 4032 1722 4143 LojcluesGiojbsunz nuvl uoljicte
2952 2197 3034 2284 2
2983 2270 3036 2315 „
2978 2304 3026 2340 —
