3296 4256
166 192 1356 292 30. Der Gang zun Weihen
440 387 1186 497 Schnitzler Uraufführung:
240 464 324 527 07
423 482 1195 587 „Der Gang zum Weiher“.
419 572 1209 645 Unser Korrespondent drahtet:
699 634 1218 703 L. K. Wien, 16. Februar.
417 675 1248 733 Schon lange hat man auf der Bühne nicht so
237 732 1266 783 = edle und schöne Verse gehört wie in der tragischen
239 780 1262 820 — Dichtung in fünf Aufzügen „Der Gang zum
303 822 351 880 —
349 818 1263 877 Weiher" von Arthur Schnitzler, die im
362 863 1259 912 Burgtheater zur Aufführung kam. Kein
222 889 1263 954 — Stück für die große Masse, aber ein erlesener Ge¬
356 953 1259 997 nuß für literarische Feinschmecker, eine prachtvolle,
239 925 339 1025 S
358 993 1259 1039 bilderreiche Sprache, erfüllt von Musikalität, von
247 1023 1263 1096 T“ tiefen Gedanken, portischen Gleichnissen und feiner
260 1071 329 1125 S
357 1078 1254 1121 Lyrik. Schnitzlers jüngstes Stück spielt im acht¬
358 1126 1255 1183 zehnten Jahrhundert, entstammt aber der letzten
226 1168 1255 1216 S Gegenwartszeit, in der noch alle Schrecken des
360 1208 1264 1274 Krieges nachzittern. Es ist ein hohes Lied der
379 1261 1267 1316 Menschenliebe. Ist aber Güte und Liebe bei den
247 1274 338 1316 —
381 1310 1272 1355 Menschen nicht zu erreichen, so sollen sie sich doch
229 1305 349 1367 S
218 1352 315 1405 —
377 1348 1275 1406 friedlich vertragen. Schnitzler behandelt in diesem
379 1396 1276 1458 interessanten Stück auch das Drama des alternden
381 1438 1275 1488 Dichters, des alternden Mannes, dem die jungen
213 1436 324 1506 —
367 1481 1280 1544 Mädchen huldigen und der sie noch erobern, aber
381 1518 1277 1585 nicht halten kann. Regisseur Heine inszenierte
369 1558 1265 1627 die Dichtung mit klugem Verständnis. Die Auf¬
369 1607 1272 1677 führung war vortrefflich. Das Publikum bereitete
359 1653 920 1720 Schnitzler herzliche Ovationen.
341 1814 1211 1876 Schnitzler-Uranfführung in Wien. Die dra¬
302 1861 1221 1921 matische Dichtung „Der Gang zum
292 1904 1216 1954 Weiher“ von Arthur Schnitzler ge¬
294 1946 1210 2016 langte gestern abend im Burgtheater zur
298 1993 1212 2040 Uraufführung. Die romantische, in der Mitte
292 2041 1215 2097 des 18. Jahrhunderts spielende Dichtung fand
292 2089 1211 2131 beim Publikum freundliche Aufnahme, Der
303 2129 1224 2193 Autor wurde wiederholt vor den Vorhang ge¬
309 2178 450 2247 rufen.
359 2274 934 2376 Berciue Borben -
382 2367 982 2475 Cen, N. 16. 0
768 2476 1003 2572 4431.
708 2644 747 2711 —
369 2723 1174 2854 Kleine Theater-B. J.
303 2823 1160 2912 Kindergemüt. 5.-1. aut ftne
348 2877 1199 2960 Unlängst saß ich in einer Schülervorstellung
296 2929 1188 2995 von „Wilhelm Tell“ neben zwei etwa
299 2984 1186 3034 zwölfjährigen Knaben. Das ersehnte Ende kam:
300 3034 1185 3076 tödlich getroffen sank Geßler zu Boden, das
291 3067 1184 3128 Publikum atmete erleichtert auf. Plötzlich sagt
282 3106 1069 3163 der Junge neben mir zu seinem Freund:
347 3164 1195 3208 „Aber der ist ja gar nicht tot! Sieh doch,
295 3199 1020 3258 wie dem sein Bauch auf und ab geht!“
342 3241 1183 3298 Der andere: „Schafskopf! Wie darf denn der
294 3286 806 3330 richtig totgemacht werden!“
354 3323 1192 3404 Der erste, mißbilligend: „Na, ich finde, bei so
291 3373 1175 3453 einem Stück könnten sie ruhig mal einen Schau¬
288 3396 658 3485 spieler opfern!“
693 3422 1208 3527 „berliu146. 1.3
285 3492 1173 3589 Arthur Schnitzlers „Der Gang zum
294 3543 538 3615 Weiher“,
288 3593 1175 3668 vom Wiener Burgtheater uraufgeführt, ist eine
290 3644 1177 3713 der edelsten romantischen, lyrischen Gaben, die
279 3695 1182 3762 der Dichter, als stamme sie aus hoffnungsvoller
288 3728 1173 3802 Jugendzeit, im reifsten Alter seinem Gesamt¬
291 3771 1169 3835 werke hinzufügen konnte. Es spielt Mitte des
290 3811 1166 3865 18. Jahrhunderts, ein zartes Liebesdrama in¬
287 3869 1172 3930 mitten habsburgisch=staatsmännisch=kriegerischen
277 3898 1187 3987 Geschehens. Es gab viele Hervorrufe für den
302 3963 1188 4025 anwesenden Dichter, der einen Erfolg verbuchte,
314 4016 1186 4066 obgleich die sehr willige Darstellung ihm vieles
311 4047 584 4114 schuldig blieb.
1492 198 1951 290 box 34/2
1826 1442 2489 1525 Dr. Max Goldschmidt
1833 1511 2481 1576 Büro für Zeitungsausschnitte
1649 1560 1890 1615 Berlin N 4
2137 1565 2638 1621 Telefon: D! Norden 305)
1967 1643 2328 1705 Ausschnitt aus:
1785 1689 2516 1766 Acht Uhr Abendblatt, Berlin
1953 1826 2421 1943 16. Feb. 1931
1754 1934 2496 2035 Schnitzler Uraufführung:
1741 2019 2526 2124 „Der Gang zum Weiher.
1736 2114 2516 2189 Unser Korrespondent drahtet:
2011 2153 2543 2243 L. K. Wien, 16. Februar.
1730 2227 2564 2287 Schon lange hat man auf der Bühne nicht so
1673 2277 2571 2327 gedle und schöne Verse gehört wie in der tragischen
1680 2327 2566 2378 Dichtung in fünf Aufzügen „Der Gang zum
1679 2351 2572 2425 Weiher von211jjf Schuißler, die im
1677 2401 2570 2447 Burgtheater zur Aufführung kam. Kein
1690 2442 2580 2507 Stück für die große Masse, aber ein erlesener Ge¬
1680 2471 2570 2540 nuß für literarische Feinschmecker, eine prachtvolle.
1683 2534 2579 2582 bilderreiche Sprache, erfüllt von Musikalität, von
1684 2579 2576 2632 tiefen Gedanken, poetischen Gleichnissen und feiner
1683 2621 2575 2680 Lyrik. Schnitzlers jüngstes Stück spielt im acht¬
1682 2641 2578 2713 zehnten Jahrhundert, entstammt aber der letzten
1681 2706 2572 2761 (Gegenwartszeit, in der noch alle Schrecken des
1683 2751 2569 2815 Krieges nachzittern. Es ist ein hohes Lied der
1691 2807 2579 2879 Menschenliebe. Ist aber Güte und Liebe bei den
1689 2872 2584 2934 Menschen nicht zu erreichen, so sollen sie sich doch
1694 2920 2588 2964 friedlich vertragen. Schnitzler behandelt in diesem
1694 2954 2576 3007 interessanten Stück auch das Drama des alternden
1688 3000 2587 3063 Dichters, des alternden Mannes, dem die jungen
1697 3047 2582 3111 Mädchen huldigen und der sie noch erobern, aber
1694 3094 2597 3146 nicht halten kann. Regisseur Heine inszeniertes
1690 3129 2586 3197 die Dichtung mit klugem Verständnis. Die Auf¬
1695 3176 2590 3249 führung war vortrefflich. Das Publikum bereitete
1695 3224 2240 3281 Schnitzler herzliche Ovationen.
