3392 4224
1534 190 2071 288 box 34/1
240 187 1456 286 30. Der Gang zun Neiher
541 911 1205 1019 Dr. Max Goldschmidt
528 987 1191 1091 Büro für Zeitungsausschnitte
344 1043 659 1129 BBRLIN N4
891 1078 1363 1151 Telefon: Norden 3051
423 1184 1233 1305 Neue Bürcher Zeitung, Zürich.
775 1301 1046 1389 1 5. APR. 20
744 1317 834 1399 1
2574 1347 2703 1441 SN
3062 1365 3142 1446 M
1480 1409 3327 1507 indessen sind an der Grenze die Gewehre losgegan= im siebenten Jahr der Republik Oesterreich
755 1436 1264 1527 Kunst in Wien.
1487 1468 3331 1552 gen, der Krieg ist da, und sein Rausch ergreift selbst] Repertoire des Burgtheaters durch die Na
1492 1505 2473 1557 den Kanzler. Auch des Kanzlers Tochter. Ver¬
776 1510 1255 1594 Von Paul Stefan.
2458 1527 3322 1586 menschaft dieses Grafen Neipperg und einige
1490 1558 2463 1607 geblich hat ein Freund des Kanzlers, der alternde
2466 1567 3320 1631 Anverwandten bestimmt werden kann? Fra#
568 1584 1485 1653 Das neue Stück von Artur Schnitzler ist in
1489 1591 2465 1648 Dichter Sylvester Thorn, den einst Leonildas Liebe
2468 1607 3325 1667 Roland ist eine verheiratete Gräfin Coude##
505 1595 1492 1693 Wien noch nicht aufgeführt worden, so wenig wie
1498 1619 2461 1709 umschwärmte, nun um ihre Hand angehalten, Weib
2461 1654 3314 1736 Es scheint, daß sich die Gräfin gegen die
517 1667 1490 1737 anderswo. Während solche mit besonderer Span¬
1496 1678 2461 1746 und Kind verlassend. Leonilda wird dem Sohn
2462 1695 2882 1771 lerin gewinnen ließ.
512 1709 1486 1785 nung erwartete Werke sonst vorher nicht als Buch
1489 1722 2469 1790 des Marschalls, der gebietenden Stunde, der Ju¬
516 1758 1493 1826 erscheinen, hat der Dichter diesmal die Buchaus¬
1500 1772 2458 1832 gend gehören, Sylvester Thorn ertränkt sich in dem
2512 1769 3327 1856 Die jüngsten Zeiten haben zwei großen¬
511 1804 1491 1869 gabe (durch den Verlag S. Fischer) versenden las¬
1490 1815 2452 1869 gleichen verborgenen Weiher, zu dem sich in frühe¬
2450 1819 3321 1895 [retten=Premieren gehört, die Wien u
514 1843 1498 1913 sen. Sie trifft uns hier wie ein besonderes Ereig¬
1495 1853 2460 1922 ren Tagen Leonilda des Nachts oft schlich, um mit
2462 1879 3334 1950 telbar vor Ostern und vor dem Burgtheaf
515 1887 1487 1946 nis, und man fragt sich vergebens, warum das un¬
1485 1898 2458 1963 den Nixen um die Wette in kühle, mondbeschienene
2458 1922 3329 1989 nicht wenig aufregten. Das Johann St
508 1936 1494 2001 mittelbar bevorstehende Jubiläum des Burg¬
1488 1933 2450 2005 Fluten zu tauchen. Verherrlichung der Tat also?
2453 1964 3320 2023 Theater brachte „Die spanische Nachtigall“ vor
510 1962 1494 2040 theaters sich des Werks nicht bemächtigt hat. Denn
1493 1981 2449 2053 Es müßte kein Stück von Schnitzler sein, stände
2449 2011 3338 2082 Fall heraus, einen Berliner Triumph der Ma
511 2022 1480 2079 es scheint für das Burgtheater geschrieben zu sein.
1483 2028 2460 2106 nicht der Zweifel am Ende: die Resignation des
2450 2048 3325 2107 hier aber noch unbekannt, so recht die Bes
506 2051 1485 2133 Jedenfalls ist es ein durchaus österreichisches Stück
1491 2079 2468 2155 gestaltenden Poeten, der ja zuletzt doch seinem
2453 2094 3324 2158 Operette, Text von Schanzer und Welisch, wi
509 2109 1485 2175 von dem silbernen Schimmer der Wiener Land¬
1484 2116 2457 2188 Sylvester Thorn recht gibt, den Künstler siegen
2448 2139 3333 2202 der „Teresina“ von Oskar Straus, die ja
501 2141 1485 2217 schaft, von der Reife eines österreichischen Herbstes,
1482 2159 2448 2244 läßt, in einer nahen Zeit triumphieren, wenn der
2440 2176 3322 2246 auch nach Wien gekommen ist. Gleichfalls
497 2189 1484 2262 von einer Menschlichkeit, die nun freilich Schnitzler
1475 2191 2431 2269 kriegerischen Ruhm rasch verflogen sein wird.
2440 2220 3319 2288 mit der Massary, die ja leider für Wiener
498 2227 1499 2303 in ganz besonderem Maß zu eigen, aber doch auch
1541 2242 2458 2306 Vielleicht findet, wie man ihm vorwirft, der
2459 2265 3323 2328 rare nicht erreichbar zu sein scheint. Aber ##
496 2285 1480 2340 höchster Ruhm gerade unseres geistigen Himmels¬
1485 2283 2451 2361 mehr als 30jährige Dichter Schnitzler kein völlig
2446 2309 3332 2384 Kartousch ist eine lustige Teresina und Rita G
503 2322 1483 2392 strichs ist. Alles das rechtfertigt es vielleicht, schon
1483 2341 2442 2405 neues Motiv mehr. Sicherlich aber ist ihm ein
2456 2354 3323 2425 eine junge Operettensängerin, eine ganz s#
498 2370 1474 2451 das Buch in den Kreis dieser Berichte aufzu¬
1476 2378 2452 2442 neues Werk, wenngleich etwa aus den alten Mo¬
2452 2393 3327 2468 spanische Nachtigall. Die Musik von Leo Fa
495 2404 723 2467 nehmen.
1483 2423 2460 2493 tiven zusammengesetzt, durchaus und aufs schönste
2447 2446 3311 2506 hört zu dem Besten, Inspiriertesten, was
562 2441 1479 2515 Es heißt „Der Gang zum Weiher“ und
1486 2465 2445 2534 gelungen. Es sind seherische Verse darin, und es
2449 2489 3327 2547 geschrieben hat. Mit unerhörter Pracht wurd
499 2475 1472 2563 hat fünf Akte, in Versen. Geschehnisse der großen
1485 2512 2451 2578 ist eine Fülle der Gesichte, die, immer wieder, zum
2444 2539 3333 2601 andere große Premiere, die der „Zirkusprinz
494 2531 1477 2604 Welt, in die Zeit des Rokoko gekleidet, aber manch¬
1472 2546 2438 2629 Rückblick auf ein Lebenswerk leitet, dessen Reich¬
2435 2575 3303 2639 von Kälman inszeniert: Direktor Marischka
502 2587 1485 2653 mal so sehr von heute, daß wir ihresgleichen er¬
1470 2576 1783 2658 tum unser ist.
2444 2615 3322 2685 bot sich selbst, und ganz besonders auch als S
499 2632 1482 2701 lebt zu haben glauben. Da ist ein Kanzler, einst
1524 2626 2444 2719 Wo also wird dieses Drama zuerst aufgeführt?
2434 2651 3315 2728 spieler und Sänger. Die Werke von Fall
496 2673 1494 2754 mächtig, nun in Unfrieden von seinem Kaiser und
2443 2702 3321 2786 Kälmän sehen langen Serienaufführungen
499 2715 1489 2770 Herrn enifernt, immer wieder zurückgerufen, aber!
1532 2704 2452 2802 Mit dem Burgtheater=Jubiläum, der Geschichte
2437 2749 2607 2817 gegen.
505 2762 1478 2826 starrsinnig, bloßer Beobachter, auf seinem Landgut
1473 2772 2449 2838 von hundertfünfzig Jahren, haben wir uns hier
500 2802 1480 2877 weilend — betreut nur von der unvermählten
1473 2813 2445 2874 bereits befaßt. Franz Herterich ist auf dem berühm¬
2496 2824 3321 2905 In den übrigen Theatern? Pfitzner
494 2833 1470 2912 Schwester und von seiner längst mutterlosen Toch¬
1465 2855 2452 2919 ten Weg der österreichischen Provisorien tatsächlich
2442 2886 3320 2939 gierte den „Palestrina“ und eine Reprise der „
498 2870 1475 2960 ter Leonilda. Nicht weit davon ist die Grenze, an der
1475 2901 2448 2969 noch und wieder Direktor, und da es doch am
2441 2917 3333 2992 vom Liebesgarten“ in der Oper, sehr herzlich
484 2920 1481 3001 dem eigenen Heer das fremde fast schon feindlich ge¬
1467 2943 2444 3028 Burgtheater immer eine „Affäre“ geben muß, gibt
2439 2970 3328 3032 seiert. Der Erfolg von Zuckmayers Rhein#
496 2983 1469 3044 genübersteht. Jeder Tag kann den Krieg bringen.
1477 2997 2436 3055 es zur Jubiläumszeit eben eine andere. Das
2436 3018 3332 3073 stück „Der fröhliche Weinberg“ bestä
498 3020 1478 3094 Das Heer und sein Marschall fordern ihn, aber der
1465 3044 2434 3102 Burgtheater wollte mit Ida Roland den Aiglon
2440 3057 3325 3125 sich am Raimund=Theater, ohne daß es zu ##
490 3059 1473 3133 Kaiser zögert. Auch der Kanzler würde zögern,
1474 3081 2444 3148 von Rostand in der Bearbeitung von Klabund auf¬
2432 3101 3317 3166 welchen Störungen gekommen wäre. Zwei f##
496 3106 1479 3165 wäre er noch im Amt, würde Frieden gebieten.
1472 3125 2435 3196 führen. Als man unmittelbar vor der Aufführung
2437 3145 3322 3198 zösische Stücke wiederholten ihren Pariser
486 3144 1476 3219 Der Sohn des Marschalls erscheint als Bote zwi¬
1469 3167 2445 3239 stand, besannen sich einige Pächter der österreichi¬
2430 3191 3319 3253 folg, „Maric oder auf sanfte Art“ von R
494 3192 1473 3267 schen Heer und Hof, zeigt die Stimmung der Osfi¬
1467 3211 2440 3280 schen Vergangenheit darauf, daß eine solche Auf¬
2440 3227 3315 3296 Marx, deutsch von Bertha Zuckerkandel, ein #
484 3241 1474 3307 ziere und Soldaten, die schon ungestüm warten,
1476 3259 3312 3340 führung am Burgtheater Gefühle und Gesühlchen! spielsieg der Bürgerlichkeit, Sieg über eine ##
491 3281 1474 3341 ja mit Meuterei drohen, wenn sie den ersehnten
1471 3301 2444 3369 verletzen könnte. Befremdet fragt man sich, wo¬
2429 3320 3325 3380 die bloß Kollegin, Malerkollegin des Mannes
485 3331 1472 3390 Befehl nicht bekommen sollten. Noch einmal, in der
1466 3340 3306 3425 durch. Kaiser Franz kommt bei Rostand gar nicht ein schrecklicher Traumichnicht ist; und dann
493 3369 1473 3443 Stunde der Entscheidung, ruft der Kaiser seinen
1470 3390 2443 3456 so schlecht weg; andere österreichische Dinge erst
2439 3400 3314 3467 neuen Herren“ von Robert de Flers und Fran
486 3402 1466 3486 alten Kanzler, und diesmal folgt er dem Ruf, ver¬
1463 3427 2440 3498 recht nicht. Nur Graf Ncipperg gilt dort aller¬
2435 3442 3328 3512 de Croisset. Die neuen Herren sind die Re#
489 3445 1469 3532 handelt mit dem Gesandten des noch nicht feind¬
1461 3468 3322 3552 dings nicht als vollwertiger Nachfolger eines Na=tionäre vom Syndikat, Menschen wie andere
481 3501 3324 3564 lichen Staates; der Friede scheint gesichert; aber poleon. Sollte man es für möglich halten, daß die einer Frau zuliebe manchmal auch Prinzi
