3436 4256
1140 139 1231 207 W
271 145 1471 245 30. DerGang zumiher
686 1027 1393 1149 1eode ScnwenRnaAun
907 1167 974 1220 L
1039 1135 1534 1265 K
521 1153 936 1291 NE
578 1267 1454 1318 esGa#re# eurEENEà T.TUNOI·AUSSCNNITT aCao
586 1328 1453 1398 BERLIN SO 16, RUNGESTRASSE 22-24
1195 1454 1533 1553 Handelsblatt
523 1465 1185 1564 Kölnische Volkszeitung und
847 1537 1181 1599 Abend-Ausgabe
1235 1539 1556 1628 24 Mal 1937
590 1594 1225 1669 Ausschnitt aus der Nummer vom:
579 1731 1472 1807 Arthur Schnitzler: „Der Gang zum Weiher“
406 1783 1663 1860 Gleichsdeutsche Uraufführung am Staatstheater in Wiesbaden)
454 1831 1664 1896 An und füt sich ist gegen die Begründung, die von der hiesigen
421 1874 1664 1959 Intendautur für die Uraufführung eines Werkes ins Feld geführt
424 1909 1667 1989 wird, das „abgeklärt und voll Haltung“ ist, nichts einzuwenden.
423 1947 1668 2028 Vorausgesetzt, daß die dramatisch=technischen Vorbedingungen
426 1991 1663 2064 wenigstens zu einem Mindestmaß vorhanden sind. Allein, gemessen
429 2018 1672 2100 an den Normen dramatischer Eigengesetzlichkeit und den Anforde¬
429 2063 1678 2141 rungen einer im Laufe der Zeit verseinerten Kritik, läßt sich diese
425 2129 980 2191 Frage nicht restlos bejahen.
470 2138 1675 2220 Der Dichter nennt sein Werk eine dramatische Dichtung, damit
435 2188 1677 2261 die Richtung angebend, in der es formal gedeutet werden soll.
438 2225 1680 2300 Man denkt an Lessings dramatisches Gedicht, den Nathan. Die
443 2255 1677 2334 Sprache ist denn auch das Beherrschende, in feierlicher Wallung,
442 2299 1688 2372 in umständlichem Wurf legt sie sich um das Geschehen, das der
431 2330 1690 2406 Aktualität und Lebendigkeit mehr enträt als zweckdienlich ist: an
444 2375 1696 2457 der Notwendigkeit spannenden Ablaufs kann auch der von ernsten
445 2410 1687 2503 Forderungen und schöngeistigen Formen geleitete Dichter nicht vor¬
434 2454 1685 2532 beisehen, ebensowenig, wie an einer großzügigen das gesamte
437 2463 1720 2591 Geschehen überstrahlenden Einheit und Folgerichtigkeit. Von hier
433 2556 1672 2622 ius gesehen, wirkt die mystifizierende Symbolik im Zuständlichen
427 2604 1679 2667 und in der Charakterzeichnung eher verwirrend als bereichernd:
426 2638 1682 2713 „Der Gang zum Weiher“ mutet bei der Tochter wie eine
424 2694 1685 2745 romantische Gefühlsverwirrung an und bleibt eben so wirkungslos
428 2716 1676 2774 wie der unmännliche Entschluß, des Haus= und Jugendfreundes, in
429 2754 1683 2825 dem letzten Gang dorthin Erlösung in den reichlich zerfahrenen
429 2811 1671 2859 Gemütszuständen zu finden. So wirkt auch die Haupthandlung,
426 2833 1678 2888 die das Schicksal des seines Amtes entsetzten, dann wieder in
420 2855 1684 2929 seine Stellung zurückberufenen Kanzlers zum Gegenstand hat (das
432 2919 1688 2979 Unheil des unüberlegt heraufbeschworenen Krieges im Gegensatz
426 2957 1673 3019 zur heißblütigen Jugend zu bannen, hat er sich zur Aufgabe gesetzt,
428 2982 1694 3063 um im letzten Augenblick doch davon überrascht zu werden), mehr
422 3050 973 3100 akademisch als überzeugend.
479 3078 1680 3137 Somit fehlt es dem Ganzen am Letzten, der dramatischen Durch¬
437 3107 1680 3182 schlagskraft. Auch eine noch so gut gemeinte Interpretation kann
442 3138 1694 3215 daran nichts ändern, die sorgfältigste Inszenierung das Werk nicht
440 3185 1687 3245 für die Bühne retten. Die Darsteller bemühten sich mit Erfolg,
429 3228 1684 3286 dem Werke zu geben, was es verlangt: den gelassenen Rhythmus
438 3264 1685 3328 der Ruhe und die still=feierliche Schönheit der sprächlichen Form:
437 3300 1700 3363 Robert Kleinert als diplomatisch geschickter und menschlich
443 3350 1694 3406 kluger Kanzler, als Vertreter des abgeklärten Alters plastisch
434 3381 1699 3440 kontrastierend zu dem jugendlich erregten Sohn des Marschalls, dem
1495 3417 1695 3481 Dr. M.—
451 3426 1389 3487 Maurus Liertz temperamentvolle Farbung lieh.
1650 133 2084 212 box 34/3
2108 1978 3271 2076 „Der Gang zum Weiher.“ Aus Wiesbaden wird
2079 2066 3284 2124 uns gemeldet: Schnitzlers „Gang zum Weiher“ hat im Rahmen
2080 2104 3284 2159 der Maifestspiele in Wiesbaden die reichsdeutsche Uraufführung
2083 2148 3273 2183 erlebt. Das innige Gedicht mit seiner gepflegten sprachlichen
2085 2187 3268 2233 Form und dem Reichtum kluger Gedanken, aber ohne rechtes
2080 2229 3264 2308 dramatisches Leben fand hier nur achtungsvolle Aufnahme. Die
2061 2286 3259 2377 Regie Dr. von Ga#dens gab mit zarter Einfühlung in den
2071 2361 3256 2418 etwas krausen Sinn des Werkes ihren ausgesprochenen Kammer¬
2074 2398 3254 2452 spielcharakter. Die besten schauspielerischen Kräfte des Staats¬
2076 2442 3258 2512 theaters setzten sich für die undankbaren Aufgaben ein, Frau Treff
2070 2480 3264 2551 besonders gelang es, die seltsam schwüle Atmosphäre der Dichtung
2073 2520 3261 2595 auf der Bühne zu bannen. Den Kanzler wußte Herr Kleinert
2061 2566 3250 2649 gefühlsmächtig zu erfassen. Den Künstlern galt der Beifall me#
2065 2605 2366 2668 als dem Stück.
