3296 4256
1077 144 1140 223 N
206 153 1438 272 30. Der Gang zun einer
1567 163 2050 255 box 34/2
564 1190 3289 1343 mhen mmre emem werme aust Ranogebuug f err üid. Lauk wwahe Tavauplung ist in jedem: Feipell des Geistes und an der Den
395 1307 1401 1453 diene. Tänds. Tchuf . 20.K. (901
1535 1377 3268 1459 die Gewißheit, daß dein Feind zuletzt doch dein nahende Gefahr des Krieges vermag
1547 1418 3283 1507 Bruder ist. Politisch wie menschlich bleibt sich hier ihre Entschlüsse. Dieser Gestaltung fällt
812 1408 1325 1510 Kunst in Wien
1552 1466 3284 1554 gleich: Der Führer der Hussiten erleidet sein des Kanzlers zum Opfer. Zurückkehre
627 1472 1556 1568 Auf dem Theater bleiben die Ueberraschungen
1560 1511 3280 1595 Schicksal als Mann Gottes wies Haupt seiner eben noch des Kanzlers Tochter zu vo
567 1524 1564 1589 nicht aus — ein altes Bühnensprichwort sagt:
1550 1550 3263 1623 Familie. Es gibt keinen Bruch, keinen Zwiespalt. heit erblüht, die ihm einst als Kind
569 1586 1555 1657 „Beim Theater kommt alles anders.“ Da erscheint
1606 1600 2518 1661 Bei Schnitzler gehi es auf zwei Wegen zu einem
2522 1597 3283 1668 war. Er wirft um dieser jähen Alters
564 1622 1550 1695 vor geraumer Zeit (es sind Jahre her) die Buch¬
1552 1642 2522 1701 andern Ziel Hier gibt es eine politische Hand¬
2517 1658 3277 1710 sein ganzes Leben als sinnlos hin; al
566 1686 1555 1750 ausgabe von Arthur Schnitzlers Versstück
1555 1683 2517 1746 lung und gesondert von ihr ein Geschehen in der
2516 1698 3280 1771 Wunsch nicht erfüllt wird, löscht er es
565 1705 1554 1783 „Der Gang zum Weiher“. Die Theaterleute,
1548 1729 2520 1799 Familie. Da ist ein fast schon greiser Kanzler, von
2513 1742 3274 1805 Es gibt einen Weiher auf dem Besitz
558 1753 1548 1826 die Verse lesen (oder auch nicht lesen), ein Kostüm¬
1552 1771 2515 1833 seinem Kaiser in einer schlimmen Stunde zum
2517 1785 3274 1847 lers, den das Mädchen, den die beiden
569 1800 1542 1869 stück vor sich sehen und sich Schnitzler lieber in
1548 1816 2514 1876 Rücktritt genötigt, nunmehr auf seinem Schloß
2515 1830 3272 1886 sogleich finden, während ihn der Ka
566 1844 1552 1915 Wien und in der Gegenwart lokalisiert denken,
1553 1862 2522 1921 Zuschauer der Ereignisse; schon sein dritter Nach¬
2509 1869 3279 1929 kennt, nicht kennen will: er versinnb
559 1897 1545 1965 erzählen es einer dem andern: das Werk sei lang¬
1552 1885 2515 1963 folger ist im Amt, und der Kanzler diktiert seine
2517 1897 3275 1975 irrationale Welt, deren Primat sich in d
552 1942 1545 2002 wierig, um nicht zu sagen langweilig. Sie
1553 1941 2522 1992 Memoiren. Dies alles ist aber nicht etwa Gegen¬
2517 1963 3258 2027 wieder einmal deutlich bestätigt. Es is
565 1989 1545 2048 erinnern einander an die nicht eben günstigen
1553 1985 2505 2046 wart, sondern spielt im deutschen Barock. Nun
2509 2004 3249 2060 der Hofmannsthal und Schnitzler, je
567 2020 1553 2090 Kassenergebnisse des „Schleiers der Beatrice“; an
1551 2028 2517 2095 kommt dringende Botschaft vom Hof: der Kaiser
2507 2052 3277 2099 Generation also, daß das Schicksal als
553 2052 1546 2124 Schnitzler müßte man mehr verdienen können.
1546 2072 2518 2141 bedürfe abermals des Kanzlers. Als der erfährt,
2515 2092 3262 2152 einzelne nichts, seine Entschlüsse, se
569 2105 1545 2173 Und so entschließt sich niemand, diesen Gang zum
1542 2117 2514 2183 was auf dem Spiel steht, eilt er noch in der
2514 2138 3261 2185 nichtig. Die Generation um Werfel
564 2139 1540 2209 Weiher zu tun. Das Wiener Burgtheater betrach¬
1544 2159 2510 2220 gleichen Stunde in die Hauptstadt. Krieg mit dem
2515 2177 3262 2232 anderes aus: Wollet nur das Gute, so
565 2175 1541 2261 tet die Sache vielleicht als eine Art Ehrenpflicht,
1540 2202 2512 2254 Nachbarreich droht, das Heer sehnt ihn herbei, die
2511 2214 3273 2279 es erreichen; gebt ihr freilich nach
557 2240 1547 2301 sorgt jedenfalls für eine würdige Aufführung.
1541 2244 2510 2306 Bevölkerung fürchtet ihn, der Hof schwankt. Es
2507 2260 3278 2338 antwortet ihr euch der Sinnlosigkeit ei
565 2287 1558 2343 Siehe da — je weiter der Abend fortschreitet, desto
1549 2292 2505 2354 gelingt dem Kanzler, durch ein Gespräch mit dem
2505 2302 2707 2374 Fatums.
555 2322 1551 2387 mehr wird das Publikum warm. Es gibt einen
1552 2341 2511 2395 eben schon von der Hauptstadt abreisenden Ge¬
2565 2333 3259 2417 Schnitzler hat die Ereignisse seines
561 2374 1547 2434 großen Erfolg Der Dichter, eine verehrte, geliebte
1544 2379 2506 2433 sandten der beinahe feindlichen Macht den Frieden
2507 2381 3255 2457 Dichter geschaut und gestaltet. In d
562 2423 1541 2477 Gestalt, muß, sobalo nach dem Hausgesetz des
1549 2422 2509 2484 zu retten. Aber in der Hauptstadt beschimpft der
2501 2428 3272 2500 Versen rauschen sie vorbei und verki
563 2457 1546 2516 Burgtheaters erst ein dienstfreier Regisseur im
1542 2466 2508 2524 Pöbel den Gesandten und an der Grenze gehen
2514 2473 3261 2544 sichten seines reifsten Alters. Nur e
566 2496 1545 2564 Namen des Verfassers gedankt hat, immer wieder
1537 2511 2506 2567 jene Gewehre los, die für solche Fälle immer
2504 2521 3268 2579 milder, geprüfter Mensch sieht so klar
566 2530 1549 2612 selbst vor den Vorhang treten. Man jubelt ihm zu.
1549 2552 2501 2611 bereit sind. Das Schicksal ist mächtiger als der
2501 2548 3232 2621 von seiner Klarheit zu überzeugen;
566 2590 1111 2641 Es ist ein großer Erfolg.
1546 2596 2508 2648 Wille zum Frieden, Wille des einzelnen über¬
2508 2594 3272 2681 nicht, so will er wenigstens nicht geschwi
610 2611 1546 2686 Dieses Stück ist dem „Reich Gottes in Böhmen“
1543 2635 2512 2704 haupt. Der Kanzler beugt sich seiner Entscheidung
2503 2652 3270 2710 Ein Dichter offenbart sich abermals;
561 2676 1540 2736 von Werfel unmittelbar gefolgt. Der fast siebzig¬
1540 2678 2506 2746 und wird, ehemals ein tapferer Offizier, selbst mit
2511 2696 3262 2744 freilich nicht sicher, was die Kasse auf
561 2720 1538 2779 jährige Schnitzler sprach nach dem vierzigjährigen
1535 2711 1985 2785 in den Krieg ziehen.
2501 2728 3272 2805 dazu sagen wird — Was die Darst
568 2766 1548 2824 Wersel. Eine Generation liegt zwischen diesen
1588 2744 2506 2829 Auch auf seinem bisher so stillen Schloß über¬
2501 2781 3272 2852 belangt, so ging sie nach Burgtheatersit
567 2793 1546 2869 Dichtern und sie tragen jeder für sich vor, was
1544 2807 2510 2880 stürzen sich die Ereignisse, und auch da ist er nicht
2499 2821 3270 2882 etwas zu sehr vom Kostüm aus und
563 2836 1546 2902 ihre Generation in dieser Zeit bewegt. Der
1548 2855 2504 2918 mehr Herr. Der Sohn des kriegsbereiten Mar¬
2495 2862 3252 2918 letzte Vergeistigung ebenso wie die
569 2891 1542 2951 Vierzigjährige zeigt an einem neuen Beispiel die
1545 2898 2498 2960 schalls gewinnt die Tochter des Kanzlers; ohne
2498 2899 3265 2969 menschlichung schuldig, gab aber imme
570 2938 1546 2998 Verderblichkeit aller Fanatismen; nur Versöhn¬
1545 2937 2511 2992 jeden Widerstand sinkt sie ihm in die Arme Doch
2500 2954 3267 3010 daß der Sinn des Werkes deutlich wi
558 2971 3269 3065 lichkeit kann die Sache der Menschheit retten, nur wollen beide nichts von Bindung wissen, selbst die Burgthealer hat sich mit einer neuen T#
564 3096 1493 3170 Schitzlers „Gang zum Weiher“, als Buch
504 3143 1486 3204 schon vor Jahren erschienen, hatte bei der Ur¬
508 3185 1488 3265 aufführung im Burgtheater am 14. Februar
507 3226 1484 3287 einen von Akt zu Akt steigenden Erfolg, der zu
509 3278 1488 3359 immer neuen Hervorrufen des Dichters führte.
496 3305 1183 3399 Deeustag, u.f. 21. W.2.2.
1161 3329 1459 3400 (P. Stk.=Tel.)
687 3387 1514 3485 #„ Der Direktor des Stadt¬
