3296 4256
1516 254 1986 362 box 34/2
160 243 1377 362 30 Der Gang zun Neiher
642 1075 2097 1143 viel von dem Zauber Grillparzer’scher Sprache in diesen blanken
641 1141 2102 1201 Versen voll Musik, voll Liebes-, Welt- und Todeserkenntnis, voll
631 1202 2090 1264 verhangener Schwermut, aus der doch die Freudigkeit des
619 1264 2097 1332 Seins, was Schopenhauer den Willen nennt, lodert. Nur in Oster¬
623 1322 2096 1381 reich wächst wie der Wein an diesen Hängen, der Vers in solcher
623 1386 2099 1440 Fülle, so schwer und süß. Und daß gerade Schnitzler, dem er
623 1442 2106 1512 sich noch im „Paracelsus“ so spröde erwies, jetzt diese Gnade
688 1634 2042 1712 Behördliche Regelung des Autoverkehres
963 1713 1777 1818 beim Akademietheater.
1048 1817 1683 1906 ZU-UND ABFAHRT.
807 1894 2040 1954 Zu dem Eingang vom Schwarzenbergplatz aus über
693 1944 2032 1996 den Heumarkt zufahren; durch die Lisztstraße zur Lothringer¬
702 1997 1086 2059 straße abfahren.
693 2038 2040 2101 (Verordnung der Bundespolizei-Direktion in Wien vom 30. Dezember 1930,
1208 2094 1522 2158 V. A. 3482 30.)
1209 2152 1528 2232 PARKEN.
802 2211 1286 2290 Es wurde bestimmt:
817 2272 2039 2323 für bestellte Fahrzeuge die Lisztstraße zwischen Heumarkt
699 2346 2044 2401 und Traungasse auf Seite der ungeraden Nummern (Richtung
697 2381 1117 2445 zum Heumarkt);
815 2408 2045 2494 für Fahrzeuge der Selbstfahrer der Heumarkt vor dem
699 2487 1641 2554 Eislaufplatz (Richtung zur Johannesgasse.)
713 2528 2038 2611 (Verordnung des Wiener Magistrates vom 30. Dezember 1930, Mag.-Abt.
1251 2575 1502 2644 52 3578 30.)
632 2736 2106 2786 des Gelingens ward, ist für den Betrachter ein beglückendes Er¬
636 2796 2105 2853 lebnis. Man greite nur irgendwo in diese ruhevoll bewegte Flut.
636 2856 2101 2920 Man vernehme etwa, wie der Dichter Sylvester Thorn hier von
634 2910 2102 2974 der Flüchtigkeit des Ruhmes spricht, mit Worten, von Adel über¬
634 2973 832 3060 glänzt:
823 3035 1729 3107 „Weißt du nicht, dab aus meiner Brust
811 3095 1865 3155 Nur Schatten stiegen? — Daß Unsterblichkeit
808 3162 1913 3224 Nichts als ein Märchen ist, dran wie an andern
805 3226 1945 3299 Lebend’ge nur sich freuen? — Und daß, wer sich
2582 3128 2760 3199 ILLUeT
