<?xml version="1.0" encoding="UTF-8" standalone="yes"?>
<PcGts xmlns="http://schema.primaresearch.org/PAGE/gts/pagecontent/2013-07-15" xmlns:xsi="http://www.w3.org/2001/XMLSchema-instance" xsi:schemaLocation="http://schema.primaresearch.org/PAGE/gts/pagecontent/2013-07-15 http://schema.primaresearch.org/PAGE/gts/pagecontent/2013-07-15/pagecontent.xsd">
    <Metadata>
        <Creator>prov=University of Rostock/Institute of Mathematics/CITlab/Gundram Leifert/gundram.leifert@uni-rostock.de:name=ONB_Newseye_GT_M1+(htr_id=10810)::::v=2.4.2
prov=University of Rostock/Institute of Mathematics/CITlab/Tobias Gruening/tobias.gruening@uni-rostock.de:name=de.uros.citlab.module.baseline2polygon.B2PSeamMultiOriented:v=2.4.2
prov=University of Rostock/Institute of Mathematics/CITlab/Tobias Gruening/tobias.gruening@uni-rostock.de:name=/mnt/transkribus/LA/DEA/URO/LA_news_onb_att.pb:de.uros.citlab.segmentation.CITlab_LA_ML:v=2.4.2
Transkribus</Creator>
        <Created>2019-10-07T11:09:24.025+02:00</Created>
        <LastChange>2019-10-07T18:43:12.865+02:00</LastChange>
        <TranskribusMetadata docId="223956" pageId="9493878" pageNr="115" tsid="16401386" status="IN_PROGRESS" userId="40391" imgUrl="https://files.transkribus.eu/Get?id=VORVALMXFDVXMSOMKTVQIAXF&amp;fileType=view" xmlUrl="https://files.transkribus.eu/Get?id=YWHGNFGFKPQUMMIQKKBQETLN" imageId="6184105"/>
    </Metadata>
    <Page imageFilename="223956_0115.jpeg" imageWidth="3436" imageHeight="4192">
        <ReadingOrder>
            <OrderedGroup id="ro_1711444055621" caption="Regions reading order">
                <RegionRefIndexed index="0" regionRef="r1"/>
                <RegionRefIndexed index="1" regionRef="r2"/>
                <RegionRefIndexed index="2" regionRef="r3"/>
            </OrderedGroup>
        </ReadingOrder>
        <TextRegion orientation="0.0" id="r1" custom="readingOrder {index:0;}">
            <Coords points="575,359 575,4191 2963,4191 2963,359"/>
            <TextLine id="r1l1" custom="readingOrder {index:0;}">
                <Coords points="2023,429 2053,431 2107,396 2113,401 2138,391 2148,396 2176,386 2170,351 2140,362 2088,334 2066,343 2041,332 2010,340"/>
                <Baseline points="2035,403 2060,396 2085,391 2110,388 2135,385 2161,383"/>
                <TextEquiv>
                    <Unicode></Unicode>
                </TextEquiv>
            </TextLine>
            <TextLine id="r1l2" custom="readingOrder {index:1;}">
                <Coords points="1322,498 1426,458 1502,489 2451,451 2450,382 2409,376 2075,420 1862,389 1321,413"/>
                <Baseline points="1335,474 1390,471 1445,467 1500,464 1555,461 1610,459 1665,457 1720,455 1775,454 1830,453 1885,452 1940,452 1995,452 2050,451 2105,451 2160,451 2215,451 2270,451 2325,451 2380,451 2435,451"/>
                <TextEquiv>
                    <Unicode>Sabedes- Paken</Unicode>
                </TextEquiv>
            </TextLine>
            <TextLine id="r1l3" custom="readingOrder {index:2;}">
                <Coords points="1571,526 1640,558 1728,531 1771,552 1818,528 1926,560 1981,536 1981,484 1917,467 1864,496 1832,467 1754,502 1716,470 1675,470 1637,473 1611,500 1570,500"/>
                <Baseline points="1584,532 1609,533 1635,533 1660,533 1686,533 1711,532 1737,532 1762,531 1788,530 1813,530 1839,529 1864,530 1890,530 1915,532 1941,534 1967,536"/>
                <TextEquiv>
                    <Unicode>46. 6. 07</Unicode>
                </TextEquiv>
            </TextLine>
            <TextLine id="r1l4" custom="readingOrder {index:3;}">
                <Coords points="2320,527 2439,555 2707,537 2759,553 2838,539 2884,560 2916,543 2917,508 2830,484 2754,506 2731,485 2646,496 2617,475 2524,506 2469,479 2387,499 2320,486"/>
                <Baseline points="2335,532 2363,533 2391,534 2419,535 2448,535 2476,535 2504,535 2533,535 2561,535 2589,536 2618,536 2646,536 2674,536 2702,536 2731,537 2759,537 2787,538 2816,539 2844,539 2872,541 2901,543"/>
                <TextEquiv>
                    <Unicode>olcsgasguig 45d stoalpotg 891 410</Unicode>
                </TextEquiv>
            </TextLine>
            <TextLine id="r1l5" custom="readingOrder {index:4;}">
                <Coords points="2683,567 2710,566 2746,581 2823,569 2872,585 2913,614 2942,614 2947,561 2907,541 2889,554 2878,544 2839,550 2808,542 2760,553 2686,538"/>
                <Baseline points="2697,566 2722,568 2748,569 2774,570 2800,571 2825,572 2851,575 2877,577 2903,582 2929,587"/>
                <TextEquiv>
                    <Unicode>See ngn</Unicode>
                </TextEquiv>
            </TextLine>
            <TextLine id="r1l6" custom="readingOrder {index:5;}">
                <Coords points="1746,613 2893,614 2893,573 2585,541 1746,561"/>
                <Baseline points="1760,604 1818,605 1877,606 1936,606 1995,607 2054,607 2113,607 2172,607 2231,607 2290,607 2348,606 2407,606 2466,606 2525,606 2584,606 2643,606 2702,606 2761,607 2820,608 2879,608"/>
                <TextEquiv>
                    <Unicode>den Nuancen hochgestufter Wortkunst. In endlosen Aus¬</Unicode>
                </TextEquiv>
            </TextLine>
            <TextLine id="r1l7" custom="readingOrder {index:6;}">
                <Coords points="981,625 1083,652 1179,632 1243,653 1289,632 1350,653 1394,630 1464,642 1464,558 981,558"/>
                <Baseline points="995,624 1020,623 1045,623 1071,623 1096,624 1121,624 1147,624 1172,625 1197,625 1223,625 1248,626 1273,626 1299,626 1324,626 1349,626 1375,626 1400,625 1425,624 1451,623"/>
                <TextEquiv>
                    <Unicode>Staatstheater.</Unicode>
                </TextEquiv>
            </TextLine>
            <TextLine id="r1l8" custom="readingOrder {index:7;}">
                <Coords points="2139,640 2203,663 2335,632 2384,658 2908,646 2885,603 2140,608"/>
                <Baseline points="2154,643 2191,644 2228,644 2265,644 2302,644 2339,644 2376,644 2413,644 2450,644 2487,644 2524,644 2561,644 2598,644 2635,644 2672,645 2709,645 2746,646 2783,646 2820,647 2857,648 2894,649"/>
                <TextEquiv>
                    <Unicode>spendet der Dichter Geist und</Unicode>
                </TextEquiv>
            </TextLine>
            <TextLine id="r1l9" custom="readingOrder {index:8;}">
                <Coords points="1752,635 1796,650 1927,647 1971,662 2000,647 2026,659 2073,650 2107,665 2107,612 2052,612 2035,595 2017,609 1752,612"/>
                <Baseline points="1768,643 1793,644 1818,645 1843,645 1868,646 1893,646 1918,646 1943,645 1968,645 1993,645 2018,645 2043,645 2068,644 2094,645"/>
                <TextEquiv>
                    <Unicode>einandersetzungen</Unicode>
                </TextEquiv>
            </TextLine>
            <TextLine id="r1l10" custom="readingOrder {index:9;}">
                <Coords points="2283,688 2947,699 2947,647 2923,641 2871,659 2778,632 2752,650 2283,650"/>
                <Baseline points="2297,683 2328,683 2360,683 2392,682 2424,682 2455,682 2487,682 2519,682 2551,682 2582,682 2614,682 2646,682 2678,682 2709,682 2741,682 2773,682 2805,682 2836,682 2868,682 2900,682 2932,683"/>
                <TextEquiv>
                    <Unicode>das prangende Wortgeschmeide #a</Unicode>
                </TextEquiv>
            </TextLine>
            <TextLine id="r1l11" custom="readingOrder {index:10;}">
                <Coords points="1750,682 1928,697 1965,682 1992,700 2026,682 2160,695 2218,676 2239,694 2297,678 2297,649 2172,654 2104,631 2081,655 1749,639"/>
                <Baseline points="1765,682 1790,684 1816,685 1842,686 1868,686 1894,687 1920,687 1946,686 1972,686 1998,685 2024,685 2049,684 2075,684 2101,682 2127,682 2153,681 2179,681 2205,680 2231,680 2257,680 2283,681"/>
                <TextEquiv>
                    <Unicode>schließlich ist es, als sei</Unicode>
                </TextEquiv>
            </TextLine>
            <TextLine id="r1l12" custom="readingOrder {index:11;}">
                <Coords points="994,701 1192,697 1221,718 1259,698 1305,710 1320,695 1352,705 1373,693 1396,705 1428,699 1428,638 1388,632 1309,660 1193,633 994,660"/>
                <Baseline points="1010,687 1035,688 1060,689 1085,690 1110,691 1135,691 1160,692 1185,693 1211,693 1236,693 1261,693 1286,693 1311,693 1336,693 1361,692 1386,692 1412,691"/>
                <TextEquiv>
                    <Unicode>(Kleines Haus.)</Unicode>
                </TextEquiv>
            </TextLine>
            <TextLine id="r1l13" custom="readingOrder {index:12;}">
                <Coords points="1751,734 2903,721 2839,684 1751,682"/>
                <Baseline points="1765,725 1821,725 1877,725 1933,725 1990,724 2046,724 2102,724 2158,723 2215,723 2271,722 2327,722 2383,722 2440,722 2496,722 2552,722 2608,722 2665,722 2721,723 2777,724 2833,725 2890,727"/>
                <TextEquiv>
                    <Unicode>Selbstzweck, als sei das lehrende Drumherumreden wichtiger</Unicode>
                </TextEquiv>
            </TextLine>
            <TextLine id="r1l14" custom="readingOrder {index:13;}">
                <Coords points="701,758 1769,751 1769,687 700,712"/>
                <Baseline points="714,748 766,748 818,748 870,748 922,748 974,749 1026,749 1078,749 1130,749 1182,749 1234,749 1286,749 1338,749 1390,748 1442,748 1494,747 1546,746 1598,744 1650,742 1702,740 1755,738"/>
                <TextEquiv>
                    <Unicode>Reichsdeutsche Uraufführung: „Der Gang zum Weiher“.</Unicode>
                </TextEquiv>
            </TextLine>
            <TextLine id="r1l15" custom="readingOrder {index:14;}">
                <Coords points="1762,772 2825,767 2950,797 2930,721 1762,725"/>
                <Baseline points="1777,760 1838,762 1899,764 1960,765 2021,765 2082,765 2143,764 2204,764 2265,763 2326,762 2387,761 2448,761 2509,761 2570,761 2631,762 2692,764 2753,767 2814,771 2875,775 2936,781"/>
                <TextEquiv>
                    <Unicode>als das Problem, um das es sich handelt. Ein Feldmarschall 2</Unicode>
                </TextEquiv>
            </TextLine>
            <TextLine id="r1l16" custom="readingOrder {index:15;}">
                <Coords points="617,787 1759,811 1758,744 617,752"/>
                <Baseline points="633,791 688,791 744,790 799,790 855,790 910,790 966,789 1021,789 1077,789 1132,789 1188,788 1244,788 1299,788 1355,787 1410,787 1466,786 1521,786 1577,785 1632,784 1688,782 1744,781"/>
                <TextEquiv>
                    <Unicode>Dramatische Dichtung in fünf Aufzügen von Arthur Schnitz¬</Unicode>
                </TextEquiv>
            </TextLine>
            <TextLine id="r1l17" custom="readingOrder {index:16;}">
                <Coords points="1753,800 2885,820 2885,773 2824,768 1753,771"/>
                <Baseline points="1767,804 1822,804 1877,804 1932,804 1988,804 2043,804 2098,804 2153,803 2209,803 2264,803 2319,802 2374,802 2430,802 2485,802 2540,802 2595,802 2651,803 2706,803 2761,804 2816,805 2872,807"/>
                <TextEquiv>
                    <Unicode>wird abgesetzt, ein Mädchen wird Weih, einer geht ins</Unicode>
                </TextEquiv>
            </TextLine>
            <TextLine id="r1l18" custom="readingOrder {index:17;}">
                <Coords points="625,846 1414,836 1414,798 1361,792 741,808 625,785"/>
                <Baseline points="640,829 677,829 715,829 753,829 791,828 829,828 867,828 905,828 943,828 981,828 1019,828 1056,828 1094,828 1132,828 1170,828 1208,828 1246,828 1284,828 1322,827 1360,827 1398,827"/>
                <TextEquiv>
                    <Unicode>ler. Spielleitung: Wolff von Gordon.</Unicode>
                </TextEquiv>
            </TextLine>
            <TextLine id="r1l19" custom="readingOrder {index:18;}">
                <Coords points="1748,845 2909,844 2909,803 1748,799"/>
                <Baseline points="1762,839 1818,840 1875,841 1931,842 1988,843 2045,843 2101,843 2158,842 2214,842 2271,841 2328,841 2384,840 2441,840 2497,839 2554,839 2611,839 2667,839 2724,840 2780,841 2837,842 2894,844"/>
                <TextEquiv>
                    <Unicode>Wasser, es gibt Krieg — all das bleibt wesenlos, unwirklich,</Unicode>
                </TextEquiv>
            </TextLine>
            <TextLine id="r1l20" custom="readingOrder {index:19;}">
                <Coords points="702,880 2949,912 2879,831 702,848"/>
                <Baseline points="716,885 826,886 937,886 1048,886 1159,886 1270,885 1381,885 1492,884 1603,883 1714,882 1825,882 1935,881 2046,880 2157,880 2268,879 2379,879 2490,879 2601,879 2712,880 2823,881 2934,883"/>
                <TextEquiv>
                    <Unicode>Schnitzler haftet vornehmlich als Schöpfer des „Anatol“, wird immer blasser, verschwindet hinter der Wolke von #a</Unicode>
                </TextEquiv>
            </TextLine>
            <TextLine id="r1l21" custom="readingOrder {index:20;}">
                <Coords points="634,934 2911,932 2780,875 634,870"/>
                <Baseline points="649,927 761,928 873,928 985,928 1098,927 1210,926 1322,925 1435,924 1547,923 1659,922 1772,920 1884,919 1996,918 2108,917 2221,916 2333,916 2445,916 2558,917 2670,918 2782,920 2895,922"/>
                <TextEquiv>
                    <Unicode>und des „Süßzen Mädels“ in der Vorstellung, zwei Gestalten, schillernden. glühenden, spitzen und auch anmutigen Worten.</Unicode>
                </TextEquiv>
            </TextLine>
            <TextLine id="r1l22" custom="readingOrder {index:21;}">
                <Coords points="642,972 2913,991 2959,910 642,929"/>
                <Baseline points="656,963 770,966 884,967 999,968 1113,968 1228,967 1342,966 1456,965 1571,963 1685,961 1800,959 1914,958 2028,956 2143,955 2257,955 2372,955 2486,956 2600,957 2715,960 2829,964 2944,969"/>
                <TextEquiv>
                    <Unicode>die aus ihrer Umwelt mit allen Wurzeln und Fasern her=Auch die einzelnen Personen verschwinden, ihre Freuden und gg</Unicode>
                </TextEquiv>
            </TextLine>
            <TextLine id="r1l23" custom="readingOrder {index:22;}">
                <Coords points="630,1000 2898,1007 2898,952 630,959"/>
                <Baseline points="645,1007 756,1008 868,1008 980,1008 1092,1007 1204,1007 1316,1005 1427,1004 1539,1003 1651,1001 1763,1000 1875,998 1987,997 2099,996 2210,995 2322,995 2434,995 2546,995 2658,996 2770,998 2882,1000"/>
                <TextEquiv>
                    <Unicode>ausgehoben scheinen. Wir kennen ihn dann als skeptischen Schmerzen scheinen unerheblich neben der Wonne, über all</Unicode>
                </TextEquiv>
            </TextLine>
            <TextLine id="r1l24" custom="readingOrder {index:23;}">
                <Coords points="632,1065 2900,1032 631,1001"/>
                <Baseline points="647,1045 764,1045 882,1045 1000,1044 1118,1044 1236,1043 1354,1042 1471,1041 1589,1040 1707,1039 1825,1038 1943,1037 2061,1036 2178,1036 2296,1035 2414,1035 2532,1035 2650,1035 2768,1036 2886,1037"/>
                <TextEquiv>
                    <Unicode>Welt= und Lebensbetrachter, der nicht müde wird, die Frag=dies meditieren zu dürfen. Sie reden und reden vielmehr</Unicode>
                </TextEquiv>
            </TextLine>
            <TextLine id="r1l25" custom="readingOrder {index:24;}">
                <Coords points="636,1090 2954,1086 2953,1010 636,1061"/>
                <Baseline points="650,1084 764,1084 879,1084 993,1084 1108,1083 1222,1082 1337,1081 1451,1080 1566,1078 1680,1077 1795,1076 1909,1075 2024,1073 2138,1072 2253,1072 2367,1071 2482,1071 2596,1071 2711,1072 2825,1073 2940,1074"/>
                <TextEquiv>
                    <Unicode>würdigkeit unseres Daseins bald ironisch, bald zynisch, baldider Dichter redet, unter Verdrängung der jeweiligen Son= ca</Unicode>
                </TextEquiv>
            </TextLine>
            <TextLine id="r1l26" custom="readingOrder {index:25;}">
                <Coords points="632,1126 2889,1127 2772,1073 632,1082"/>
                <Baseline points="647,1124 758,1124 869,1123 981,1122 1092,1121 1203,1120 1315,1119 1426,1118 1537,1117 1649,1116 1760,1115 1871,1114 1983,1113 2094,1112 2205,1112 2317,1112 2428,1112 2539,1112 2651,1113 2762,1114 2874,1116"/>
                <TextEquiv>
                    <Unicode>mitleidsvoll, bald melancholisch, zuweilen tief und immeriderpersönlichkeit, aus allen und sie haben am Ende nur noch</Unicode>
                </TextEquiv>
            </TextLine>
            <TextLine id="r1l27" custom="readingOrder {index:26;}">
                <Coords points="624,1157 2930,1184 2953,1088 624,1128"/>
                <Baseline points="637,1166 752,1164 867,1163 982,1161 1097,1160 1212,1158 1327,1157 1442,1156 1557,1155 1672,1154 1788,1153 1903,1153 2018,1152 2133,1152 2248,1153 2363,1153 2478,1154 2593,1156 2708,1157 2823,1159 2939,1162"/>
                <TextEquiv>
                    <Unicode>geistreich zu behandeln. In reiferem Alter vertieft er sich die Aufgabe, Sprachrohr des Dichters zu sein. Das Stück ist la</Unicode>
                </TextEquiv>
            </TextLine>
            <TextLine id="r1l28" custom="readingOrder {index:27;}">
                <Coords points="633,1212 1675,1209 1771,1200 1771,1159 632,1151"/>
                <Baseline points="647,1206 702,1204 758,1203 813,1201 869,1200 924,1200 980,1199 1035,1199 1091,1198 1146,1198 1202,1198 1257,1198 1313,1198 1368,1198 1424,1197 1479,1197 1535,1197 1590,1196 1646,1195 1701,1194 1757,1193"/>
                <TextEquiv>
                    <Unicode>gern an letzte Menschheitsprobleme und spricht mit müder</Unicode>
                </TextEquiv>
            </TextLine>
            <TextLine id="r1l29" custom="readingOrder {index:28;}">
                <Coords points="1761,1213 2914,1211 2861,1173 2623,1152 1761,1155"/>
                <Baseline points="1775,1204 1831,1205 1887,1206 1943,1206 1999,1206 2055,1206 2111,1206 2168,1206 2224,1206 2280,1206 2336,1206 2392,1206 2448,1206 2504,1206 2561,1206 2617,1207 2673,1207 2729,1208 2785,1208 2841,1209 2898,1210"/>
                <TextEquiv>
                    <Unicode>das theaterfernste Rede= und Lesedrama und</Unicode>
                </TextEquiv>
            </TextLine>
            <TextLine id="r1l30" custom="readingOrder {index:29;}">
                <Coords points="634,1245 1773,1240 1740,1197 634,1195"/>
                <Baseline points="649,1241 704,1241 759,1240 815,1240 870,1239 926,1239 981,1239 1037,1238 1092,1238 1148,1238 1203,1237 1258,1237 1314,1236 1369,1236 1425,1236 1480,1235 1536,1235 1591,1235 1647,1234 1702,1234 1758,1234"/>
                <TextEquiv>
                    <Unicode>Resignation von unserem Altern, Absterben. Sterben; von</Unicode>
                </TextEquiv>
            </TextLine>
            <TextLine id="r1l31" custom="readingOrder {index:30;}">
                <Coords points="1769,1253 2954,1274 2899,1210 1769,1206"/>
                <Baseline points="1784,1245 1841,1247 1899,1248 1957,1249 2015,1250 2073,1250 2130,1250 2188,1250 2246,1249 2304,1249 2362,1248 2419,1248 2477,1247 2535,1247 2593,1248 2651,1249 2708,1250 2766,1252 2824,1254 2882,1257 2940,1262"/>
                <TextEquiv>
                    <Unicode>mit keinen Mitteln für die Bühne zu retten, denn es hat zu ##</Unicode>
                </TextEquiv>
            </TextLine>
            <TextLine id="r1l32" custom="readingOrder {index:31;}">
                <Coords points="634,1280 1773,1278 1772,1240 1679,1232 634,1245"/>
                <Baseline points="649,1279 704,1279 759,1279 815,1279 870,1278 926,1278 981,1278 1036,1278 1092,1277 1147,1277 1203,1276 1258,1276 1313,1275 1369,1275 1424,1275 1480,1274 1535,1274 1590,1273 1646,1273 1701,1273 1757,1273"/>
                <TextEquiv>
                    <Unicode>der Einsamkeit der Menschen, denen er in Dramen wie „Der</Unicode>
                </TextEquiv>
            </TextLine>
            <TextLine id="r1l33" custom="readingOrder {index:32;}">
                <Coords points="1757,1291 2735,1295 2735,1254 2602,1245 1757,1250"/>
                <Baseline points="1771,1287 1818,1287 1866,1288 1913,1288 1961,1288 2008,1288 2056,1288 2103,1288 2151,1288 2198,1288 2246,1288 2293,1288 2341,1288 2388,1288 2436,1288 2483,1288 2531,1288 2578,1288 2626,1288 2673,1289 2721,1289"/>
                <TextEquiv>
                    <Unicode>viel Geist, aber leider fehlt ihm eins — das Leben.</Unicode>
                </TextEquiv>
            </TextLine>
            <TextLine id="r1l34" custom="readingOrder {index:33;}">
                <Coords points="638,1332 1762,1321 1779,1275 638,1288"/>
                <Baseline points="651,1319 706,1319 762,1318 818,1318 873,1318 929,1317 985,1317 1040,1317 1096,1316 1152,1316 1208,1316 1263,1315 1319,1315 1375,1314 1430,1314 1486,1314 1542,1313 1597,1313 1653,1312 1709,1312 1765,1311"/>
                <TextEquiv>
                    <Unicode>einsame Weg“ als gütiger Freund zur Seite steht, aber auch</Unicode>
                </TextEquiv>
            </TextLine>
            <TextLine id="r1l35" custom="readingOrder {index:34;}">
                <Coords points="1823,1321 2871,1336 2906,1327 2906,1278 1823,1292"/>
                <Baseline points="1836,1327 1888,1326 1941,1326 1994,1326 2046,1326 2099,1326 2152,1326 2204,1326 2257,1326 2310,1327 2363,1327 2415,1327 2468,1327 2521,1327 2573,1327 2626,1327 2679,1327 2731,1326 2784,1326 2837,1325 2890,1324"/>
                <TextEquiv>
                    <Unicode>Dabei hat Dr. von Gordon schon sehr viel und fachgemäß</Unicode>
                </TextEquiv>
            </TextLine>
            <TextLine id="r1l36" custom="readingOrder {index:35;}">
                <Coords points="631,1349 2905,1385 2952,1322 631,1329"/>
                <Baseline points="647,1360 761,1357 875,1354 990,1353 1104,1353 1219,1353 1333,1353 1448,1354 1562,1355 1677,1357 1791,1359 1905,1360 2020,1362 2134,1364 2249,1365 2363,1366 2478,1367 2592,1367 2707,1366 2821,1365 2936,1363"/>
                <TextEquiv>
                    <Unicode>mit der schmerzlichen Resignation des Arztes, der erkannt gestrichen; leider nicht die metaphysischen Verstiegenheitensaa</Unicode>
                </TextEquiv>
            </TextLine>
            <TextLine id="r1l37" custom="readingOrder {index:36;}">
                <Coords points="633,1397 2906,1403 633,1362"/>
                <Baseline points="647,1399 759,1396 871,1394 983,1392 1096,1392 1208,1392 1320,1392 1432,1393 1545,1394 1657,1395 1769,1397 1881,1399 1994,1401 2106,1402 2218,1404 2330,1405 2443,1406 2555,1407 2667,1407 2779,1407 2892,1406"/>
                <TextEquiv>
                    <Unicode>hat aber nicht zu helfen vermag. An dieses Stück scheint der eines Sekretärs den gesvenstisch=phantastisch à la Eulenberg.</Unicode>
                </TextEquiv>
            </TextLine>
            <TextLine id="r1l38" custom="readingOrder {index:37;}">
                <Coords points="633,1444 2959,1478 2910,1407 633,1398"/>
                <Baseline points="648,1437 762,1435 877,1433 992,1432 1107,1431 1222,1431 1336,1432 1451,1433 1566,1434 1681,1435 1796,1437 1910,1438 2025,1440 2140,1442 2255,1444 2370,1445 2484,1447 2599,1448 2714,1450 2829,1451 2944,1452"/>
                <TextEquiv>
                    <Unicode>Dichter mit seinem neuen Drama anzuknüpfen. „Der einsame aufzuziehen, Schnitzler für nötig hielt. Kein Mensch wußtslgg</Unicode>
                </TextEquiv>
            </TextLine>
            <TextLine id="r1l39" custom="readingOrder {index:38;}">
                <Coords points="620,1466 2900,1484 620,1437"/>
                <Baseline points="634,1478 746,1475 859,1472 971,1471 1084,1470 1197,1470 1309,1470 1422,1471 1534,1472 1647,1474 1760,1476 1872,1477 1985,1479 2097,1481 2210,1482 2323,1484 2435,1485 2548,1486 2660,1486 2773,1485 2886,1484"/>
                <TextEquiv>
                    <Unicode>Weg“ endet mit bitteren Worten über die Dekadenz der mit diesem Gebilde etwas anzufangen, auch der tüchtige</Unicode>
                </TextEquiv>
            </TextLine>
            <TextLine id="r1l40" custom="readingOrder {index:39;}">
                <Coords points="621,1512 2907,1531 2889,1470 622,1466"/>
                <Baseline points="637,1517 749,1514 862,1511 975,1510 1087,1509 1200,1509 1313,1510 1425,1511 1538,1512 1651,1513 1764,1515 1876,1517 1989,1519 2102,1520 2214,1522 2327,1523 2440,1523 2552,1523 2665,1523 2778,1522 2891,1520"/>
                <TextEquiv>
                    <Unicode>älteren Generation und mit hoffnungsfroher Begrüßung der Frank Falkner nicht. Im übrigen vermochte der Regisseur</Unicode>
                </TextEquiv>
            </TextLine>
            <TextLine id="r1l41" custom="readingOrder {index:40;}">
                <Coords points="628,1573 2951,1585 2905,1515 628,1509"/>
                <Baseline points="643,1556 757,1554 872,1551 987,1550 1101,1550 1216,1550 1331,1550 1445,1551 1560,1553 1675,1555 1790,1556 1904,1558 2019,1560 2134,1561 2248,1562 2363,1563 2478,1563 2592,1563 2707,1562 2822,1560 2937,1558"/>
                <TextEquiv>
                    <Unicode>Jugend, die „mehl Haltung und weniger Geist“ habe. Im nicht, diese ungeheuere Fülle von sozusagen gefrorener Poesie ca</Unicode>
                </TextEquiv>
            </TextLine>
            <TextLine id="r1l42" custom="readingOrder {index:41;}">
                <Coords points="628,1609 2908,1566 628,1560"/>
                <Baseline points="642,1596 754,1592 867,1590 979,1588 1092,1587 1205,1587 1317,1588 1430,1589 1542,1590 1655,1592 1768,1594 1880,1596 1993,1598 2105,1599 2218,1601 2331,1602 2443,1603 2556,1603 2668,1603 2781,1602 2894,1600"/>
                <TextEquiv>
                    <Unicode>„Gang zum Weiher“ kontrastiert Schnitzler Alter und Jugend aufzutauen und dem Publikum wie dem Theater über den</Unicode>
                </TextEquiv>
            </TextLine>
            <TextLine id="r1l43" custom="readingOrder {index:42;}">
                <Coords points="628,1638 2957,1630 628,1589"/>
                <Baseline points="641,1633 756,1631 871,1630 986,1629 1101,1629 1216,1629 1331,1629 1446,1630 1561,1631 1676,1633 1791,1634 1906,1635 2021,1637 2136,1638 2251,1640 2366,1641 2481,1642 2596,1643 2711,1644 2826,1644 2942,1644"/>
                <TextEquiv>
                    <Unicode>bewußt und kommt zu dem Ergebnis, daß nur beide zusam= Dichter hinaus das zu geben, was beide haben wollen:</Unicode>
                </TextEquiv>
            </TextLine>
            <TextLine id="r1l44" custom="readingOrder {index:43;}">
                <Coords points="619,1681 2908,1693 2908,1631 620,1626"/>
                <Baseline points="634,1673 746,1671 859,1669 972,1668 1085,1667 1198,1667 1311,1668 1424,1668 1537,1669 1650,1671 1763,1672 1875,1674 1988,1675 2101,1677 2214,1678 2327,1680 2440,1681 2553,1681 2666,1682 2779,1681 2892,1681"/>
                <TextEquiv>
                    <Unicode>imen fortschrittliches Leben gestalten können. Er kleidet das künstlerisch gestaltetes Leben. Die Darsteller dienten ihren</Unicode>
                </TextEquiv>
            </TextLine>
            <TextLine id="r1l45" custom="readingOrder {index:44;}">
                <Coords points="619,1721 2724,1733 2905,1667 619,1680"/>
                <Baseline points="635,1714 747,1711 860,1708 973,1707 1086,1707 1198,1706 1311,1707 1424,1708 1537,1709 1649,1710 1762,1712 1875,1713 1988,1715 2100,1716 2213,1718 2326,1718 2439,1719 2551,1719 2664,1718 2777,1716 2890,1714"/>
                <TextEquiv>
                    <Unicode>in folgende Handlung: Ein entlassener Kanzler wird von undankoaren Aufgaben mit pflichtmäßiger Anspannung; da</Unicode>
                </TextEquiv>
            </TextLine>
            <TextLine id="r1l46" custom="readingOrder {index:45;}">
                <Coords points="618,1751 2959,1788 2930,1706 618,1716"/>
                <Baseline points="633,1754 748,1750 864,1748 979,1746 1095,1745 1210,1745 1326,1745 1441,1746 1557,1748 1672,1749 1788,1751 1903,1753 2019,1754 2134,1756 2250,1757 2365,1758 2481,1759 2596,1759 2712,1758 2827,1756 2943,1754"/>
                <TextEquiv>
                    <Unicode>seinem Fürsten zurückgerufen, er will den Frieden, aber er aber bald der Dichter, bald die Gestalt spricht, ein Formens#a</Unicode>
                </TextEquiv>
            </TextLine>
            <TextLine id="r1l47" custom="readingOrder {index:46;}">
                <Coords points="620,1791 2908,1821 2909,1765 621,1751"/>
                <Baseline points="636,1791 748,1789 861,1787 974,1786 1087,1786 1200,1786 1313,1786 1426,1786 1539,1787 1652,1788 1765,1789 1877,1791 1990,1792 2103,1793 2216,1794 2329,1796 2442,1797 2555,1798 2668,1798 2781,1799 2894,1798"/>
                <TextEquiv>
                    <Unicode>muß Krieg führen. Sein Freund scheitert ebenfalls beim von innen heraus also nicht einzuhalten war, halfen sie sich,</Unicode>
                </TextEquiv>
            </TextLine>
            <TextLine id="r1l48" custom="readingOrder {index:47;}">
                <Coords points="610,1819 2930,1877 2960,1784 610,1787"/>
                <Baseline points="624,1832 740,1829 856,1827 972,1825 1088,1824 1204,1824 1320,1824 1436,1825 1552,1826 1668,1827 1784,1829 1900,1831 2016,1832 2132,1835 2248,1836 2364,1838 2480,1840 2596,1841 2712,1842 2828,1843 2944,1844"/>
                <TextEquiv>
                    <Unicode>Werben um des Kanzlers Tochter; aber diese und ein junger so gut es gehen wollte, mit Routine: Robert Kleinerliaa</Unicode>
                </TextEquiv>
            </TextLine>
            <TextLine id="r1l49" custom="readingOrder {index:48;}">
                <Coords points="2153,1856 2182,1854 2199,1860 2217,1858 2228,1864 2275,1859 2275,1830 2153,1830"/>
                <Baseline points="2166,1855 2197,1853 2228,1854 2260,1857"/>
                <TextEquiv>
                    <Unicode>e</Unicode>
                </TextEquiv>
            </TextLine>
            <TextLine id="r1l50" custom="readingOrder {index:49;}">
                <Coords points="609,1869 1770,1869 1770,1828 609,1822"/>
                <Baseline points="622,1872 678,1870 735,1868 792,1866 848,1866 905,1865 962,1864 1018,1864 1075,1864 1132,1864 1189,1864 1245,1864 1302,1864 1359,1864 1415,1864 1472,1864 1529,1864 1585,1864 1642,1863 1699,1863 1756,1862"/>
                <TextEquiv>
                    <Unicode>Offizier finden sich auf dem Weg zum Weiher, wie taten¬</Unicode>
                </TextEquiv>
            </TextLine>
            <TextLine id="r1l51" custom="readingOrder {index:50;}">
                <Coords points="611,1902 2908,1851 611,1870"/>
                <Baseline points="627,1906 740,1906 853,1906 967,1906 1080,1906 1193,1905 1307,1904 1420,1903 1533,1901 1647,1899 1760,1898 1873,1896 1987,1894 2100,1892 2213,1890 2327,1889 2440,1887 2553,1886 2667,1885 2780,1884 2894,1883"/>
                <TextEquiv>
                    <Unicode>frohe Jugend immer einen Weg findet, der zauderndem Lenore Fein, Alice Treff, Herbert Dirmoser, Maurus</Unicode>
                </TextEquiv>
            </TextLine>
            <TextLine id="r1l52" custom="readingOrder {index:51;}">
                <Coords points="1770,1935 2870,1931 2905,1881 1770,1897"/>
                <Baseline points="1784,1932 1839,1932 1894,1932 1949,1932 2005,1932 2060,1932 2115,1932 2171,1932 2226,1931 2281,1931 2337,1931 2392,1930 2447,1930 2502,1929 2558,1928 2613,1927 2668,1927 2724,1925 2779,1924 2834,1923 2890,1921"/>
                <TextEquiv>
                    <Unicode>Liertz. Friedrich Schleims Bühnenbilder und Theodor</Unicode>
                </TextEquiv>
            </TextLine>
            <TextLine id="r1l53" custom="readingOrder {index:52;}">
                <Coords points="625,1962 1667,1951 1771,1941 1771,1903 624,1901"/>
                <Baseline points="639,1949 694,1946 750,1945 806,1944 862,1943 918,1942 974,1942 1029,1941 1085,1941 1141,1941 1197,1941 1253,1941 1309,1942 1365,1942 1420,1942 1476,1941 1532,1941 1588,1941 1644,1940 1700,1939 1756,1937"/>
                <TextEquiv>
                    <Unicode>Alter verschlossen bleibt. Ein anscheinend einfaches Ge¬</Unicode>
                </TextEquiv>
            </TextLine>
            <TextLine id="r1l54" custom="readingOrder {index:53;}">
                <Coords points="609,1984 2956,1976 2931,1901 609,1943"/>
                <Baseline points="625,1987 740,1985 856,1984 972,1982 1088,1981 1203,1980 1319,1979 1435,1978 1551,1977 1666,1976 1782,1976 1898,1975 2014,1974 2129,1972 2245,1971 2361,1969 2477,1966 2592,1964 2708,1961 2824,1957 2940,1953"/>
                <TextEquiv>
                    <Unicode>schehen, hinter dem sich aber inneres Erleben auf labyrintisch Lankers Kostüme boten dem Auge freundliche Eindrücke. da</Unicode>
                </TextEquiv>
            </TextLine>
            <TextLine id="r1l55" custom="readingOrder {index:54;}">
                <Coords points="632,2017 2920,2006 2919,1953 631,1985"/>
                <Baseline points="647,2022 765,2021 884,2021 1003,2021 1122,2020 1241,2019 1360,2018 1479,2017 1598,2016 1717,2015 1835,2013 1954,2012 2073,2011 2192,2009 2311,2008 2430,2006 2549,2005 2668,2003 2787,2002 2906,2000"/>
                <TextEquiv>
                    <Unicode>verschlungenen Pfaden nach Schnitzlers Gepflogenheit um¬ Das Publikum illustrierte durch sein Verhalten die alte Er¬</Unicode>
                </TextEquiv>
            </TextLine>
            <TextLine id="r1l56" custom="readingOrder {index:55;}">
                <Coords points="607,2076 2965,2070 2964,2009 2810,1996 606,2018"/>
                <Baseline points="621,2061 737,2061 853,2060 970,2060 1086,2059 1203,2058 1319,2057 1435,2056 1552,2055 1668,2053 1785,2052 1901,2051 2017,2050 2134,2048 2250,2047 2367,2046 2483,2045 2599,2045 2716,2044 2832,2044 2949,2044"/>
                <TextEquiv>
                    <Unicode>ständlich und redselig entwickelt. So genießen wir eine un= fahrung, daß allzuviel Geist, zumal wenn er gesprochen oder ja</Unicode>
                </TextEquiv>
            </TextLine>
            <TextLine id="r1l57" custom="readingOrder {index:56;}">
                <Coords points="610,2111 2147,2115 2414,2063 609,2062"/>
                <Baseline points="623,2095 711,2097 800,2098 889,2099 978,2099 1067,2099 1156,2099 1245,2098 1334,2097 1423,2096 1512,2095 1600,2094 1689,2093 1778,2091 1867,2090 1956,2089 2045,2088 2134,2087 2223,2086 2312,2085 2401,2085"/>
                <TextEquiv>
                    <Unicode>sendliche Fülle von feingeschliffenen Gedanken und bestricken= gespielt wird, wirkungslos bleibt.</Unicode>
                </TextEquiv>
            </TextLine>
            <TextLine id="r1l58" custom="readingOrder {index:57;}">
                <Coords points="2264,2145 2354,2139 2366,2127 2392,2141 2404,2137 2419,2143 2436,2127 2453,2127 2451,2069 2414,2073 2394,2094 2263,2092"/>
                <Baseline points="2279,2125 2305,2123 2332,2120 2358,2119 2385,2118 2411,2119 2438,2121"/>
                <TextEquiv>
                    <Unicode></Unicode>
                </TextEquiv>
            </TextLine>
            <TextLine id="r1l59" custom="readingOrder {index:58;}">
                <Coords points="2594,2170 2714,2177 2752,2160 2789,2172 2842,2153 2874,2179 2967,2158 2968,2114 2939,2111 2893,2069 2849,2100 2793,2091 2779,2076 2753,2099 2706,2075 2689,2089 2595,2088"/>
                <Baseline points="2608,2150 2634,2143 2661,2136 2687,2133 2714,2131 2741,2130 2767,2130 2794,2131 2820,2133 2847,2136 2874,2139 2900,2142 2927,2145 2954,2148"/>
                <TextEquiv>
                    <Unicode>g0 — M0d</Unicode>
                </TextEquiv>
            </TextLine>
            <TextLine id="r1l60" custom="readingOrder {index:59;}">
                <Coords points="1155,2249 1717,2227 1892,2258 2101,2219 2244,2248 2261,2111 1708,2101 1516,2114 1402,2175 1257,2129 1155,2176"/>
                <Baseline points="1169,2232 1222,2229 1276,2227 1330,2225 1384,2223 1438,2223 1492,2222 1546,2222 1600,2222 1654,2222 1708,2223 1761,2223 1815,2223 1869,2224 1923,2224 1977,2224 2031,2224 2085,2224 2139,2223 2193,2222 2247,2220"/>
                <TextEquiv>
                    <Unicode>Aeshente Zeoteg</Unicode>
                </TextEquiv>
            </TextLine>
            <TextLine id="r1l61" custom="readingOrder {index:60;}">
                <Coords points="2583,2284 2713,2238 2731,2253 2745,2241 2783,2255 2824,2231 2862,2262 2900,2262 2958,2244 2958,2211 2934,2215 2899,2195 2858,2207 2814,2184 2783,2191 2753,2162 2666,2189 2581,2164"/>
                <Baseline points="2596,2255 2622,2245 2649,2239 2675,2234 2702,2230 2729,2228 2755,2227 2782,2227 2808,2228 2835,2231 2862,2233 2888,2237 2915,2240 2942,2244"/>
                <TextEquiv>
                    <Unicode>gv 1100</Unicode>
                </TextEquiv>
            </TextLine>
            <TextLine id="r1l62" custom="readingOrder {index:61;}">
                <Coords points="1504,2309 1560,2322 1652,2297 1711,2322 1763,2309 1793,2326 1842,2295 1865,2298 1864,2236 1841,2246 1791,2238 1754,2262 1715,2228 1660,2262 1628,2239 1573,2255 1503,2242"/>
                <Baseline points="1520,2302 1545,2300 1570,2298 1596,2298 1621,2297 1647,2297 1672,2297 1698,2297 1723,2297 1749,2296 1774,2296 1800,2294 1825,2292 1851,2290"/>
                <TextEquiv>
                    <Unicode>70. K. 37</Unicode>
                </TextEquiv>
            </TextLine>
            <TextLine id="r1l63" custom="readingOrder {index:62;}">
                <Coords points="2576,2341 2669,2351 2730,2329 2856,2359 2902,2349 2926,2366 2958,2359 2956,2278 2889,2256 2842,2260 2805,2284 2784,2270 2758,2285 2714,2271 2691,2280 2659,2263 2613,2311 2575,2314"/>
                <Baseline points="2590,2354 2615,2346 2640,2339 2665,2333 2691,2329 2716,2326 2741,2325 2767,2324 2792,2325 2817,2326 2842,2329 2868,2331 2893,2334 2918,2339 2944,2342"/>
                <TextEquiv>
                    <Unicode>109 l0a</Unicode>
                </TextEquiv>
            </TextLine>
            <TextLine id="r1l64" custom="readingOrder {index:63;}">
                <Coords points="1302,2396 2058,2416 2128,2402 2129,2352 2004,2325 1943,2350 1774,2325 1713,2351 1302,2323"/>
                <Baseline points="1316,2382 1355,2384 1395,2385 1435,2387 1475,2388 1515,2389 1555,2389 1595,2389 1635,2389 1675,2390 1715,2390 1754,2390 1794,2390 1834,2390 1874,2390 1914,2390 1954,2391 1994,2392 2034,2393 2074,2394 2114,2396"/>
                <TextEquiv>
                    <Unicode>Wiesbadener Theaterbrief</Unicode>
                </TextEquiv>
            </TextLine>
            <TextLine id="r1l65" custom="readingOrder {index:64;}">
                <Coords points="2604,2458 2633,2467 2704,2428 2779,2426 2971,2470 2973,2359 2902,2378 2850,2357 2778,2356 2734,2373 2676,2357 2649,2372 2606,2362"/>
                <Baseline points="2620,2438 2645,2431 2671,2426 2697,2422 2723,2421 2749,2420 2775,2420 2801,2421 2827,2423 2853,2425 2879,2428 2905,2431 2931,2434 2957,2436"/>
                <TextEquiv>
                    <Unicode>gv 1100</Unicode>
                </TextEquiv>
            </TextLine>
            <TextLine id="r1l66" custom="readingOrder {index:65;}">
                <Coords points="1171,2448 2333,2452 2333,2403 2272,2388 1172,2395"/>
                <Baseline points="1185,2436 1241,2437 1298,2439 1354,2440 1411,2441 1468,2443 1524,2444 1581,2445 1637,2446 1694,2447 1751,2448 1807,2449 1864,2449 1920,2450 1977,2450 2034,2450 2090,2450 2147,2450 2203,2449 2260,2448 2317,2447"/>
                <TextEquiv>
                    <Unicode>Die reichsdeutsche Uraufführung der dramatischen Dich¬</Unicode>
                </TextEquiv>
            </TextLine>
            <TextLine id="r1l67" custom="readingOrder {index:66;}">
                <Coords points="1087,2487 2331,2495 2305,2448 1088,2452"/>
                <Baseline points="1102,2480 1162,2483 1223,2484 1284,2486 1345,2487 1405,2489 1466,2490 1527,2490 1588,2491 1648,2492 1709,2492 1770,2492 1831,2493 1891,2493 1952,2493 2013,2493 2074,2493 2134,2493 2195,2493 2256,2493 2317,2493"/>
                <TextEquiv>
                    <Unicode>tung „Der Gang zum Wether“ von Arthur Schnitzler wurde</Unicode>
                </TextEquiv>
            </TextLine>
            <TextLine id="r1l68" custom="readingOrder {index:67;}">
                <Coords points="1098,2532 2312,2553 2339,2498 1099,2489"/>
                <Baseline points="1114,2527 1174,2528 1235,2529 1295,2530 1356,2531 1416,2531 1477,2532 1537,2533 1598,2534 1658,2535 1719,2535 1779,2536 1840,2536 1900,2537 1961,2537 2021,2538 2082,2538 2142,2538 2203,2539 2263,2539 2324,2539"/>
                <TextEquiv>
                    <Unicode>am Donnerstag im Staatstheater (Kleines Haus) gegeben.</Unicode>
                </TextEquiv>
            </TextLine>
            <TextLine id="r1l69" custom="readingOrder {index:68;}">
                <Coords points="2602,2531 2623,2528 2645,2544 2663,2538 2703,2560 2741,2549 2753,2555 2762,2549 2791,2550 2792,2498 2661,2489 2647,2500 2603,2490"/>
                <Baseline points="2616,2536 2643,2534 2670,2533 2697,2534 2724,2535 2751,2537 2778,2539"/>
                <TextEquiv>
                    <Unicode>a50 8 10</Unicode>
                </TextEquiv>
            </TextLine>
            <TextLine id="r1l70" custom="readingOrder {index:69;}">
                <Coords points="1093,2573 2342,2582 2319,2541 1093,2526"/>
                <Baseline points="1107,2571 1168,2571 1229,2571 1290,2572 1351,2573 1412,2573 1473,2575 1534,2575 1595,2577 1656,2578 1717,2579 1778,2579 1839,2580 1900,2581 1961,2581 2022,2582 2083,2582 2144,2581 2205,2581 2266,2579 2328,2578"/>
                <TextEquiv>
                    <Unicode>Der Wiener Dichter und Arzt Arthur Schnitzler, der heute</Unicode>
                </TextEquiv>
            </TextLine>
            <TextLine id="r1l71" custom="readingOrder {index:70;}">
                <Coords points="2347,2622 2371,2624 2374,2621 2380,2621 2382,2625 2388,2622 2391,2625 2405,2626 2409,2586 2391,2584 2385,2590 2373,2589 2364,2594 2350,2593"/>
                <Baseline points="2364,2613 2392,2615"/>
                <TextEquiv>
                    <Unicode>BA.</Unicode>
                </TextEquiv>
            </TextLine>
            <TextLine id="r1l72" custom="readingOrder {index:71;}">
                <Coords points="1087,2629 2330,2642 2331,2590 1088,2571"/>
                <Baseline points="1102,2616 1162,2616 1223,2617 1284,2617 1344,2618 1405,2619 1466,2620 1526,2620 1587,2621 1648,2622 1709,2623 1769,2624 1830,2624 1891,2625 1951,2625 2012,2626 2073,2626 2133,2627 2194,2627 2255,2627 2316,2627"/>
                <TextEquiv>
                    <Unicode>fast 70 Jahre alt ist, hat auch in diesem Werk Eros eine¬</Unicode>
                </TextEquiv>
            </TextLine>
            <TextLine id="r1l73" custom="readingOrder {index:72;}">
                <Coords points="1091,2658 2299,2682 2335,2627 1092,2600"/>
                <Baseline points="1106,2659 1166,2660 1227,2661 1287,2663 1348,2664 1409,2664 1469,2665 1530,2666 1591,2667 1651,2668 1712,2668 1773,2669 1833,2669 1894,2669 1955,2669 2015,2669 2076,2669 2137,2669 2197,2669 2258,2669 2319,2668"/>
                <TextEquiv>
                    <Unicode>der Hauptrollen zugewiesen. Das Stück zeigt das bekannte</Unicode>
                </TextEquiv>
            </TextLine>
            <TextLine id="r1l74" custom="readingOrder {index:73;}">
                <Coords points="2317,2684 2341,2684 2352,2675 2367,2687 2390,2681 2428,2681 2440,2670 2463,2667 2463,2629 2437,2635 2419,2623 2358,2623 2341,2635 2317,2635"/>
                <Baseline points="2333,2667 2362,2668 2391,2668 2420,2668 2449,2667"/>
                <TextEquiv>
                    <Unicode>8</Unicode>
                </TextEquiv>
            </TextLine>
            <TextLine id="r1l75" custom="readingOrder {index:74;}">
                <Coords points="1082,2721 2264,2729 2338,2678 1083,2662"/>
                <Baseline points="1098,2703 1159,2703 1220,2703 1281,2704 1342,2704 1404,2705 1465,2706 1526,2707 1587,2708 1648,2709 1710,2710 1771,2711 1832,2712 1893,2713 1954,2714 2016,2714 2077,2715 2138,2715 2199,2715 2260,2714 2322,2713"/>
                <TextEquiv>
                    <Unicode>Schnitzlersche Milieu etwas elegisch, vergeistigt mit Gestalten</Unicode>
                </TextEquiv>
            </TextLine>
            <TextLine id="r1l76" custom="readingOrder {index:75;}">
                <Coords points="1083,2756 2338,2787 2339,2705 1084,2718"/>
                <Baseline points="1097,2749 1158,2749 1219,2749 1281,2749 1342,2749 1403,2750 1465,2751 1526,2752 1587,2753 1649,2755 1710,2756 1771,2757 1833,2758 1894,2759 1955,2760 2017,2760 2078,2761 2139,2761 2201,2761 2262,2760 2324,2759"/>
                <TextEquiv>
                    <Unicode>— die der heutigen Welt wesensfremd find. In die Figur des </Unicode>
                </TextEquiv>
            </TextLine>
            <TextLine id="r1l77" custom="readingOrder {index:76;}">
                <Coords points="2728,2786 2751,2785 2782,2767 2815,2791 2830,2786 2849,2797 2949,2794 2956,2719 2910,2712 2891,2722 2828,2704 2813,2715 2797,2701 2760,2719 2735,2708"/>
                <Baseline points="2743,2766 2770,2765 2797,2767 2825,2770 2852,2774 2880,2777 2907,2779 2935,2778"/>
                <TextEquiv>
                    <Unicode>Wen mdn</Unicode>
                </TextEquiv>
            </TextLine>
            <TextLine id="r1l78" custom="readingOrder {index:77;}">
                <Coords points="1100,2797 2300,2803 2300,2768 1963,2748 1101,2753"/>
                <Baseline points="1115,2794 1173,2794 1231,2794 1290,2795 1348,2795 1407,2796 1465,2797 1524,2798 1582,2798 1641,2799 1699,2800 1757,2801 1816,2801 1874,2801 1933,2802 1991,2802 2050,2802 2108,2801 2167,2801 2225,2800 2284,2799"/>
                <TextEquiv>
                    <Unicode>Sylvester Thorn legte Schnitzler vielleicht eigenes Erleben. —</Unicode>
                </TextEquiv>
            </TextLine>
            <TextLine id="r1l79" custom="readingOrder {index:78;}">
                <Coords points="1095,2850 2181,2834 2254,2864 2341,2850 2342,2813 1096,2794"/>
                <Baseline points="1111,2837 1171,2837 1232,2838 1293,2839 1354,2840 1415,2841 1475,2842 1536,2843 1597,2844 1658,2845 1719,2846 1779,2847 1840,2847 1901,2848 1962,2848 2023,2848 2083,2848 2144,2848 2205,2848 2266,2847 2327,2846"/>
                <TextEquiv>
                    <Unicode>Die Hauptperson der Dichtung ist Leonilda, die 19 Jahre</Unicode>
                </TextEquiv>
            </TextLine>
            <TextLine id="r1l80" custom="readingOrder {index:79;}">
                <Coords points="2745,2875 2766,2877 2775,2869 2794,2880 2804,2872 2822,2892 2842,2897 2869,2891 2875,2898 2915,2899 2934,2892 2950,2909 2967,2908 2975,2838 2907,2840 2863,2817 2829,2828 2815,2824 2796,2836 2751,2826"/>
                <Baseline points="2760,2861 2788,2863 2816,2865 2844,2868 2872,2870 2900,2874 2928,2878 2956,2883"/>
                <TextEquiv>
                    <Unicode> mog</Unicode>
                </TextEquiv>
            </TextLine>
            <TextLine id="r1l81" custom="readingOrder {index:80;}">
                <Coords points="1102,2895 2339,2914 2340,2850 2177,2834 1103,2842"/>
                <Baseline points="1118,2880 1178,2881 1238,2882 1299,2883 1359,2884 1420,2885 1480,2886 1540,2887 1601,2888 1661,2889 1722,2890 1782,2891 1842,2892 1903,2892 1963,2893 2024,2894 2084,2894 2144,2895 2205,2895 2265,2895 2326,2896"/>
                <TextEquiv>
                    <Unicode>alte Tochter des Freiherrn von Mayenau. Ihr Herz fliegt,</Unicode>
                </TextEquiv>
            </TextLine>
            <TextLine id="r1l82" custom="readingOrder {index:81;}">
                <Coords points="1097,2930 2074,2958 2346,2926 2323,2879 1097,2886"/>
                <Baseline points="1110,2929 1171,2928 1232,2927 1293,2927 1354,2927 1415,2927 1476,2928 1537,2928 1598,2929 1659,2930 1721,2932 1782,2933 1843,2934 1904,2935 1965,2936 2026,2937 2087,2937 2148,2938 2209,2938 2270,2937 2332,2937"/>
                <TextEquiv>
                    <Unicode>als der Freund ihres Vaters, Syloester Thorn, nach 10jähriger</Unicode>
                </TextEquiv>
            </TextLine>
            <TextLine id="r1l83" custom="readingOrder {index:82;}">
                <Coords points="2731,2969 2761,2965 2804,2975 2825,2968 2889,3004 2961,3007 2967,2947 2936,2932 2895,2931 2868,2908 2829,2916 2816,2903 2769,2934 2735,2925"/>
                <Baseline points="2747,2960 2772,2959 2797,2959 2822,2961 2848,2964 2873,2967 2898,2970 2923,2973 2949,2976"/>
                <TextEquiv>
                    <Unicode>Maa</Unicode>
                </TextEquiv>
            </TextLine>
            <TextLine id="r1l84" custom="readingOrder {index:83;}">
                <Coords points="1102,2982 2319,2987 2281,2940 1102,2927"/>
                <Baseline points="1117,2971 1176,2971 1235,2971 1295,2972 1354,2972 1414,2973 1473,2974 1532,2975 1592,2976 1651,2977 1711,2978 1770,2979 1829,2979 1889,2980 1948,2981 2008,2981 2067,2982 2126,2982 2186,2982 2245,2981 2305,2981"/>
                <TextEquiv>
                    <Unicode>Abwesenheit zu Besuch kommt, diesem entgegen. Doch Syl¬</Unicode>
                </TextEquiv>
            </TextLine>
            <TextLine id="r1l85" custom="readingOrder {index:84;}">
                <Coords points="1087,3030 2327,3046 2328,2982 1088,2978"/>
                <Baseline points="1103,3013 1163,3015 1224,3016 1284,3017 1345,3018 1405,3019 1466,3020 1526,3021 1587,3022 1647,3022 1708,3023 1768,3023 1829,3023 1889,3024 1950,3024 2010,3024 2071,3025 2131,3025 2192,3026 2252,3027 2313,3028"/>
                <TextEquiv>
                    <Unicode>oester ist nicht mehr frei in seiner Entschlußkraft. Er muß</Unicode>
                </TextEquiv>
            </TextLine>
            <TextLine id="r1l86" custom="readingOrder {index:85;}">
                <Coords points="2737,3077 2843,3070 2896,3099 2940,3097 2968,3106 2974,3045 2954,3043 2914,3007 2896,3005 2849,3036 2833,3025 2800,3028 2763,2989 2746,2987"/>
                <Baseline points="2753,3058 2778,3057 2803,3058 2829,3060 2854,3063 2879,3066 2905,3070 2930,3072 2956,3075"/>
                <TextEquiv>
                    <Unicode>1l0d</Unicode>
                </TextEquiv>
            </TextLine>
            <TextLine id="r1l87" custom="readingOrder {index:86;}">
                <Coords points="1091,3059 2337,3068 2337,3036 2198,3026 1092,3015"/>
                <Baseline points="1106,3059 1166,3060 1227,3061 1288,3061 1349,3062 1410,3063 1471,3064 1531,3064 1592,3065 1653,3066 1714,3067 1775,3067 1836,3068 1897,3068 1957,3069 2018,3069 2079,3070 2140,3070 2201,3070 2262,3070 2323,3070"/>
                <TextEquiv>
                    <Unicode>erst die Beziehungen zu seiner bisherigen Geliebten lösen. So —</Unicode>
                </TextEquiv>
            </TextLine>
            <TextLine id="r1l88" custom="readingOrder {index:87;}">
                <Coords points="1086,3114 2329,3125 2329,3073 1086,3058"/>
                <Baseline points="1099,3106 1159,3106 1220,3106 1281,3106 1341,3107 1402,3107 1463,3108 1523,3109 1584,3110 1645,3111 1706,3112 1766,3113 1827,3114 1888,3114 1948,3115 2009,3115 2070,3115 2130,3115 2191,3115 2252,3114 2313,3113"/>
                <TextEquiv>
                    <Unicode>läst er Leonilda im Unklaren. Inzwischen hat der Junker</Unicode>
                </TextEquiv>
            </TextLine>
            <TextLine id="r1l89" custom="readingOrder {index:88;}">
                <Coords points="1081,3170 2342,3169 2342,3111 1082,3109"/>
                <Baseline points="1095,3152 1156,3150 1218,3149 1279,3148 1341,3148 1403,3148 1464,3149 1526,3150 1588,3151 1649,3152 1711,3153 1773,3155 1834,3156 1896,3157 1958,3158 2019,3159 2081,3159 2143,3159 2204,3159 2266,3158 2328,3156"/>
                <TextEquiv>
                    <Unicode>von Ursenbeck, Leonilda, die sich jede Nacht am Schloßweiher —</Unicode>
                </TextEquiv>
            </TextLine>
            <TextLine id="r1l90" custom="readingOrder {index:89;}">
                <Coords points="2703,3165 2741,3163 2780,3187 2849,3166 2865,3182 2895,3179 2928,3202 2956,3181 2970,3183 2973,3154 2947,3151 2863,3103 2830,3121 2789,3112 2774,3122 2708,3105"/>
                <Baseline points="2719,3156 2745,3154 2771,3153 2798,3154 2824,3156 2850,3158 2877,3162 2903,3166 2929,3170 2956,3173"/>
                <TextEquiv>
                    <Unicode>mn ulda</Unicode>
                </TextEquiv>
            </TextLine>
            <TextLine id="r1l91" custom="readingOrder {index:90;}">
                <Coords points="1087,3192 2126,3218 2301,3214 2348,3165 1087,3157"/>
                <Baseline points="1102,3195 1163,3195 1225,3195 1286,3196 1348,3196 1409,3197 1471,3198 1532,3198 1594,3199 1655,3200 1717,3200 1778,3201 1840,3201 1901,3202 1963,3202 2024,3203 2086,3203 2147,3204 2209,3204 2270,3204 2332,3205"/>
                <TextEquiv>
                    <Unicode>nach dem Baden beim Tanz an der Schönheit des eigenen</Unicode>
                </TextEquiv>
            </TextLine>
            <TextLine id="r1l92" custom="readingOrder {index:91;}">
                <Coords points="1089,3235 2303,3268 2341,3207 1089,3194"/>
                <Baseline points="1103,3242 1164,3241 1225,3239 1286,3238 1347,3238 1408,3238 1469,3238 1531,3238 1592,3238 1653,3239 1714,3240 1775,3241 1836,3242 1897,3243 1959,3244 2020,3245 2081,3246 2142,3246 2203,3247 2264,3247 2326,3247"/>
                <TextEquiv>
                    <Unicode>Körpers erfreut, dork überrascht und sie zur Seinen gemacht.]</Unicode>
                </TextEquiv>
            </TextLine>
            <TextLine id="r1l93" custom="readingOrder {index:92;}">
                <Coords points="2696,3283 2725,3288 2737,3280 2760,3291 2790,3270 2828,3278 2852,3262 2885,3291 2931,3303 2967,3288 2971,3233 2951,3232 2923,3212 2911,3220 2850,3216 2830,3202 2776,3222 2700,3228"/>
                <Baseline points="2712,3257 2738,3254 2765,3253 2792,3254 2819,3256 2846,3258 2873,3261 2900,3265 2927,3268 2954,3271"/>
                <TextEquiv>
                    <Unicode> mag</Unicode>
                </TextEquiv>
            </TextLine>
            <TextLine id="r1l94" custom="readingOrder {index:93;}">
                <Coords points="1087,3283 2327,3310 2327,3269 2211,3250 1087,3233"/>
                <Baseline points="1100,3283 1160,3282 1221,3282 1281,3282 1342,3282 1402,3283 1463,3283 1523,3284 1584,3285 1644,3286 1705,3287 1766,3288 1826,3289 1887,3290 1947,3291 2008,3292 2068,3292 2129,3293 2189,3293 2250,3294 2311,3294"/>
                <TextEquiv>
                    <Unicode>Als Sylvester Thorn nach drei Tagen zurückkehrt, denn</Unicode>
                </TextEquiv>
            </TextLine>
            <TextLine id="r1l95" custom="readingOrder {index:94;}">
                <Coords points="1098,3327 2329,3360 2330,3299 1098,3284"/>
                <Baseline points="1114,3331 1174,3331 1234,3331 1294,3330 1354,3330 1414,3330 1474,3330 1534,3330 1594,3330 1654,3331 1714,3331 1774,3331 1834,3332 1894,3332 1954,3333 2014,3333 2074,3334 2134,3335 2194,3335 2254,3336 2315,3337"/>
                <TextEquiv>
                    <Unicode>Freundin und Kind sind im Wochenbett gestorben, da ist</Unicode>
                </TextEquiv>
            </TextLine>
            <TextLine id="r1l96" custom="readingOrder {index:95;}">
                <Coords points="2598,3386 2694,3390 2723,3361 2761,3371 2790,3356 2837,3372 2852,3360 2880,3384 2977,3377 2977,3342 2954,3341 2896,3300 2849,3316 2820,3307 2797,3322 2698,3308 2599,3316"/>
                <Baseline points="2614,3373 2640,3365 2667,3358 2694,3354 2721,3351 2748,3350 2775,3350 2801,3351 2828,3354 2855,3356 2882,3359 2909,3364 2936,3367 2963,3371"/>
                <TextEquiv>
                    <Unicode>gv Mag</Unicode>
                </TextEquiv>
            </TextLine>
            <TextLine id="r1l97" custom="readingOrder {index:96;}">
                <Coords points="1086,3377 2198,3394 2329,3384 2330,3337 1087,3322"/>
                <Baseline points="1102,3371 1162,3370 1223,3370 1283,3370 1344,3370 1405,3370 1465,3371 1526,3372 1587,3372 1647,3373 1708,3374 1769,3375 1829,3376 1890,3377 1951,3378 2011,3378 2072,3379 2133,3379 2193,3380 2254,3380 2315,3379"/>
                <TextEquiv>
                    <Unicode>Leonilda eine andere geworden. Sie bietet ihm die Freund¬</Unicode>
                </TextEquiv>
            </TextLine>
            <TextLine id="r1l98" custom="readingOrder {index:97;}">
                <Coords points="1093,3439 2257,3439 2324,3429 2325,3385 1093,3377"/>
                <Baseline points="1106,3414 1166,3414 1226,3414 1286,3414 1347,3415 1407,3415 1467,3416 1527,3417 1588,3418 1648,3418 1708,3419 1768,3420 1829,3421 1889,3422 1949,3423 2009,3423 2070,3424 2130,3424 2190,3424 2250,3424 2311,3424"/>
                <TextEquiv>
                    <Unicode>schaft an, die ihr als reinstes Geschenk erscheint, aber Syl¬</Unicode>
                </TextEquiv>
            </TextLine>
            <TextLine id="r1l99" custom="readingOrder {index:98;}">
                <Coords points="1098,3475 2282,3486 2332,3454 2300,3425 1098,3419"/>
                <Baseline points="1112,3459 1172,3460 1232,3460 1292,3461 1353,3461 1413,3462 1473,3462 1534,3463 1594,3463 1654,3464 1715,3464 1775,3464 1835,3465 1895,3465 1956,3466 2016,3466 2076,3466 2137,3466 2197,3467 2257,3467 2318,3467"/>
                <TextEquiv>
                    <Unicode>vester will Liebe, trotzdem er über die inzwischen vorgefallenen</Unicode>
                </TextEquiv>
            </TextLine>
            <TextLine id="r1l100" custom="readingOrder {index:99;}">
                <Coords points="2620,3475 2655,3474 2681,3482 2701,3477 2735,3494 2762,3485 2788,3487 2793,3414 2770,3415 2758,3423 2709,3405 2694,3410 2683,3403 2666,3402 2656,3410 2625,3405"/>
                <Baseline points="2636,3463 2664,3465 2692,3467 2720,3469 2748,3471 2776,3473"/>
                <TextEquiv>
                    <Unicode>anhs16</Unicode>
                </TextEquiv>
            </TextLine>
            <TextLine id="r1l101" custom="readingOrder {index:100;}">
                <Coords points="1089,3507 2332,3523 2332,3462 1089,3461"/>
                <Baseline points="1102,3501 1162,3501 1223,3501 1284,3502 1344,3502 1405,3503 1466,3504 1526,3505 1587,3506 1648,3507 1709,3508 1769,3509 1830,3510 1891,3511 1951,3511 2012,3512 2073,3513 2133,3513 2194,3513 2255,3513 2316,3513"/>
                <TextEquiv>
                    <Unicode>Ereignisse unterrichtet ist. Und als ihm diese versagt wird,</Unicode>
                </TextEquiv>
            </TextLine>
            <TextLine id="r1l102" custom="readingOrder {index:101;}">
                <Coords points="1080,3567 1677,3547 2335,3585 2335,3521 2184,3510 1080,3509"/>
                <Baseline points="1096,3548 1157,3548 1218,3548 1279,3548 1340,3549 1401,3549 1462,3550 1524,3550 1585,3551 1646,3551 1707,3552 1768,3553 1829,3553 1890,3554 1952,3555 2013,3555 2074,3556 2135,3556 2196,3557 2257,3557 2319,3558"/>
                <TextEquiv>
                    <Unicode>Vertränkt er sich im Weiher. Aber Leonilda bekennt sich auch —</Unicode>
                </TextEquiv>
            </TextLine>
            <TextLine id="r1l103" custom="readingOrder {index:102;}">
                <Coords points="1084,3586 2318,3615 2318,3559 1084,3565"/>
                <Baseline points="1098,3593 1158,3593 1218,3594 1279,3594 1339,3595 1399,3595 1460,3595 1520,3596 1580,3596 1641,3596 1701,3596 1761,3596 1822,3597 1882,3597 1942,3598 2003,3598 2063,3599 2123,3600 2184,3601 2244,3602 2305,3603"/>
                <TextEquiv>
                    <Unicode>nicht zu dem Junker, dem sie sich wohl hingab, der ihr je¬</Unicode>
                </TextEquiv>
            </TextLine>
            <TextLine id="r1l104" custom="readingOrder {index:103;}">
                <Coords points="2358,3620 2390,3617 2399,3625 2410,3625 2436,3607 2445,3612 2474,3611 2473,3562 2455,3559 2444,3563 2438,3557 2417,3555 2409,3561 2391,3558 2380,3570 2374,3567 2356,3571"/>
                <Baseline points="2372,3606 2401,3599 2430,3600 2460,3602"/>
                <TextEquiv>
                    <Unicode>6</Unicode>
                </TextEquiv>
            </TextLine>
            <TextLine id="r1l105" custom="readingOrder {index:104;}">
                <Coords points="1085,3633 2214,3662 2334,3638 2335,3594 1086,3587"/>
                <Baseline points="1100,3634 1160,3634 1221,3635 1282,3635 1343,3636 1404,3636 1465,3637 1526,3638 1587,3639 1648,3640 1709,3641 1769,3642 1830,3643 1891,3644 1952,3645 2013,3646 2074,3646 2135,3647 2196,3647 2257,3647 2318,3647"/>
                <TextEquiv>
                    <Unicode>doch nicht wesensverwandt ist. Sie will sich frei bewahren.</Unicode>
                </TextEquiv>
            </TextLine>
            <TextLine id="r1l106" custom="readingOrder {index:105;}">
                <Coords points="1160,3680 2336,3701 2333,3636 1160,3651"/>
                <Baseline points="1175,3680 1232,3680 1289,3680 1346,3681 1404,3681 1461,3682 1518,3683 1575,3684 1633,3684 1690,3685 1747,3686 1804,3687 1862,3687 1919,3688 1976,3688 2033,3689 2091,3689 2148,3689 2205,3690 2262,3689 2320,3689"/>
                <TextEquiv>
                    <Unicode>Die Handlung, die im 18. Jahrh. spielt, bringt auch ver¬</Unicode>
                </TextEquiv>
            </TextLine>
            <TextLine id="r1l107" custom="readingOrder {index:106;}">
                <Coords points="566,3742 604,3736 612,3745 641,3745 662,3734 682,3714 706,3714 706,3653 689,3653 674,3667 654,3658 636,3664 607,3652 598,3661 566,3663"/>
                <Baseline points="580,3719 608,3719 636,3719 664,3720 692,3719"/>
                <TextEquiv>
                    <Unicode>∆</Unicode>
                </TextEquiv>
            </TextLine>
            <TextLine id="r1l108" custom="readingOrder {index:107;}">
                <Coords points="843,3762 2386,3747 2386,3680 843,3660"/>
                <Baseline points="858,3744 933,3739 1009,3734 1084,3731 1160,3729 1236,3727 1311,3726 1387,3726 1462,3726 1538,3727 1614,3728 1689,3729 1765,3730 1840,3731 1916,3732 1992,3733 2067,3734 2143,3735 2218,3735 2294,3735 2370,3734"/>
                <TextEquiv>
                    <Unicode> schiedene kriegerische Momente. Die schöne Form der Dich=</Unicode>
                </TextEquiv>
            </TextLine>
            <TextLine id="r1l109" custom="readingOrder {index:108;}">
                <Coords points="2669,3781 2701,3788 2754,3775 2771,3788 2789,3780 2803,3789 2818,3778 2841,3790 2862,3774 2909,3764 2910,3720 2861,3715 2847,3703 2817,3728 2797,3716 2742,3714 2722,3701 2704,3713 2672,3714"/>
                <Baseline points="2684,3761 2710,3760 2736,3760 2762,3761 2788,3762 2814,3762 2840,3764 2866,3766 2893,3768"/>
                <TextEquiv>
                    <Unicode>(zivujug)</Unicode>
                </TextEquiv>
            </TextLine>
            <TextLine id="r1l110" custom="readingOrder {index:109;}">
                <Coords points="1091,3773 2299,3795 2329,3742 1091,3724"/>
                <Baseline points="1107,3772 1167,3772 1227,3771 1287,3771 1348,3771 1408,3771 1468,3771 1529,3772 1589,3772 1649,3773 1710,3773 1770,3774 1830,3774 1890,3775 1951,3775 2011,3776 2071,3776 2132,3776 2192,3776 2252,3777 2313,3776"/>
                <TextEquiv>
                    <Unicode>tung, mit ihren kunstvollen Versen, stellte höhere Anforde¬</Unicode>
                </TextEquiv>
            </TextLine>
            <TextLine id="r1l111" custom="readingOrder {index:110;}">
                <Coords points="1095,3815 2242,3836 2326,3813 2327,3767 1095,3774"/>
                <Baseline points="1109,3816 1169,3816 1229,3816 1289,3816 1349,3816 1409,3816 1469,3816 1529,3816 1589,3816 1649,3816 1710,3816 1770,3817 1830,3817 1890,3818 1950,3818 2010,3819 2070,3820 2130,3821 2190,3822 2250,3823 2311,3824"/>
                <TextEquiv>
                    <Unicode>rungen an die Schauspieler als das moderne Drama. Die</Unicode>
                </TextEquiv>
            </TextLine>
            <TextLine id="r1l112" custom="readingOrder {index:111;}">
                <Coords points="2687,3832 2705,3830 2718,3846 2785,3854 2806,3849 2814,3856 2847,3841 2867,3842 2872,3784 2836,3790 2817,3777 2807,3785 2793,3781 2769,3788 2756,3775 2749,3781 2738,3777 2707,3798 2690,3794"/>
                <Baseline points="2702,3821 2727,3821 2752,3822 2778,3824 2803,3826 2828,3829 2854,3831"/>
                <TextEquiv>
                    <Unicode>asguige</Unicode>
                </TextEquiv>
            </TextLine>
            <TextLine id="r1l113" custom="readingOrder {index:112;}">
                <Coords points="2377,3864 2392,3864 2412,3847 2429,3855 2458,3847 2467,3855 2502,3849 2511,3858 2528,3852 2558,3858 2569,3846 2598,3843 2598,3785 2546,3797 2496,3785 2484,3797 2452,3791 2444,3800 2420,3786 2377,3789"/>
                <Baseline points="2390,3839 2417,3840 2445,3840 2473,3840 2500,3839 2528,3839 2556,3839 2584,3839"/>
                <TextEquiv>
                    <Unicode>mv unnogob</Unicode>
                </TextEquiv>
            </TextLine>
            <TextLine id="r1l114" custom="readingOrder {index:113;}">
                <Coords points="2305,3867 2323,3867 2325,3864 2329,3867 2331,3863 2344,3870 2359,3853 2376,3850 2367,3790 2349,3790 2334,3810 2331,3807 2326,3814 2313,3807 2296,3810"/>
                <Baseline points="2316,3846 2361,3839"/>
                <TextEquiv>
                    <Unicode>gob</Unicode>
                </TextEquiv>
            </TextLine>
            <TextLine id="r1l115" custom="readingOrder {index:114;}">
                <Coords points="580,3866 716,3898 783,3887 824,3855 870,3882 915,3855 994,3871 1037,3853 1100,3875 1095,3803 1050,3826 1022,3805 965,3817 895,3784 802,3831 749,3817 709,3834 578,3831"/>
                <Baseline points="593,3864 618,3867 644,3869 670,3869 696,3868 722,3867 748,3865 773,3863 799,3860 825,3858 851,3854 877,3851 903,3849 928,3846 954,3844 980,3844 1006,3843 1032,3844 1058,3845 1084,3848"/>
                <TextEquiv>
                    <Unicode>uommving f#o uolagobi mn</Unicode>
                </TextEquiv>
            </TextLine>
            <TextLine id="r1l116" custom="readingOrder {index:115;}">
                <Coords points="1100,3866 2203,3887 2322,3870 2323,3815 1100,3814"/>
                <Baseline points="1114,3859 1173,3859 1233,3860 1293,3860 1352,3860 1412,3861 1472,3861 1531,3861 1591,3861 1651,3862 1711,3862 1770,3863 1830,3863 1890,3863 1949,3864 2009,3864 2069,3864 2128,3864 2188,3865 2248,3865 2308,3866"/>
                <TextEquiv>
                    <Unicode>Rolle der Leonilda wußte Alice Treff voll auszuschöpfen und</Unicode>
                </TextEquiv>
            </TextLine>
            <TextLine id="r1l117" custom="readingOrder {index:116;}">
                <Coords points="2306,3896 2454,3904 2472,3892 2536,3903 2609,3890 2608,3829 2556,3859 2501,3851 2483,3863 2428,3848 2306,3867"/>
                <Baseline points="2321,3887 2348,3887 2375,3887 2402,3887 2429,3887 2457,3886 2484,3885 2511,3885 2538,3885 2565,3885 2593,3886"/>
                <TextEquiv>
                    <Unicode>nen ennnennnmn.</Unicode>
                </TextEquiv>
            </TextLine>
            <TextLine id="r1l118" custom="readingOrder {index:117;}">
                <Coords points="823,3917 907,3896 977,3917 1015,3899 1093,3902 1093,3853 1009,3856 997,3867 974,3867 895,3850 860,3870 823,3858"/>
                <Baseline points="836,3893 863,3893 890,3893 917,3893 944,3894 971,3894 998,3894 1025,3894 1052,3893 1079,3892"/>
                <TextEquiv>
                    <Unicode>## rseeeeen</Unicode>
                </TextEquiv>
            </TextLine>
            <TextLine id="r1l119" custom="readingOrder {index:118;}">
                <Coords points="2660,3914 2695,3913 2732,3924 2745,3913 2756,3922 2803,3907 2884,3918 2888,3851 2836,3845 2809,3858 2794,3852 2768,3862 2731,3839 2665,3821"/>
                <Baseline points="2676,3886 2703,3891 2731,3893 2759,3894 2786,3895 2814,3897 2842,3897 2870,3899"/>
                <TextEquiv>
                    <Unicode>310 and</Unicode>
                </TextEquiv>
            </TextLine>
            <TextLine id="r1l120" custom="readingOrder {index:119;}">
                <Coords points="1093,3916 2255,3925 2319,3903 2319,3862 1093,3867"/>
                <Baseline points="1108,3904 1167,3904 1227,3904 1287,3904 1347,3904 1406,3905 1466,3905 1526,3906 1586,3906 1645,3907 1705,3907 1765,3908 1825,3908 1884,3909 1944,3909 2004,3909 2064,3909 2123,3909 2183,3909 2243,3909 2303,3909"/>
                <TextEquiv>
                    <Unicode>hervorragend zu gestalten. Robert Kleinert war als ehe¬</Unicode>
                </TextEquiv>
            </TextLine>
            <TextLine id="r1l121" custom="readingOrder {index:120;}">
                <Coords points="1097,3954 2316,3979 2317,3906 1097,3910"/>
                <Baseline points="1110,3944 1169,3945 1229,3946 1288,3946 1348,3947 1408,3948 1467,3949 1527,3949 1586,3950 1646,3950 1706,3950 1765,3951 1825,3951 1884,3952 1944,3952 2004,3953 2063,3953 2123,3953 2182,3954 2242,3954 2302,3955"/>
                <TextEquiv>
                    <Unicode>maliger Kanzler überlegen im Spiel und vortrefflich in Maske.</Unicode>
                </TextEquiv>
            </TextLine>
            <TextLine id="r1l122" custom="readingOrder {index:121;}">
                <Coords points="1096,4002 2254,4015 2325,3987 2325,3943 1096,3946"/>
                <Baseline points="1110,3986 1170,3988 1230,3989 1290,3990 1350,3991 1410,3992 1470,3993 1530,3994 1590,3994 1650,3995 1710,3995 1770,3995 1830,3996 1890,3996 1950,3996 2010,3996 2070,3997 2130,3997 2190,3998 2250,3999 2311,4000"/>
                <TextEquiv>
                    <Unicode>Leonore Fein gab die unverheiratete Schwester des Kanzlers</Unicode>
                </TextEquiv>
            </TextLine>
            <TextLine id="r1l123" custom="readingOrder {index:122;}">
                <Coords points="1095,4037 2387,4052 2341,3999 1095,4002"/>
                <Baseline points="1109,4034 1172,4034 1235,4034 1298,4034 1361,4035 1425,4035 1488,4036 1551,4037 1614,4037 1677,4038 1741,4038 1804,4039 1867,4040 1930,4041 1993,4041 2057,4042 2120,4043 2183,4043 2246,4043 2309,4044 2373,4044"/>
                <TextEquiv>
                    <Unicode>mit Zurückhaltung und ausgezeichneter Charakterisierung.</Unicode>
                </TextEquiv>
            </TextLine>
            <TextLine id="r1l124" custom="readingOrder {index:123;}">
                <Coords points="2489,4060 2815,4052 2844,4069 2897,4052 2926,4069 2975,4055 2975,4017 2929,3999 2745,4017 2702,3985 2635,4016 2559,4016 2536,3996 2489,3996"/>
                <Baseline points="2503,4040 2528,4041 2553,4041 2579,4042 2604,4043 2629,4043 2655,4043 2680,4044 2706,4044 2731,4044 2756,4044 2782,4043 2807,4043 2833,4043 2858,4043 2883,4042 2909,4042 2934,4041 2960,4041"/>
                <TextEquiv>
                    <Unicode>.—</Unicode>
                </TextEquiv>
            </TextLine>
            <TextLine id="r1l125" custom="readingOrder {index:124;}">
                <Coords points="603,4068 694,4080 758,4060 854,4077 921,4066 938,4081 988,4060 1113,4069 1113,4026 1055,4031 1031,4014 825,4031 807,4016 688,4028 603,4007"/>
                <Baseline points="618,4051 643,4051 668,4051 693,4051 718,4051 744,4052 769,4052 794,4052 819,4053 844,4053 870,4053 895,4054 920,4054 945,4054 970,4054 996,4053 1021,4052 1046,4052 1071,4050 1097,4049"/>
                <TextEquiv>
                    <Unicode>—</Unicode>
                </TextEquiv>
            </TextLine>
            <TextLine id="r1l126" custom="readingOrder {index:125;}">
                <Coords points="1105,4082 2825,4120 2855,4062 1105,4041"/>
                <Baseline points="1118,4075 1204,4075 1290,4076 1376,4077 1462,4077 1548,4078 1634,4079 1720,4080 1806,4081 1892,4082 1979,4083 2065,4084 2151,4086 2237,4087 2323,4088 2409,4088 2495,4089 2581,4089 2667,4090 2753,4090 2840,4090"/>
                <TextEquiv>
                    <Unicode>Sylvester Thorn war ganz der von Liebesgefühlen durchpülste „#sanssssssteseresee □</Unicode>
                </TextEquiv>
            </TextLine>
            <TextLine id="r1l127" custom="readingOrder {index:126;}">
                <Coords points="560,4120 668,4105 784,4122 802,4108 837,4122 1108,4112 1107,4069 1064,4060 842,4058 700,4082 560,4068"/>
                <Baseline points="575,4098 600,4098 626,4098 652,4098 678,4098 704,4098 730,4097 756,4097 782,4097 808,4097 834,4097 859,4097 885,4097 911,4097 937,4097 963,4097 989,4097 1015,4097 1041,4096 1067,4096 1093,4095"/>
                <TextEquiv>
                    <Unicode>—</Unicode>
                </TextEquiv>
            </TextLine>
            <TextLine id="r1l128" custom="readingOrder {index:127;}">
                <Coords points="1099,4139 2307,4150 2328,4097 1099,4086"/>
                <Baseline points="1112,4122 1172,4123 1232,4124 1292,4124 1352,4125 1412,4125 1472,4126 1532,4126 1592,4127 1652,4127 1712,4127 1772,4128 1832,4128 1892,4128 1952,4129 2012,4129 2072,4129 2132,4130 2192,4130 2252,4131 2312,4131"/>
                <TextEquiv>
                    <Unicode>Dichter. Maurus Liertz gab den draufgängerischen Junker</Unicode>
                </TextEquiv>
            </TextLine>
            <TextLine id="r1l129" custom="readingOrder {index:128;}">
                <Coords points="1086,4180 2309,4174 2309,4145 2135,4129 1086,4136"/>
                <Baseline points="1100,4163 1159,4165 1219,4166 1279,4167 1339,4167 1398,4168 1458,4169 1518,4169 1578,4169 1637,4170 1697,4170 1757,4170 1817,4170 1876,4171 1936,4171 1996,4172 2056,4173 2115,4174 2175,4176 2235,4177 2295,4179"/>
                <TextEquiv>
                    <Unicode>vorzüglich. Frank Falkner spielte die undankbare Rolle des</Unicode>
                </TextEquiv>
            </TextLine>
            <TextEquiv>
                <Unicode>
Sabedes- Paken
46. 6. 07
olcsgasguig 45d stoalpotg 891 410
See ngn
den Nuancen hochgestufter Wortkunst. In endlosen Aus¬
Staatstheater.
spendet der Dichter Geist und
einandersetzungen
das prangende Wortgeschmeide #a
schließlich ist es, als sei
(Kleines Haus.)
Selbstzweck, als sei das lehrende Drumherumreden wichtiger
Reichsdeutsche Uraufführung: „Der Gang zum Weiher“.
als das Problem, um das es sich handelt. Ein Feldmarschall 2
Dramatische Dichtung in fünf Aufzügen von Arthur Schnitz¬
wird abgesetzt, ein Mädchen wird Weih, einer geht ins
ler. Spielleitung: Wolff von Gordon.
Wasser, es gibt Krieg — all das bleibt wesenlos, unwirklich,
Schnitzler haftet vornehmlich als Schöpfer des „Anatol“, wird immer blasser, verschwindet hinter der Wolke von #a
und des „Süßzen Mädels“ in der Vorstellung, zwei Gestalten, schillernden. glühenden, spitzen und auch anmutigen Worten.
die aus ihrer Umwelt mit allen Wurzeln und Fasern her=Auch die einzelnen Personen verschwinden, ihre Freuden und gg
ausgehoben scheinen. Wir kennen ihn dann als skeptischen Schmerzen scheinen unerheblich neben der Wonne, über all
Welt= und Lebensbetrachter, der nicht müde wird, die Frag=dies meditieren zu dürfen. Sie reden und reden vielmehr
würdigkeit unseres Daseins bald ironisch, bald zynisch, baldider Dichter redet, unter Verdrängung der jeweiligen Son= ca
mitleidsvoll, bald melancholisch, zuweilen tief und immeriderpersönlichkeit, aus allen und sie haben am Ende nur noch
geistreich zu behandeln. In reiferem Alter vertieft er sich die Aufgabe, Sprachrohr des Dichters zu sein. Das Stück ist la
gern an letzte Menschheitsprobleme und spricht mit müder
das theaterfernste Rede= und Lesedrama und
Resignation von unserem Altern, Absterben. Sterben; von
mit keinen Mitteln für die Bühne zu retten, denn es hat zu ##
der Einsamkeit der Menschen, denen er in Dramen wie „Der
viel Geist, aber leider fehlt ihm eins — das Leben.
einsame Weg“ als gütiger Freund zur Seite steht, aber auch
Dabei hat Dr. von Gordon schon sehr viel und fachgemäß
mit der schmerzlichen Resignation des Arztes, der erkannt gestrichen; leider nicht die metaphysischen Verstiegenheitensaa
hat aber nicht zu helfen vermag. An dieses Stück scheint der eines Sekretärs den gesvenstisch=phantastisch à la Eulenberg.
Dichter mit seinem neuen Drama anzuknüpfen. „Der einsame aufzuziehen, Schnitzler für nötig hielt. Kein Mensch wußtslgg
Weg“ endet mit bitteren Worten über die Dekadenz der mit diesem Gebilde etwas anzufangen, auch der tüchtige
älteren Generation und mit hoffnungsfroher Begrüßung der Frank Falkner nicht. Im übrigen vermochte der Regisseur
Jugend, die „mehl Haltung und weniger Geist“ habe. Im nicht, diese ungeheuere Fülle von sozusagen gefrorener Poesie ca
„Gang zum Weiher“ kontrastiert Schnitzler Alter und Jugend aufzutauen und dem Publikum wie dem Theater über den
bewußt und kommt zu dem Ergebnis, daß nur beide zusam= Dichter hinaus das zu geben, was beide haben wollen:
imen fortschrittliches Leben gestalten können. Er kleidet das künstlerisch gestaltetes Leben. Die Darsteller dienten ihren
in folgende Handlung: Ein entlassener Kanzler wird von undankoaren Aufgaben mit pflichtmäßiger Anspannung; da
seinem Fürsten zurückgerufen, er will den Frieden, aber er aber bald der Dichter, bald die Gestalt spricht, ein Formens#a
muß Krieg führen. Sein Freund scheitert ebenfalls beim von innen heraus also nicht einzuhalten war, halfen sie sich,
Werben um des Kanzlers Tochter; aber diese und ein junger so gut es gehen wollte, mit Routine: Robert Kleinerliaa
e
Offizier finden sich auf dem Weg zum Weiher, wie taten¬
frohe Jugend immer einen Weg findet, der zauderndem Lenore Fein, Alice Treff, Herbert Dirmoser, Maurus
Liertz. Friedrich Schleims Bühnenbilder und Theodor
Alter verschlossen bleibt. Ein anscheinend einfaches Ge¬
schehen, hinter dem sich aber inneres Erleben auf labyrintisch Lankers Kostüme boten dem Auge freundliche Eindrücke. da
verschlungenen Pfaden nach Schnitzlers Gepflogenheit um¬ Das Publikum illustrierte durch sein Verhalten die alte Er¬
ständlich und redselig entwickelt. So genießen wir eine un= fahrung, daß allzuviel Geist, zumal wenn er gesprochen oder ja
sendliche Fülle von feingeschliffenen Gedanken und bestricken= gespielt wird, wirkungslos bleibt.

g0 — M0d
Aeshente Zeoteg
gv 1100
70. K. 37
109 l0a
Wiesbadener Theaterbrief
gv 1100
Die reichsdeutsche Uraufführung der dramatischen Dich¬
tung „Der Gang zum Wether“ von Arthur Schnitzler wurde
am Donnerstag im Staatstheater (Kleines Haus) gegeben.
a50 8 10
Der Wiener Dichter und Arzt Arthur Schnitzler, der heute
BA.
fast 70 Jahre alt ist, hat auch in diesem Werk Eros eine¬
der Hauptrollen zugewiesen. Das Stück zeigt das bekannte
8
Schnitzlersche Milieu etwas elegisch, vergeistigt mit Gestalten
— die der heutigen Welt wesensfremd find. In die Figur des 
Wen mdn
Sylvester Thorn legte Schnitzler vielleicht eigenes Erleben. —
Die Hauptperson der Dichtung ist Leonilda, die 19 Jahre
 mog
alte Tochter des Freiherrn von Mayenau. Ihr Herz fliegt,
als der Freund ihres Vaters, Syloester Thorn, nach 10jähriger
Maa
Abwesenheit zu Besuch kommt, diesem entgegen. Doch Syl¬
oester ist nicht mehr frei in seiner Entschlußkraft. Er muß
1l0d
erst die Beziehungen zu seiner bisherigen Geliebten lösen. So —
läst er Leonilda im Unklaren. Inzwischen hat der Junker
von Ursenbeck, Leonilda, die sich jede Nacht am Schloßweiher —
mn ulda
nach dem Baden beim Tanz an der Schönheit des eigenen
Körpers erfreut, dork überrascht und sie zur Seinen gemacht.]
 mag
Als Sylvester Thorn nach drei Tagen zurückkehrt, denn
Freundin und Kind sind im Wochenbett gestorben, da ist
gv Mag
Leonilda eine andere geworden. Sie bietet ihm die Freund¬
schaft an, die ihr als reinstes Geschenk erscheint, aber Syl¬
vester will Liebe, trotzdem er über die inzwischen vorgefallenen
anhs16
Ereignisse unterrichtet ist. Und als ihm diese versagt wird,
Vertränkt er sich im Weiher. Aber Leonilda bekennt sich auch —
nicht zu dem Junker, dem sie sich wohl hingab, der ihr je¬
6
doch nicht wesensverwandt ist. Sie will sich frei bewahren.
Die Handlung, die im 18. Jahrh. spielt, bringt auch ver¬
∆
 schiedene kriegerische Momente. Die schöne Form der Dich=
(zivujug)
tung, mit ihren kunstvollen Versen, stellte höhere Anforde¬
rungen an die Schauspieler als das moderne Drama. Die
asguige
mv unnogob
gob
uommving f#o uolagobi mn
Rolle der Leonilda wußte Alice Treff voll auszuschöpfen und
nen ennnennnmn.
## rseeeeen
310 and
hervorragend zu gestalten. Robert Kleinert war als ehe¬
maliger Kanzler überlegen im Spiel und vortrefflich in Maske.
Leonore Fein gab die unverheiratete Schwester des Kanzlers
mit Zurückhaltung und ausgezeichneter Charakterisierung.
.—
—
Sylvester Thorn war ganz der von Liebesgefühlen durchpülste „#sanssssssteseresee □
—
Dichter. Maurus Liertz gab den draufgängerischen Junker
vorzüglich. Frank Falkner spielte die undankbare Rolle des</Unicode>
            </TextEquiv>
        </TextRegion>
        <TextRegion orientation="0.0" id="r2" custom="readingOrder {index:1;}">
            <Coords points="2968,2659 2968,2812 3000,2812 3000,2659"/>
            <TextLine id="r2l1" custom="readingOrder {index:0;}">
                <Coords points="2953,2775 2968,2773 2973,2767 2983,2775 2991,2768 3014,2766 3007,2693 2978,2696 2962,2715 2948,2717"/>
                <Baseline points="2968,2762 3000,2759"/>
                <TextEquiv>
                    <Unicode>95</Unicode>
                </TextEquiv>
            </TextLine>
            <TextEquiv>
                <Unicode>95</Unicode>
            </TextEquiv>
        </TextRegion>
        <TextRegion orientation="0.0" id="r3" custom="readingOrder {index:2;}">
            <Coords points="3020,2519 3020,2671 3036,2671 3036,2519"/>
            <TextLine id="r3l1" custom="readingOrder {index:0;}">
                <Coords points="3004,2628 3018,2630 3024,2634 3027,2631 3032,2635 3050,2637 3060,2562 3046,2560 3042,2563 3034,2562 3031,2558 3014,2556"/>
                <Baseline points="3020,2619 3036,2621"/>
                <TextEquiv>
                    <Unicode>1</Unicode>
                </TextEquiv>
            </TextLine>
            <TextEquiv>
                <Unicode>1</Unicode>
            </TextEquiv>
        </TextRegion>
    </Page>
</PcGts>
