3296 4256
184 199 2004 309 30. DerGang zun Neihen box 34/2
2198 748 2399 853 *20
536 790 1037 877 Dienstag, 17. Februar
1858 744 2731 961 Allgemeine Zeitung
1392 946 2114 1072 Theater der Komiker
2225 1017 2410 1096 8 Uhr
2524 1022 2744 1097 Täglich
2840 1021 3051 1102 11 Uhr
472 992 2128 1078 Gcimnes Reidev. inte Wienzeile 6 Tel. A 35-3-86
2145 1178 3147 1295 V. Drer standen Lachstarmhe..
2207 1268 3063 1338 Fritz Grünbaum, Sandor Rott
2259 1321 3012 1386 Armin Berg, Franz Engel
681 1200 1169 1412 heatet
1519 1325 2011 1434 Trienensadbierens
2168 1348 3099 1440 Armin Springer, Fritz Schrecker
2200 1412 3079 1486 Kurt Reding, Hans Starkmann
2236 1474 3038 1532 Berta Türk, Paula Walden
1436 1460 2119 1554 Schlalen eie in meinem der
2236 1516 3036 1584 Paula Pfluger, Lilly Laube
2144 1549 2225 1613 —
478 1540 1320 1629 Der Schnitz'er=Abend des
1502 1570 2068 1667 Teine Aausmaunckost
2156 1612 3143 1674 Karten reservieren (A 35-3-86), da täglich ausverkauft
664 1630 1147 1722 Burgtheaters
623 1699 1171 1772 „Der Gang zum Weiher“
1367 1717 2279 1789 den er den „Kanzler“ nennt — alles in
2280 1725 3205 1808 exemplarisch burschikosem Temperament, aber
526 1753 1355 1831 Arthur Schnitzlers „Baumeister Sol¬
1368 1777 2269 1846 diesem flutenden Reigen schweifender Ge¬
2285 1784 3217 1866 doch wohl ohne den Flaum und Flor ver¬
433 1812 1352 1877 neß“. Auseinandersetzung mit der Jugend
1371 1833 2279 1896 sichte: ist irgendwie Symbol. Man erfüllt
2287 1839 3215 1885 messen törichten Knabentrotzes. Stellt Herr
425 1860 1348 1929 und ihrem fast rührend egoistischen Un¬
1370 1886 2278 1938 und überwindet sich, so scheint es ihm und
2286 1885 3207 1939 Heine eine gespenstisch flirrende Episode
434 1911 1349 1980 gestüm. Flucht vor den gaukelnden Gespen¬
2294 1927 2611 2000 allzu solid hin.
1375 1933 2269 1993 uns dank seiner Zauberrede, durch das
441 1966 1356 2025 stern eigener Vergangenheit. Bekenntnis
1370 1973 2282 2033 Bekenntnis zur Reife und zum Reichtum
2366 1979 3211 2048 Inniger fließt des Dichters Geheimnis
442 2016 1359 2071 freilich auch zur Weisheit des Alters. Zu
1361 2025 2277 2085 des Herbstes, durch den Mut, das Große
2286 2042 3201 2102 von Frauenlippen: Frau Wohlgemuth spricht
438 2059 1353 2133 ihrem lächelnden und verzeihenden Verzicht,
1374 2077 2277 2134 mit kleiner Gebärde zu tun, zu erobern, wo
2280 2087 3208 2139 Worte überlegener Entsagung mit höchstem
434 2121 1356 2187 der zugleich ihre höchste Kraft ist. Eine hell¬
1372 2126 2271 2189 man zu verzichten scheint. In diesem Sinn
2279 2131 3203 2197 und sanftestem Burgtheaterschwung und
439 2155 1364 2230 sichtige Dichtung, irdische, allzu irdische Kon¬
1364 2176 2272 2258 besiegt Alter hier die Jugend, indem es sie
2282 2182 3201 2249 Frau Johannsen Barocknixe Leonilda scheint
1362 2216 1574 2294 bestätigt.
427 2218 1361 2287 flikte beinahe wie eine Schachbrettaufgabe
2286 2217 3214 2300 mitunter von in der Tat okkulten Schleiern
438 2257 1366 2327 betrachten“. Ein schmerzlich reifes und bitter
2278 2281 3211 2345 umweht. Oft lispelt sie wie verloren in den
442 2321 1366 2386 sanftes Werk. Es ist mit sichtlicher Verach¬
2273 2318 3210 2396 großen kalten Raum. Oft schlägt es wie leid¬
2286 2380 3206 2443 voll grimmer Hohn aus ihrer blumig zarten
427 2367 1360 2425 tung des Erfolges geschrieben, ist tief ver¬
1481 2318 2275 2483 Femnind unmamnan
1368 2395 1480 2480 Mnui
2282 2418 3208 2490 Rede. Ein seltsamer Fall, wie gut ihr das
433 2424 1363 2488 sponnen in Melancholie und in Heiterkeit
2285 2470 2962 2539 somnambul Verführerische liegt.
428 2458 1362 2542 des Abschieds. Es klingt und haftet — hof¬
1451 2516 2271 2567 Gleichwohl weht es kühl und schatten¬
438 2527 1357 2595 fentlich lange vor der Zeit — wie das Ver¬
2367 2518 3202 2582 Herrn Balser möchte man übrigens so
1375 2542 2263 2613 haft um diese Gestalten, die doch ganz Glut
2284 2574 3198 2628 rasch nicht abtun. Er schwingt und klingt von
429 2572 1350 2642 mächtnis eines Dichters der Liebe, ihrer
1361 2601 2271 2672 und Glanz sind. Ein Strom herb melodischer
2284 2616 3210 2688 gespannter Glut des Wortes. Er ist eine
424 2635 1345 2696 Komödien und ihrer selig süßen Verwir¬
1363 2651 2275 2705 Verse hüllt sie in ein unnahbar starres
2289 2675 3208 2745 Hoffnung, aber diesmal eine falsch be¬
430 2677 636 2752 rungen.
1359 2705 2271 2760 Prunkgewand, Vergangenheit umdämmert
2580 2715 3203 2787 Eine Hoffnung ist auch die
2291 2720 2523 2778 schäftigte.
1355 2754 2260 2816 sie. Ihre dramatische Verkettung scheint,
2277 2756 3210 2845 Tatsache dieser Aufführung, für die man
518 2766 1363 2839 Nur er, nur Arthur Schnitzler, konnte
1356 2802 2270 2856 allerdings erhabene und hochmütig unbe¬
2281 2812 2875 2900 Dank und Achtung abstattet.
432 2826 1346 2880 eine Gestalt ersinnen, wie dieses Mädchen
1363 2845 2276 2914 denkliche, Konstruktion. So führen sie,
429 2879 1348 2952 Leonilda, Rautendelein im Barockschloß,
1355 2895 2279 2963 sturmgerüttelt, dennoch auf der Bühne ein
433 2935 1345 2995 Symbol unergründlicher Verführung und
2344 2912 3203 3000 Für Schnitzler kein Geschäft mit Amerika.
1362 2949 1917 3009 einsam frierendes Dasein.
435 2975 1354 3034 hoheitsvoller Verzeihung. Ein elbisch Wesen,
2280 2972 3208 3044 Aber ein Gruß seiner tief in sich selbst
1438 3000 2261 3058 Ein umso einsameres, als die in jeder
2277 3030 3206 3090 blickenden Vereinsamung. Ein Gruß an die
429 3037 1344 3089 das Dichtern ihre grausamsten Träume ent¬
1360 3045 2268 3104 Silbe höchst ehrerbietige Aufführung des
2281 3075 3207 3147 Jugend, die er umso heißer und gütiger
418 3076 1345 3148 lockt und Männern ihre brutalste Wahrheit.
1358 3086 2272 3149 Burgtheaters (Regie Albert Heine) gleich¬
2276 3114 3204 3187 liebt, je weiter sie ihm, schamlos süß, ent¬
421 3133 1346 3188 Eine Liebende, die das Geheimnis gefunden
1352 3145 2267 3205 wohl im Ton viel zu ungleich ist, Pathos
2286 3169 3208 3234 schwindet. Ein Gruß an das Alter, dessen
428 3193 1344 3250 hat, sich zugleich hinzugeben und zu bewah¬
1352 3192 2271 3252 neben Sachlichkeit setzt und sich auch in der
2282 3214 3196 3296 goldene Frucht reineren und sicheren Wissens
424 3231 1346 3289 ren, frei und gebunden zu sein, Ersüllerin
1357 3231 2264 3314 Besetzung vielfach großzügig geirrt zu haben
2279 3267 2799 3334 er demutsvoll empfängt.
1362 3281 1528 3351 scheint.
431 3281 1347 3346 und Zerstörerin von unirdisch verruchtem
2357 3311 3190 3370 Das Theaterstück einer großen Seele.
429 3330 569 3404 Reiz.
1443 3301 2267 3393 So hat Herr Balser für den verschlossen
2282 3357 3204 3430 Ein Alzerswerk? Aber das Werk was für
1364 3383 2260 3437 und fast verschmitzt altersweisen Kanzler
507 3372 1338 3446 Um ihretwillen geht ein Träumer, den
2276 3391 3204 3478 eines Alters! Ein Buchdrama? Aber es ist
1357 3422 2267 3484 einen entschieden zu jugendlichen und zu
421 3433 1340 3500 sie mitleidlos scharfsichtig erweckt, in den
2279 3452 3099 3528 das Buch des Lebens, das es aufschlägt.
1354 3470 2275 3522 straffen Ton, so scharf und klug er auch
429 3483 1341 3550 Tod. Um ihretwillen handelt ein Jüngling,
2372 3507 3096 3580 Kurz, Kaviar für Premierentiger!
1363 3521 2279 3577 spricht und so sehr er von hoher und edler
431 3525 1340 3590 und von ihr gespornt, wider alle Ehre und
1356 3565 2282 3642 Intelligenz der Auffassung zeugt. So ist
2622 3566 3156 3643 Ludwig Ullmann
424 3576 1343 3632 Vernunft, aber der Wahrheit seines Blutes
1360 3621 2265 3671 Herr Onno als traum= und todgeweihter
431 3630 1334 3685 folgend, der sie sich beugt. Um ihretwillen
1352 3671 2262 3723 Ekstatiker eine prachtvoll fiebernde, aber un¬
422 3680 1343 3749 lächelt ein weiser alter Mann im Abend¬
1348 3718 2271 3781 ausgesetzt fiebernde Vision. Spielt Herr
422 3722 710 3808 sonnenglanz.
2416 3666 3193 3845 SHOWDafI mum
1357 3730 2437 3826 Hennings einen Zwanzigjährigen mit! n
517 3809 1351 3891 Nur Arthur Schnitzler konnte dies
426 3872 1358 3945 Spiel unerfüllter Leidenschaft spinnen. Nur
431 3921 1356 3987 er ein Echo eigener Jugendsehnsucht in der
421 3970 1355 4037 erhaben zerrissenen Seele jenes alternden
1475 3975 3092 4045 Was Sahmann in Hamburg zu
435 4023 1347 4081 Poeten widerklingen lassen, den ein uner¬
430 4075 1358 4128 bittliches Mädchenlächeln ins Schattenreich
436 4125 1344 4182 treibt. Nur er im vollen Sonnenstrahl, von
1938 4123 2605 4200 hoten belam
435 4164 1356 4239 gen Umstytmnelt, Dieses Sinat:!
