3296 4256
178 218 1376 321 30 Der Gang zun Neiher
55 1037 826 1138 n neues Bühnenwerk
93 1126 618 1224 zum Weiher“
88 1232 217 1289 Von
77 1268 483 1351 WERTHEIMER.
90 1382 870 1466 nach Salmannsdorf, wo ich jetzt
61 1448 867 1524 aunen Ackerkrumen und blumen¬
73 1507 863 1578 mit dem Blick in das leise gewellte
61 1567 865 1626 dem Herzen der Stadt in das Herz
52 1624 875 1699 merhaidenweg“. So oft ich diesen
63 1679 857 1754 enn die Donau fernher aus Nebel¬
53 1742 869 1824 e mit tausend Lichtern phantastisch
53 1804 867 1864 en — immer schwebt mir — und
55 1860 868 1930 h — die feine Silhouette Arthur
48 1920 857 2002 r neben ihm, das Helle und Trau¬
56 1989 871 2042 schaft, die Anmut dieser buschigen
54 2040 870 2116 ieser Weingelände, den spielerischen
56 2101 859 2181 ächige Felsgestein, gefühlt und ge¬
57 2270 873 2364 chreitet und wer ihn liebt — und
55 2341 872 2410 esen und Werk dieses Dichters mit
93 2404 858 2474 — dieses Dichters, in dem das Herz
55 2440 869 2539 nen Ländchens schlägt, das sich um
60 2536 860 2603 nFrauenarm schlingt. Ja, in dieser
57 2592 856 2645 rtstremden, biedermeierischen Land¬
46 2641 870 2718 osie am innigsten, am sommerlich
56 2699 865 2782 ten ist. Hier, wo junge Leute, die
51 2767 868 2819 in der Zeit der Schubertiaden, am
48 2819 849 2898 ner manche Christine auf der Wald¬
58 2878 861 2954 itzis mit den Burschen, die Arme
45 2930 861 3009 aufen, wo von unten her aus den
53 2992 863 3068 grünen und braunen Busch davor
55 3059 858 3126 nd mnanches Volkssängerbänkel ge¬
46 3126 852 3187 t unter diesen Mädchen auch eine
55 3176 870 3254 traurigen Geschichte, der „Blinden
1535 216 1985 324 box 34/2
1711 1049 1932 1137 W
1784 1087 1948 1140 Se u
1835 1944 2277 2028 „Haus Rothschild“
1326 2004 2776 2093 Eidlitz — Bleibtreu — Arndt — Heim — Heine — Haeussermann — Huber
2479 2090 2762 2158 (Phot. Dietrich)
1316 2180 2786 2257 Amsel“. Dieses Herrchen mit den weißen Escarpins, das jede
1327 2231 2777 2325 Weiblichkeit verstehend mustert, er hat noch immer das ein
1323 2287 2778 2367 bißchen mokante Lächeln des „Anatol“. Gealtert wird er sich
1325 2347 2782 2440 als jener heimfahrende „Casanova“ wiederfinden, dessen heimat¬
1315 2406 2784 2484 liches Gesicht selbst unter der Maske der Abenteuer hervorblitzt.
1318 2484 2790 2564 Alle ziehen sie jetzt über meinen Weg, dieses Dichters wienerische
1320 2525 1542 2600 Figuren.
1381 2743 1932 2866 Sicherste
1949 2750 2723 2885 Geldanlagen
1365 2859 1488 2916 bis
1598 2865 2717 2939 Zinsen für Geldanlagen zahlt die Haus- und
1524 2865 2433 2968 Grundbesitzer-Hypotheken-Kasse
1933 2960 2718 3027 WIEN, I., SCHULERSTRASSE 1
1911 3028 2714 3094 Das Geld wird sichergestellt durch prima
1910 3070 2708 3134 Hypotheken mit Goldklausel oder in Dollar
1370 3085 1744 3154 Tel. R 22-2-69
1909 3120 2706 3174 auf Wiener Häuser oder Landwirtschaften
1350 3170 2707 3238 Hausbesitzer erhalten billige Kredite
