3436 4352
1650 230 2112 323 box 34/2
302 228 1600 340 30. Der Gang zum Neiher
1913 1084 2271 1183 ma####, aud Deeyr
1921 1144 3382 1228 sonders in der Wohnungsfürsorge, unterstützen gabe bereitzuhalten. S
902 1153 1911 1217 „Gemeinde=Zeitung" und Finanzausgleich. Ein soeben
2930 1190 3382 1253 Hoftheater unter Gaet
878 1202 1907 1270 erschienenes Sonderheft der „Österreichischen Gemeinde¬
1912 1201 2922 1265 wolle. Diese Wohnbauaktion sei eine der wichtigsten
2931 1237 3385 1298 der Goethe=Gesellschaft
876 1236 1903 1300 Zeitung“ enthält eine von der Leitung des Städtebundes
1914 1248 2924 1313 der nächsten Zeit, weil auch der Minister überzeugt
887 1280 1907 1348 verfaßte übersichtliche Besprechung des neuen Finanz¬
2934 1289 3381 1348 legende theaterhistorisch
1909 1298 2921 1363 sei, daß der Polizist seine schwere Pflicht um so
880 1316 1907 1380 ausgleiches und der Abgabenteilung. Die komplizierte
2936 1330 3386 1395 interessierte sich Profe
1920 1345 2927 1418 besser erfüllen könne, wenn er nicht des eienen ge¬
874 1355 1910 1410 Materie wird in dem 32 Seiten starken Sonderheft in
2936 1377 3382 1451 Stein als Schriftsteller
878 1398 1904 1456 erschöpfender Weise erklärt. Interessant ist die Berechnung
1918 1391 2925 1473 sicherten Heims entraten müsse. Der Minister wies
2929 1429 3392 1503 die Herausgabe ihr
880 1434 1904 1506 der finanziellen Ergebnisse der neuen Abgabenteilung
1921 1446 2928 1508 darauf hin, daß das Polizeiwohnhaus in der
889 1481 1918 1533 für die einzelnen Länder und größeren Gemeinden. Dem
2932 1483 3387 1553 dramatischen Werke lö
1920 1487 2918 1571 Sensengasse, soweit es mit den staatsfinanziellen
886 1516 1913 1572 Heft ist auch eine Übersicht über die Bundeswohnbau¬
2968 1533 3398 1609 Erkrankung der Kö#
1914 1536 2931 1603 Mitteln vereinbarlich ist. erstehen werde; er sei
884 1548 1914 1618 förderung bis Ende 1930 beigeschlossen. Das Sonderheft
1826 1592 1920 1636 im
2937 1585 3395 1662 einem ärztlichen Bul
894 1594 1834 1652 ist in dei Verwaltung der „Gemeinde=Zeitung“
1918 1582 2923 1662 überhaupt bestrebt, nach Kräften die materiellen
883 1616 1920 1695 neuen Wiener Rathaus um den Preis von 2 Schilling
2935 1638 3380 1707 von Jugoslawien, d
1919 1631 2929 1721 und ideellen Bestrebungen der Polizeibeamten zu
883 1680 1113 1745 erhältlich.
2934 1677 3391 1756 weilt, an mit einem I#
1918 1691 2926 1760 unterstützen. Zum Schlusse seiner Ansprache gab der
2937 1738 3384 1803 bundenen Masern.
1934 1737 2929 1822 Minister noch der Freude Ausdruck, die Beamten
892 1763 1917 1847 überlegenen Männlichkeit. Dagegen spielt Herr
2941 1777 3393 1861 völlig normalen Verla
1931 1796 2438 1871 kennengelernt zu haben.
897 1804 1925 1886 Hennings mehr den Jungenübermut des
2941 1837 3294 1908 zufriedenstellend.
1967 1826 2930 1913 Vizepräsident Dr. Brandl stellte dem Minister die
890 1869 1925 1927 Ursenbeck, als daß er ihn hat. Fräulein Johann¬
2972 1886 3398 1970 Todesfall. Der gewa
1925 1895 2785 1975 höheren Beamten der Polizeidirektion vor.
888 1914 1921 1987 sen, reizend in der Schlangenklugheit ihrer Wand¬
2940 1938 3400 2010 Itas Matsumur
897 1970 1932 2049 lung als erkennendes und wissendes Weib, schien
2936 1997 3384 2082 nach einer Sitzung d
900 2001 1935 2097 zu klar und bewußt für die Traumleidenschaft und
2944 2042 3175 2124 gestorben.
2085 2027 2762 2138 Tagesnachrichten.
889 2063 1928 2143 verwirrte Schwärmerei des Kindes. Aber das Be¬
2980 2084 3400 2181 Prüfungen für den
895 2104 1935 2198 kenntnis ihrer Wandlung vor dem andringenden
1962 2110 2940 2174 Veränderungen im Wiener diplomatischen Korps.
2947 2163 3367 2229 dienst. Die nächste
897 2163 1924 2233 Thorn mit einem Weg= und Abwärtswenden von
1931 2166 2933 2240 Seit Beginn dieses Jahres sind dem Bundes¬
2944 2210 3391 2282 wissenschaftlichen Bib
1924 2212 2939 2291 kanzleramt, auswärtige Angelegenheiten, folgende
897 2205 1922 2280 Kopf und Schulter, ganz einfach mit deutlicher
2953 2258 3398 2323 20. d. M., von 9 bis
1930 2260 2942 2333 Veränderungen im Wiener diplomatischen Korps
903 2259 1920 2328 Stimme, unverlegen gesagt, war eine eindrucks¬
2955 2305 3393 2376 Vortragssaale der 9
1926 2312 2939 2392 notifiziert worden: 26. Jänner 1931: Der Wiener
907 2310 1707 2383 vollste Szene in einem einzigen Satz!
2945 2353 3385 2415 mündliche Prüfung f
947 2353 2946 2420 Der Regisseur hätte an Herrn Onnos Thorn zumänischen Gesandtschaft wurde Herr Dr. Aurel
2946 2410 3398 2470 Gesuche um Zulassun
1937 2405 2944 2476 [Buteanu als Pressesekretär neu zugeteilt.
902 2411 1927 2495 viel zu tun gehabt und hat nichts mit ihm anzu¬
2956 2455 3393 2523 der Prüfungskommisss
1940 2450 2939 2528 31. Jänner 1931: Herr Paolo Corteso, Koniul
902 2464 1932 2526 fangen gewußt. Onno ist ein grundsympathischer
2953 2502 3402 2577 1. Bez., Nationalbib
1936 2501 2953 2575 im königlichen Ministerium des Äußern in Rom,
904 2511 1934 2573 Schauspieler. Vornehmheit, Ehrlichkeit und eine
1947 2554 2957 2622 wurde der königlich italienischen Gesandtschaft in
903 2557 1931 2649 tragische Bestimmung sind an ihm in der Haltung
2987 2557 3398 2639 Fasching bei den 2#
1942 2594 2942 2662 Wien in der Eigenschaft eines Sekretärs zugeteilt.
905 2618 1927 2683 und Gebärde von vornherein ausgeprägt, sein Ge¬
2948 2617 3401 2691 lichsoziale Verein Hie
1941 2653 2953 2711 4. Februar 1931: Die brasilianische Regierung hat
914 2662 1932 2733 sicht spiegelt echt und innig den Gemütsausdruck
2963 2671 3405 2732 Birks Saal in der Lai
1947 2692 2943 2761 Herrn Carlos de Ouro Preto, Ersten Legations¬
910 2706 1933 2792 aber die Rede scheitert am Gedanken, und er spielt
2963 2713 3406 2783 Alt=Wiener=Abend fü
1942 2746 2942 2822 sekretär, zur brasilianischen Gesandtschaft in Wien
915 2755 1939 2828 den Verwirrten so verwirrt, daß er überhaupt nichts
2953 2771 3393 2835 einer Eröffnungsans
1945 2806 2153 2882 zugeteilt.
921 2805 1943 2881 mehr betont und ein Wort vergeblich dem andern
2957 2816 3397 2895 christlichsozialen Verei
1983 2827 2959 2928 Trauerfeier für August Scheindler. Vor einigen
908 2854 1946 2919 nachschickt. Wann und wer wird endlich die Arbeit
2956 2863 3411 2932 verteilte die Gattin d
1939 2898 2953 2973 Tagen wurde Landesschulinspektor a. D. Hofrat
920 2903 1945 2978 mit dem Schauspieler für die erste und letzte not¬
2957 2912 3413 2982 pakete an die Pflegl
1948 2941 2951 3012 Dr. August Scheindler in Mürzzuschlag be¬
918 2955 1940 3043 wendige halten und sie leisten, statt die mit den
2968 2957 3401 3035 Hietzinger Geschäftsn
1932 2997 2955 3083 erdigt. Seinem Wunsch entsprechend, wurde der
2968 3017 3400 3081 Heeresminister Vau
917 3019 1191 3090 Requisiten!
1938 3044 2962 3146 Sarg, in dem er in ein Bauerngewand gekleidet
2967 3073 3399 3143 hielten kurze Ansprag
968 3036 1939 3143 Daß „Der Gang zum Weiher“ auch so die stärkste
1949 3093 2963 3158 ruhte, von Bauernburschen zu dem Leiterwagen ge¬
922 3115 1939 3174 Teilnahme, Erregung und Begeisterung weckte. be¬
3007 3110 3412 3206 Erdbebenbericht der
1954 3146 2966 3215 tragen, auf dem er, von einem großen Trauer¬
915 3154 1939 3225 weist die eigene Kraft, die zwingende Einfachheit
2960 3182 3410 3251 logte. Die Seismogra
1953 3188 2963 3264 gefolge begleitet, auf den Friedhof gebracht wurde.
927 3203 1893 3282 und zeigt den jungen Abendglanz des Stückes.
2975 3228 3405 3295 für Meteorolog
1954 3246 2966 3309 Reden wurden nicht gehalten; umso lebhafter war
965 3256 1938 3343 Artur Schnitzler wurde ungezählte Male hervor¬
2971 3279 3409 3353 Wien registrierten Sa
1951 3292 2963 3373 der Wunsch, durch eine besondere Trauerfeier die
925 3333 1130 3406 gerufen.
1535 3332 3407 3432 Otto Stoessl. Bedeutung des im 80. Lebensjahre Heimgegangenen! 50 Min. ein sehr sch
2952 4107 3140 4203 La
