3436 4352
1151 231 1212 295 W
280 231 1493 311 30. Der Gang zum iher
486 1083 1267 1153 ADOLF SCHUSTERMANN!
1279 1118 1564 1166 GEGRUNDET1894
426 1129 464 1190 —
1268 1160 1545 1194 BERLIN S.O. 15
514 1168 1264 1214 ADRESSEN-VERLAG U.ZEITUNGSAUSSCHNITTE
1254 1190 1550 1238 HRUNGESTR. 20
491 1271 876 1329 E AUSSCHNITT VOM.
953 1280 1397 1390 16. A41 1931
561 1406 1409 1518 Der Mittag, Düsseldorf
448 1529 1515 1598 Arthur Schnitzler: „Der Gang zum Weiher“.
437 1598 1524 1694 DeutscheKraufführung im Staatstheater zu Wiesbaden.
466 1667 1538 1744 Ipr Rähmen der Maifestspiele brachte das Wiesbadener
421 1712 1545 1774 Stäätstheater die erst kürzlich in Wien im Burgtheater
414 1764 1546 1822 uraufgeführte dramatische Dichtung Schnitzlers. Das war
417 1804 1556 1854 von vomstherein ein Wagnis. Man mag des Autors ge¬
424 1850 1556 1904 pflegte Verse, seine vornehme Gestaltungskunst noch so sehr
424 1891 1555 1962 bewundern, dieser Dichter, dessen Glanzzeit nun dreißig
427 1935 1550 1999 Jahre zurückliegt, ist zu sehr reiner Aesthet, als daß er mit
424 1981 1555 2040 unserer Zeit noch einmal den Kontakt finden könnte. Dazu
427 2026 1582 2087 kommt, daß die Dichtung das bühnenunwirksamste Stück ist,
430 2071 1557 2138 das man sich denken kann, ein ausgesprochenes Lesedrama.
434 2115 1553 2178 Zugegeben muß allerdings werden, daß Schnitzler teilweise
421 2154 1556 2218 Probleme anschlägt, die einen modernen Tendenzdramatiker,
440 2210 1566 2268 vielleicht auch manchen Zeitdramatiker zur Gestaltung reizen
433 2245 1565 2307 könnten, die dann wahrscheinlich auch lebendig würden,
442 2296 1549 2355 während sie bei Schnitzler nur als Phrasen klingen, weil
440 2316 1558 2413 sie in den ganzen Rahmen einer anmutigen Wunderwelt
432 2392 1552 2450 nicht hineinpassen. Man wäre beim Ansehen des Werkes
443 2420 1546 2491 fast versucht, an ein Märchen, an eine verwunschene Prin¬
428 2474 1554 2550 zessin im Nixenteich und an den sie erlösenden Prinzen zu
430 2514 1556 2598 glauben, wenn uns nicht das tragische Ende eines anderen
444 2574 622 2632 belehrte.
488 2573 1565 2666 Wenn man den Kern der Dichtung herausschält, dann
424 2640 1563 2712 bleibt als Handlung die Tragik des Alters, der Sieg der
446 2694 1566 2754 himmelstürmenden Jugend. Die Erwägungen des rastlosen!
432 2733 1563 2795 Dichters Sylvester Thorn über Heimat und Vaterland, über
424 2783 1561 2847 Krieg und Frieden, über Menschenliebe und Menschenhaß
435 2823 1554 2890 ranken sich nur um dies eine Problem der Handlung, um
446 2860 1557 2929 den Abend zu füllen. Das Publikum aber will auf der
445 2927 1568 2984 Bühne Tatsachen und Entscheidungen, keine Rätsel oder An¬
450 2962 1556 3018 regungen zum Nachdenken. Der Dichter soll Führer sein,
449 2991 1562 3057 nicht Träumer und Problematiker. Es ist schwer für den
450 3022 1569 3099 Eingeweihten, sich in die Gedankengänge Schnitzlers zu
453 3092 1564 3158 finden, für den einfachen Theaterbesucher ist es unmöglich.
488 3128 1590 3197 Bei aller Anerkennung der guten Absichten des Staats¬
448 3172 1564 3243 theaters muß man doch sagen, daß dieses Stück in den Mai¬
455 3198 1569 3294 festspielen nichts zu suchen hat. Jetzt gilt es zu werben und
440 3259 1562 3348 zu repräsentieren, nicht aber etwaige Pietätspflichten zu
442 3309 1566 3394 erfüllen, zumal man leider im Maifestprogramm unsere
446 3339 1569 3416 Klassiker vermißt. Hier hätten die großen Aufgaben eines
435 3390 1566 3472 Staatstheaters gelegen. Viele unsere Klassiker sind aktueller
447 3418 1574 3508 als unsere modernsten Dichter, nur muß man auch verstehen,
447 3492 959 3558 aktuelle Regie zu führen.
493 3528 1564 3584 Die Darsteller konnten trotz bester Leistungen und eif¬
445 3559 1570 3632 rigsten Bemühens Schnitzlers Stück kein Leben geben. Sie
444 3610 1565 3674 kämpften alle auf verlorenem Posten. Zum Schluß konnte
446 3643 1577 3729 man nicht einmal von einem Achtungserfolg sprechen. Wäh¬
439 3699 1577 3763 rend nach dem ersten Akt noch geklatscht wurde, blieb bei,
448 3739 1579 3809 den nachfolgenden Akten alles stumm und der Schlußbeifall!
449 3783 1571 3856 galt seitens des äußerst spärlichen Publikums (bei einer
442 3830 1578 3897 Uraufführung im Rahmen der Maifestspiele!) den wirklich
448 3872 1575 3935 anerkennenswerten Bemühungen der Schauspieler. Man
443 3918 1569 4000 erweist mit der Aufführung des „Gang zum Weiher“ dem
1428 3962 1551 4016 — Ch.
462 3972 1257 4037 Autor des „Anatol“ wirklich keinen Dienst.
1654 219 2104 300 box 34/3
2037 798 2087 852 1
2092 710 2871 813 IADOLFSCHUSTERMANN!
2878 753 3155 803 GECRUNDET7898
2121 796 3160 873 ADRESSEN-VERLAG U.ZEITUNGSAUSSCHNITTE LBERLIN S.O.16
2870 822 3161 883 RUNGESTR. 20
2673 817 2876 906 G.5l 193
2108 902 2460 982 AUSSCHNITT VOM:
2222 936 3138 1054 Deutsche Allgemeine Zeitung
2561 1041 2810 1141 Berlin.
2387 1178 2912 1285 Morgenausgabe
2124 1308 3159 1396 Wiesh=dener Maifestspiele. „Der Gang zum Weiher“
2054 1356 3167 1440 eino dramatische Dichtung von Arthur Schnitzler, erlebte
2051 1393 3166 1479 die reichsdeutsche Uraufführung im Staatstheater Wies¬
2058 1436 3159 1523 baden. Freyd# unserer rastlosen Zeit, doch getränkt von
2067 1473 3158 1559 ihren Nöten und Problemen, schwingt in diesem Werk
2064 1508 3160 1603 das Leben zwischen den Polen Liebe und Tod, Kampf
2066 1549 3172 1640 und Entsagung? In der uns fast verlorenen Form des
2065 1585 3175 1674 „dramatischen Gedichts“ in Versen von auf der Bühne
2069 1631 3197 1715 längst verklungener Reinheit und oft dichterischer Schönheit —
2073 1676 3165 1752 treten uns die ewigen Gesetze menschlichen Schicksals ent¬
2079 1710 3171 1802 gegen, im historischen Gewande des 18. Jahrhunderts.
2079 1745 3182 1830 Und damals wie heute siegt die Liebe über den Tod, die
2077 1784 3185 1875 schäumende Jugend über das abgeklärte Alter. In der
2082 1828 3191 1904 reizvollen Verschmelzung von Romantik und Psychologie,
2077 1862 3197 1937 von mystischem Schauer und der Klarheit geistiger Er¬
2079 1897 3196 1992 kenntnisse liegt Schnitzlers Kraft, neben der der Dramatiker
2081 1939 3184 2019 oft zurücktreten muß. Und so vermag auch die Schönheit
2079 1969 3188 2063 der Sprache nicht den Mangel bühnenwirksamer Gestal¬
2087 2014 3197 2101 tungskraft vergessen zu lassen. Der Regie Dr. Wolf
2090 2064 3199 2144 v. Gordons gelang es im Verein mit den besten Kräften
2092 2105 3193 2183 des Wiesbadener Ensembles, die dichterischen Schönheiten
2097 2135 3196 2227 zum Erklingen zu bringen und dem unter Wildgans in
2096 2167 3205 2255 Wien bereits uraufgeführten Werk auch in Wiesbaten
3019 2213 3159 2288 58.
2095 2230 2785 2302 eine dankbare Aufnahme zu sichern.
2014 2973 2805 3054 JADOLF SCHUSTERMANN
2825 3000 3113 3076 GEGRUNDETG9!
2830 3068 3096 3103 BERLIN S.O. 16
2034 3071 2808 3127 ADRESSEN·VERLAG U.ZEITUNGSAUSSCHNITTE
2815 3097 3105 3147 RUNGESTR. 20
2026 3169 2408 3233 Fausschalfr vom:
2478 3172 2855 3268 1 8. MAl 1931
2262 3267 2918 3371 Mlünchener Neueste
2241 3362 2935 3455 Nachrichten, IIlünchen
2150 3510 3049 3561 Bei den Wiesbadener Maifestspielen
2106 3548 3041 3595 wurde als reichsdeutsche Uraufführung die dramatische
2111 3590 3041 3629 Dichtung „Der Gangzum Weiher“ von Arthur
2124 3622 3043 3663 Schnitzler gegeben, die jüsnttram Wiener Burg¬
2122 3653 3038 3698 theater herauskam. Leider fehlt dem theaterfernen
2112 3697 3037 3738 Stück trotz feingeschliffener Gedanken und ausgezeich¬
2113 3724 3038 3763 neter Wortkünste die tiefere Bühnenwirkung. Alice
2125 3752 3039 3800 Treff und Robert Kleinert bieten in den undankbaren
2110 3789 3038 3829 Hauptrollen Hervorragendes aber auch sie vermochten
2093 3809 3042 3884 1 die wesenlosen Gestalten nicht zum Leben zu erwecken.
2872 3854 3028 3913 H. 1.—
