3344 4224
124 448 3125 500 Ihm über die Lippen. In Iwiesen, die einander ihrem Wesen nach feindlich gegenübertreten; Denkers erscheint in ihr angedeutet, in zarten Linien, wie ele
126 475 685 557 r in Scherz und Ernst davon
674 510 3124 567 müssen, selbst dann, wenn sic das gleiche Anschauungsprinzipder Weibgestalt entsprechen. Anselma, in der sich der bei ihrem
114 530 691 591 ie Stunde drängt. Konrad,
678 542 3128 605 hegen. Doch wird diese Ciemeinsamkeit die eingeboreneBruder zur höchsten Vollkommenheit ausgebildete Arbeiter¬
114 567 3126 651 den Zaubern der Sommer-IGegnerschaft abstumpfen, so daß sie im äußeren Leben etwaltypus erkennen läßt, war dem Dichter eine ferne Geliebte, die
117 605 676 671 schr mnächtigen Mitspielerin,
672 622 3122 685 als Geringschätzung oder Gleichgültigkeit erscheint. So fügtdunkelhaarige Sängerin, eine Künstlernatur wic er, war ihm
119 649 689 713 und ein Tag sind vergangen.
676 662 1892 717 es sich bei Arbeiter und Denker, die ihr Weltbild der Wirklich¬
1887 678 3126 752 Weib und Gefährtin, den großen Entscheidungen seines Lebens
130 693 685 746 rfürchtet, in den Armen der
672 707 1888 765 keit anzugleichen streben, oder bei Krieger und Künstler, deren
1887 716 2694 795 blieben beide iremd, wie die andern alle.
137 728 684 790 Sie entdeckt seine Absicht
682 744 1902 807 Weltbild illusionär ist, aber nicht notwendig falsch sein muß.
122 776 677 827 er Freiherr kchrt für Stunden
672 780 1892 836 In besonders glücklichem Falle könnte das eingeborene Welt¬
1942 783 3128 844 Konrad, der Typus des Kriegers, sieht im Weibe nur das
117 820 679 869 It, auf beiden Seiten werden
680 828 1885 883 bild des Künstlers mit der Wirklichkeit übereinstimmen, gerade
1882 821 3117 887 Weib, und hätte Lconilda die geistige Höhe erreicht, die ihr vor¬
108 861 671 910 d. außer sich gebracht durch
681 859 1886 935 diese Uebereinstimmung könnte das sein, was große Kunst von
1888 869 3129 929 bestimmt ist, diese Wertung würde ihr wahrscheinlich genügen.
113 895 679 971 tellt ihm die unvergängliche
670 912 3120 962 geringeren Versuchen unterscheidet, der Seele des echten! Der Dichter ist ihm ein sonderbarer alter Herr, von dem er
671 941 1905 993 Schöpfers einzig vorbehalten. Shakespeare erscheint von dieser
1881 954 3127 1019 eigentlich nicht wußte, daß er noch lebte. In dem Denker sicht
108 965 559 1054 Büte aufzurichten? —“
658 978 1896 1054 Erwägung als gewaltiger Schatten heraufbeschworen, sie wird
1881 992 3126 1049 er nur den Sekretär und bleibt für Ihn ein Gast des Freiherrn
122 1026 320 1084 Antwort:
667 1024 1883 1084 bestätigt durch die Wirklichkeitstreue seiner Visionen. Die
1886 1036 3128 1099 wie andere. Der Mensch, den er in die eigene Bahn zu reißen
674 1067 1879 1127 Feindschaft zwischen den Erscheinungsformen zeigt sich schroff,
1878 1066 3124 1133 sucht, der einzige, dem er Tellnahme schenkt, ist der Typus, dem
121 1059 568 1141 hder Verträglichkeit.
677 1105 1886 1169 wenn das Willensprinzip das gleiche ist, wie es be' Arbeiter
125 1113 504 1175 Nachbar — wenn
1882 1113 3121 1178 die Bezeichnung Arbeiter zukommt, und der hier in höchster
675 1147 1880 1211 und Krieger der Fall ist, die beide ihre Welt zu wandeln streben
110 1152 508 1215 öglich leben ließe.
1893 1157 3120 1230 geistiger Vollendung als Staatsmann in der prächtig stattlichen
672 1194 1888 1251 und sich zunächst durch die Form des Handelns unte. scheiden,
1879 1170 2932 1277 Mazke des Freiherrn von Mayenau die Bretter betritt.
119 1185 585 1263 eins, darin die Bosheit
674 1221 1894 1309 die wiederum auf der Gegensätzlichkeit des Anschauungsprinzips
102 1236 466 1291 er Kreisel rast
669 1257 836 1331 beruht.
1941 1244 3120 1331 Der Freiherr von Mayenau, der Arbeiter im Drama, ist wie
114 1273 489 1332 zu eignem Heil.
1868 1280 3126 1368 billig auch der Hauptträger der Handlung. Daß dieser Mensch
115 1310 561 1386 ern, heut und morgen
729 1316 1882 1379 Der kriegerische Geist ist in diesem Drama der eine, dessen
1873 1345 3119 1403 List, der er ist, wird nächst dem Heraufdämmern des Krieges die
138 1343 474 1428 Frist erkannt.
665 1359 1884 1420 Auswirkung die anderen zur Entfaltung zwingt, wie ja auch die
1875 1383 3128 1435 Ursache der Begegnungen, die sich für die übrigen Personen als
106 1395 416 1450 sfernen sich
671 1393 1887 1472 Antike den Krieg den Vater der Dinge nannte. Von Anfang an
1872 1413 3129 1486 Schicksal bestimmend erweisen. Sein Wesen dessen Trieb ist,
116 1422 570 1500 chentums zu träumen.
731 1436 1780 1489 alles von seinen dunklen Schwingen überschattet.
1784 1443 1882 1508 Ihr
1877 1447 3118 1534 die Dinge ihrem Gesetze gemäß zu leiten, hat er vollkommen
120 1477 593 1542 eng umzirktem Grund
663 1484 1875 1561 Rauschen hat den Dichter aus der Fremde heimgescheucht, die
1876 1507 3118 1571 ausgebildet, darum gibt es in diesem Stück, seiner Welt, keine
674 1526 1232 1586 er als eine milde schildert:
113 1508 497 1589 Es Haus zu bauen.
1869 1543 3122 1615 Kraft, keine Person, die er unbeachtet ließe. In jedem dieser
111 1560 188 1625 sr.
890 1574 1377 1654 Mir selbst entronnen.
1877 1587 3119 1653 Schicksale ist er bewußt und verständig wirksam. Die Be¬
120 1584 682 1677 vollkammenen Arbeiters im
1871 1626 3120 1699 ziehungen, In denen er sich zu den Menschen um ihn findet,
825 1629 1680 1710 Ein andrer wandelt ich durch kühle, klare,
123 1641 685 1704 des in Weltbild der Wirk-
1869 1664 3122 1732 sind dem Gesetz seiner Persönlichkeit gemäß gewachsen, nicht
820 1673 1616 1734 Von keiner Fordrung überhangne Welt.
192 1682 314 1742 81100
286 1693 680 1750 höchst gemäß ist.
1871 1703 3124 1768 durch den großen Augenblick zu plötzlicher Relfe gebracht.
817 1704 1654 1780 Landschaft, inbrünstiger Gewährung voll.
96 1730 684 1788 nen und, erleben den Zwei¬
1879 1744 3121 1816 Und so stark erweist sich diese Natur, daß die anderen weder
820 1746 1627 1817 Umblühte und umweikte meinen Schritt.
110 1765 687 1835 ie so urgcheure Anspannung
1869 1782 3119 1830 für sein Wollen noch sein Handeln maßgebend werden Im
823 1799 1697 1863 Doch keine griff zudringlich an mein Herz.
101 1814 682 1877 ur von sich selber weiß und
1863 1818 3112 1878 Gegenspiel mit den Einzelnen nimmt er eine unangrenbare
823 1838 1596 1891 Gestalten, in vielfältigster Begegnung,
107 1853 684 1920 ander zu fühlen. In diesen
1870 1862 3116 1953 Stellung ein, der Widersacher, der Ihn zum Schluß überwindet,
827 1879 1660 1933 Seltsame und gemeine, Männer, Frauen —
113 1897 679 1949 k um Leonilda heimzuführen.
1878 1898 2686 1981 ist eine Macht, kein Mensch: der Krieg.
816 1916 1638 1976 Sie spielten arch in einer neuen Welt
101 1922 682 1996 iste Geschenk, das zwischen
833 1945 1652 2017 Mit Kinderernst die ew'gen Lebensspiele
112 1963 685 2031 kann. Der Dichter, der Ihr
1926 1962 3120 2040 Dieser übergewaltige Mitspieler ist gezeichnet, wie er ist,
818 1993 1610 2048 Den heiter-unberührten Sinnen vor —
101 2002 679 2071 m von Ewigkelt bestimmte
1873 2009 3115 2092 wie wir ihn kennen: eine Willensrichtung der Massen, nicht das
823 2036 1723 2099 Dech keine mahnte: bild’ uns nach und deute,
106 2051 679 2123 er sein wahres Leben lebt,
1875 2058 3117 2117 Geschöpf Einzelner, seien sie gut oder böse, dumm oder klug,
824 2073 1735 2137 Was der uns vor dir schuf, mit uns gewollt.
102 2085 679 2165 es: die früh Enttäuschte an
1859 2086 3116 2167 leidenschaftlich eder berechnend. Dem Einzelnen ist in kriege¬
821 2120 1680 2191 Und also schweht' ich über frender Erde,
106 2124 676 2201 Freiheit in der Liebe. Das
1865 2135 3114 2191 rischen Zeiten nur die Wahl gelassen, Betrachter zu sein oder
830 2145 1675 2236 Von Wurzelkräften niegends festgehalten,
113 2179 678 2234 ng mit dem Gefühl, daß sie
1868 2188 3114 2248 den allgemeinen Willensantrieb zu steigern, zu vollziehen. Die
816 2198 1230 2269 Ein Gast und frei.
120 2217 670 2276 sel. Im Gegensatze zu den
1866 2223 3119 2295 Motive der Massen sind dem Begreifen unzugänglich wie das
112 2247 670 2315 Ereignisse in tiefster Seele
1877 2262 3108 2326 Wesen der Elemente. Diesem Gedanken hat Schnitzler in
717 2247 1867 2326 Die beiden Bindungen, ohne die kein künstlerisches Schaffen
114 2303 672 2362 Unberührbarkeit könnte die
656 2284 1872 2360 Idenkpar ist oder sichtbar wurde, das Wissen um die Zugehörig¬
1865 2301 3107 2359 seinem eben erschlenenen „Buch der Sprüche und Bedenken“.
117 2338 668 2397 egründet sein, vielleicht er¬
1878 2340 3116 2412 Ausdruck gegeben: „Fast fühlt man sich versucht, jede in sich
659 2339 1883 2405 keit zur Gottheit, die über alle Begriffe ist, und zur Heimat, die
101 2383 671 2439 ze der Menschheit als Hexe.
656 2382 1880 2448 das Begrenzte sinnenfällig macht, sind ihm gerade in der Ferne,
1868 2383 3110 2448 geschlossene Menschengruppe nicht als eine Summe von Indivi¬
109 2419 671 2489 er Bindung entzinnen, In die
1873 2411 3108 2489 duen, sondern als ein Element zu betrachten: — ein Element wie
660 2423 1877 2497 der scheinbaren Abgelöstheit lebhaft gegenwärtig geworden. In
111 2457 238 2521 sie.
1875 2451 3117 2524 Feuer, Wasser, Luft und Erde.“ Im Drama wird das Elemen¬
661 2465 1862 2547 seine Ruhe und Betrachtug hinein spielte das Vorgofühl des
654 2505 1387 2575 ungeheuer heraufzichenden. Trieges:
1860 2502 3113 2572 tare des Krieges dadurch besonders anschaulich gemacht, daß
112 2490 667 2569 des Krieges. Konrad wird
1866 2545 3116 2615 der Vertreter des kriegerischen Geistes als Jüngling vom
101 2545 674 2602 ersprechen wili er sich der
897 2555 1462 2615 Wann denn traf das Wort
1860 2584 3114 2655 geistigen Durchschnittsmaß gezeichnet ist; wäre ihm ein Zug
113 2587 671 2654 B beiden die Freiheit gewahrt
812 2584 1738 2682 Zum erstenmal, das mich nicht treffen wollte?
1875 2632 3106 2709 von Genialltät gageben, hätte dies das Drama auf Irrwege ge¬
95 2623 671 2703 der für Ihn der höchste sein
822 2652 1725 2718 Wann fühlt ich die Gefahr, die mir nicht galt,
1867 2660 2023 2738 führt.
133 2667 680 2735 die Menschen, für die es
822 2683 1659 2767 Wie wetterdrohend über meinem Haupt?
101 2715 670 2785 hm ist die Erfüllung seiner
1928 2722 3126 2817 Es hat sich gezeigt, daß lebensentscheidende Einwirkung
726 2730 1875 2821 Dam Gefühl für die endlich wiedergefundene, einst ihm
94 2756 659 2810 Er habe sich im Weiher er¬
1852 2786 3113 2853 Inur zwischen solchen Geistern stattfindet oder wenigstens en¬
658 2779 1595 2864 feindlicue Heimat gibt er herrlichen Ausdruck:
104 2802 666 2853 er Denker auf der Grenze
1855 2827 3116 2883 strebt wird, in denen die Willensrichtung, also auch die Empfin¬
102 2838 671 2893 Phöpfung seines Bewußtseins
809 2841 1630 2908 Und schrien sie alle, die von Urzeit her
1865 2870 3107 2929 dung von der Umwelt im Verhältnis zum eigenen Ich, die gleiche
92 2886 672 2938 stes nicht sei. Der Mensch
818 2882 1699 2942 In diesem Lande hausen, meine Fremdschaft
1872 2909 3106 2955 ist: der Dichter und der Sekretär sind in ihrsm Verhältnis zu:
104 2916 678 2983 äre er nicht, und den kein
812 2928 1697 2994 Ins Antlitz mir — und schichteten sie selbst
1873 2943 3111 3005 Welt Nachbildner, Konrad und der Freiherr sind Gestalter. Per¬
99 2964 679 3008 anhielt, erscheint ihm nicht
817 2968 1796 3039 Den Holzstoß für mich auf: — mir könnte nimmer
1854 2980 3111 3054 sonen dagegen, denen das Prinzip der Anschauung gemeinsam
92 2992 669 3067 Lebendiger gleich ihm selbst.
818 3006 1726 3091 ihr Drohn, ihr Hassen das Gefühl verwirren. —
1852 3029 3120 3090 ist, wie Konrad und der Dichter, die beide ein illusionäres Welt¬
95 3035 676 3107 hütterte Weltbild zu retten.
816 3047 1676 3123 Du Erde weißt, daß ich aus Dir erwuchs,
1848 3073 3105 3129 bild haben, der Preiherr und der Sekretär, die ein reales an¬
98 3088 672 3149 s ist durchbrochen, im ent¬
807 3087 1699 3152 Du Himmel, daß Du Helmat überglänzest, —
1852 3109 3116 3174 streben, finden keine Beziehungen zu einander, oder nur solche
94 3122 664 3191 ung aus seinem Hirn in die
814 3132 1737 3199 Und kein Verworiner atm’ ich zwischen euch.
1848 3153 3116 3210 alltäglicher Natur. Dieser Baugedanke läßt sich in allen großen
92 3144 668 3232 den einzig Lebendigen hielt.
1862 3190 3119 3260 Dramen der Weltliteratur nachweisen, die ausgenommen, in
712 3178 1873 3259 Die Heimkehr läßt ihn dem Mädchen wieder begegnen,
106 3206 660 3265 n gegen eine Welt. Die
1862 3228 3108 3294 deren Handlung übernatürliche Mächte eingeführt sind. Er
652 3216 1876 3303 dessen Geist, in der Gewitteratmosphäre des nahenden Krieges
101 3240 656 3304 s, die Baugebeimnis und Hn¬
1875 3268 3102 3324 bringt eine Wahrhelt zum Ausdruck, die für das uns zugängliche
651 3272 1871 3339 schnell und wunderbar gereift, einen verführerischen Glanz über
96 3274 658 3346 ien. gehen unter, da dieses
1866 3311 3090 3382 Erkenntnisgebiet gilt. (Buchausgabe S. Fischer, Verlag, Berlin.)
648 3314 1883 3399 Uihr ganzes Wesen strahlt. Und diese Begegnung wird ihm zum
110 3318 661 3378 heuer geworden, des Den¬
652 3347 921 3419 Verhängnis.
122 3355 661 3428 Freiherr wird sein unnutz
119 3392 666 3465 s Kalsers zurücklegen und
717 3408 1881 3487 Sein Schicksal hat auch den Denker in den Untergang ge.
118 3427 669 3506 zienen. Leonilda wird den
2111 3446 2829 3531 Schnitzfer-Aufführungen in London.
657 3433 1881 3526 rissen, der in Ihm von vornherein den Feind witterte, die
109 3476 668 3539 rasch umgeworfenen Reise¬
642 3484 1884 3578 Gegnerschaft lag in den geistigen Naturen der beiden, sie war
1932 3510 3093 3584 Arthur Schnitzlers Einakter „Der tapiere Cassian“ und
98 3521 667 3580 Feinsam zurückbleibenden
646 3524 1870 3600 niemals gewollt, für den Dichter nie bewußt. Er ist der einzige
1853 3555 3091 3628 Anatols Hochzeitsmorgen“, gelangen im International Art's
106 3555 653 3623 nählung für sie vorausahnt,
649 3571 1873 3638 Mensch. der auf das Leber des Denkers enischeidenden Einfluß
1871 3596 2433 3662 Thaatre zur Erstaufführung.
107 3602 661 3654 kunft vor dem jungen Mäd¬
649 3618 1868 3680 nehmen kann, echte Feinoschaft bedeutet vielleicht die einzige
110 3646 658 3706 Zuschauerraume bietet der
657 3656 1869 3719 Möglichkeit einander nahe zu kommen, ein Gedanke, der
2242 3651 2692 3736 Lehär-Rennaissance.
109 3687 667 3748 gensatz, der ein mächtiger
658 3693 1885 3759 Schnitzler eigentümlich ist. Den anderen Figuren des Stücks
1936 3706 3093 3783 „Der Graf von Luxemburg“ gelangte gestern unter
104 3717 675 3799 leit dieses Ausgangs ist. Es
651 3720 1886 3822 steht der Sekretär nur als Beobachter, dem Freiherrn allein,
1859 3764 3097 3811 musikalischer Leitung des Kompon sten mit Hubert Ma¬
644 3771 1867 3840 dem er das tägliche Brot verdankt, als bescheiden genügsamer
1861 3801 3099 3871 rischka in der Titelrolle am Metropoltheater, Ber¬
89 3791 1867 3884 ich selbst. nichts Geringeres Nutznießer in furchtbarer Abgelöstheit gegenüber. Auch dein
1853 3845 2351 3903 Iin. zur Neuaufführung.
87 3850 1883 3930 Wie vier Erschelnungsformen Dichter bleiben beinah alle anderen innerlich fern, unwirklich.
94 3887 1886 3976 iter. Krieger, Denker und Leoniida, die ihm zum Schicksal wird, hat den Blick für die
2288 3891 2656 3977 Richard Strauß
97 3928 3096 4048 estalten sich als solche er- Gesetze des eigenen ich und fremden Wesens. Der Typus des)veröffentlicht demnächst einen Zyklus für Männerchor und
1788 4003 3082 4074 Orchester auf Dichtungen von J. von Eichendorff „Die Tages¬
1819 4048 3098 4103 zeiten“ (Morgen—Mittag—Abend—Nacht). Dieses Werk wird
101 4058 3094 4142 irkten vollkommen konven-□der polnischen Nationalgalerle. mit einer Reihe von Bildern ver-Jim Juli dieses Jahres durch den Wiener Schubertbund unter Lei¬
97 4093 814 4157 für der Regisseur die Ver-Ttreten.
1844 4129 3086 4177 tung ven Professor Viktor Keldorfer seine Uraufführung erleben.
3101 3575 3244 3667 *
