3296 4224
2714 619 3174 698 HN
729 628 1141 726 SI
1444 636 1597 718 4
351 642 608 739 D
1615 671 2686 738 HERAUSGEBER: FRANZ GOLDSTEIN.
2653 697 2753 782 R
310 660 3312 867 SceriSnRI Cn DEn „winrsenarrenonmuewonpene vün wolhhn vo
2822 929 3308 1002 Da der männliche Geis
2757 975 3313 1041 allen seinen Grundformen g
2431 931 2578 1063 6
2754 1020 3311 1078 wie sich die weibliche S
516 920 2444 1149 „Der Gang zum Weiher
2750 1067 3302 1121 scheinungen, in denen die ge
2757 1104 3305 1168 Bewußtsein der Gesamtheit
2759 1151 3312 1198 Zauberin, Nixe und Fee. E
916 1142 2202 1245 Das neueste Drama von Arthur Schnitzter.
2764 1197 3302 1242 Klarheit des Bildes, daß die
2764 1219 3312 1281 gemeinsam ist: alle vermö
1205 1232 1921 1315 Von Viola Gabriele Schlesinger.
2760 1273 3301 1332 überirdische, dem Begreife
2763 1296 3311 1367 flüsse. Sie unterscheiden
1603 1311 2774 1385 Mit jedem Gedanken, jedem Begebnis, von denen die
2763 1344 3305 1408 getrennten Reichen der Pha
402 1335 1629 1402 Die Möglichkeit vernünftiger Ueberlegung scheint den!
314 1392 2771 1444 Menschen eine beinah unumschränkte Macht über die Dinge zul Menschheit bewegt wird, haben sich diese vier Grundformen des
2761 1380 3306 1443 halb desselben Reiches ver
1553 1404 2765 1466 Geistes, wenn auch von der unendlichen Mannigfaltigkeit der
2761 1414 3313 1487 nachdem diese Wesen als
316 1414 1561 1496 geben, als wäre jedes Uebel zu bewältigen, wenn das volle Licht,
324 1441 2766 1526 die ganze Heilkraft des Geistes darauf gerichtet ist. DennochEinzelwesen verborgen, auseinanderzusetzen,, es gibt keine
2766 1459 3304 1528 des Wassers oder der Luft
1548 1481 2764 1553 anderen. Es gibt ein Drama, das die vier Urtypen durch ein
2765 1498 3307 1575 spielt der Mann als Zauber
320 1502 1558 1577 bietet die große Wanderung der Völker. Weltgeschichte genannt.
1553 1528 2769 1589 ungeheures Ereignis, den Ausbruch eines großen Krieges, zur
329 1542 1560 1606 dem Rückblickenden das Bild unauflöslicher Verwirrung, des
2763 1538 3305 1600 nete Rolle, die in der Wir
1558 1560 2763 1632 Offenbarung ihres Wesens zwingt. Man könnte es darum eine
323 1589 1550 1651 Krieges aller gegen alle, als hätte es die Möglichkeiten der Ver¬
2765 1583 3314 1645 begabten Frauen zugewiese
1550 1610 2766 1670 Auseinandersetzung des menschlichen Geistes mit den. Kriege
331 1616 1562 1692 nunft, beinah unbeschränkte, nie gegeben. Der Widerspruch
2771 1636 3305 1684 seiner Königin und ihren im
1561 1654 2765 1712 nennen. Es heißt „Der Gang zum Weiher“, Arthur Schnitzler
330 1643 1549 1729 zwischen dem. was sein könnte, und dem, was ist und sein
2761 1660 3306 1731 zu erleiden, wie er ihm auf
1558 1699 2770 1748 hat es geschaffen. Der Anfang zeigt das Herannahen des
324 1690 1562 1754 wird, ist grell, kurchtbar und erstaunenswert. Es muß zu¬
2770 1692 3304 1772 ausnahmsweise zum Ergôt
1559 1727 2760 1797 Krieges. Dieses Geschehen, von Zeitgenossen und Landsleuten
320 1743 1551 1821 gestanden werden. daß es für die Menschheit eine Entwicklung
2762 1750 3311 1810 gegnet. Das Reich des we
1563 1773 2767 1830 des Dichters furchtbar gelcht, ist in die Mitte des achtzehnten
324 1789 1554 1844 gibt. Aber das Phänomen ist nicht zu leugnen, daß die Art,
2775 1785 3302 1845 schatz der Menschheit als
1562 1798 2770 1875 Jahrhunderts zurückversetzt, in eine Zeit, da schon Gedanken
329 1813 1560 1881 wie der menschliche Geist die Umwelt aufnimmt, seit den
2772 1826 3306 1884 land von Welt und Ueber
1562 1846 2763 1913 der Gegenwart denkbar waren. Die Landschaft, die Menschen
327 1864 1565 1918 Uranfängen die gleiche geblieben ist bis auf den Tag. Der
2765 1874 3298 1922 diese Gedanken wachruft, lä
1556 1881 2764 1954 dieses Dramas sind ihrer Natur nach deutsch. Mit der Kraft
332 1892 1567 1969 männliche Geist — sein. Bild allein ist in den Fernen der Be¬
2764 1908 3301 1981 lichen Geistes innerhalb der
1558 1923 2774 1989 der Zeichnung begnügt sich der Dichter, vermeidet mit hoher
336 1935 1555 1996 gebenheiten wahrzunehmen — läßt zwei Hauptrichtungen seines
2772 1949 3306 2003 werden. Lconilda, die den
1564 1963 2776 2035 Weisheit, den Namen des Landes auf dem Perschenzettel zu ver¬
332 1972 1556 2033 Strebens erkennen. Er sucht die Dinge nach dem Bilde zu ge¬
2766 1987 3300 2049 folgend im Weiher untertau
327 1997 1565 2084 stalten, das er von ihnen entwarf. oder sein Streben ist, ihr
1563 2014 2767 2077 melden. Durch diese bedeutende Ordnung der Fremdheit längst
2774 2019 3312 2085 weiß und schön der nächtl
327 2036 1558 2097 Wesen mit höchster Treue im Bilde nachzuschaffen, er ist
1568 2044 2773 2117 versunkenen Lebens wie der Verwirrung allzu naher Ver¬
2765 2059 3314 2133 Nixe genannt: ein Scherz,
325 2089 1570 2147 Gestalter oder Nachbildner. Die Gestaltung kann er vollzichen.
1555 2088 2775 2168 gangenheit gleichermaßen entrückt, vermag er den gelebten
2768 2100 3298 2184 Mensch wie er, nichts ande
333 2120 1560 2195 indem er die Wesen oder Dinge in Uebereinstimmung mit ihrem
1566 2125 2775 2194 Augenblick mit unheimlicher Gewalt heraufzubeschwören. Der
2771 2142 3301 2210 Freiherrn, die ihr ahnung
332 2172 1563 2226 eigenen Gesetz durch verständige Tätigkeit zu leiten sucht, so
1565 2179 2766 2238 Freiherr von Mayenau, chemals Kanzler und Freund des regie¬
2768 2198 3306 2258 fremden Wesens von der L
332 2215 1570 2278 handelt der Staatsmann im höchsten Sinne, der Gesetzgeber,
1564 2216 2779 2277 renden Kaisers, eines unsichtbar bedeutenden Mitspielers,
2772 2215 3303 2290 für eine Seherin gegolten.
328 2259 1566 2315 Priester oder Arzt, Erfinder oder Kaufmann, aber auch der
1554 2254 2774 2314 diktiert seine Erinnerungen. Von seiner unvermählten Schwester
2778 2276 3297 2340 spielerin, gehört zu den
337 2288 1564 2345 Arbeiter, kurz jeder, der sein Bestehen mit dem seiner Welt in
1561 2296 2773 2352 Anselm erfährt er, daß seine jugendliche, zum Weibe sich ent¬
2764 2306 3302 2371 Reiche des Geistes gleiche
330 2338 1560 2394 Einklang zu bringen trachtet. Dieser Typus soll kurz und gut
1567 2342 2779 2396 faltende Tochter Lconilda in schwülen Sommernächten heimlich
2775 2359 3308 2415 Künstlerin beginnt als ein
330 2369 1571 2421 als Arbeiter bezeichnet werden, denn das Werk ist ihm wesent¬
1567 2369 2775 2439 aus dem Park entweicht und in einem herrlich klaren Waldweiher
2779 2386 3294 2449 menschlichen Geistes zu e
330 2412 1569 2475 lich. Für ihn ist Existenzbedingung, ein möglichst treues Welt¬
1560 2420 2779 2472 untertaucht. Kommt sie wieder in ihrer zarten Schönheit ans
2773 2440 3306 2488 linien durch die geringe W
328 2451 729 2532 bild zu gewinnen.
1551 2462 2778 2526 Land, drcht sie sich in närrisch märchenhaftem Spiel um einen
2772 2475 3309 2549 hundert noch mit trügeris
1572 2504 2773 2557 vergessenen Opierstein der Urzeits Der Freiherr weiß, daß
413 2489 1562 2557 Trägt aber der Gestaiter ein Bild der Dinge in sich, das
2764 2505 3039 2584 schimmern.
1567 2537 2782 2599 niemand die längst überwachsene Pforte und den einzigen Pfad
336 2545 1566 2601 ihrem Gesetze widerspricht, so daß Gewalt notwendig wäre, die
2834 2538 3312 2618 Der Dichter begehrt
1570 2582 2782 2638 zum Weiher kennt. Das Wesen seines Geistes ist, Lebendiges
335 2593 1565 2644 Wirklichkeit danach umzufermen, ist er ein Krieger; doch kann.
2769 2593 3299 2649 keineswegs entzückt von
1060 2616 1264 2661 e Weleahn
1572 2617 2780 2676 nach eingeborenem Gesetz zur Entfaltung zu führen: er ver¬
336 2637 1570 2683 er auch ein Verbrecher sein, Betrug, Fälschung, Lüge, Ver.
2774 2629 3311 2693 wilden Jugend, macht zur
1575 2667 2779 2714 bietet, daß Leonilda in ihrem Tun beirrt werde. Ein Dichter,
335 2665 1569 2721 leumdung können ihm die Waffe, ja sogar die Heere ersetzen.
2767 2679 3301 2729 schluß prüft, indem er zunä
1559 2679 2771 2756 Jugendfreund des Freiherrn, seiner landfremden Abkunft halber
329 2694 1563 2761 Sein Weltbild ist dem, was ist, wesentlich fremd, er ist illu¬
2772 2716 3306 2779 In der Sommernacht sieht
1557 2740 2780 2810 in der Heimat angefeindet, wird aus viel durchwanderter Fremde
326 2729 1568 2805 sionär, die Elemente des Ich überwiegen darin die der Außen¬
2769 2748 3296 2820 Tochter auf ihrem Gang
1572 2778 2780 2838 erwartet. Der Sckretär, ein Denker nah jener schmalen Grenze.
341 2781 1564 2842 welt. Die Erscheinungen sicht er oft mit unheimlicher Schärfe,
2779 2790 3305 2850 bringt ihm Konrad ein kais
1559 2825 2781 2877 die Vernunft und Wahnsinn scheidet, ist aufmerksam und still
341 2825 1571 2883 der große Zusammenhang der Begebenheiten entgeht ihm. Daran
2770 2831 3311 2892 den Hof. Die Freundscha
1559 2862 2778 2916 bei seinem Dienst. Im Dorfe werden Gerüchte vom Ausbruche
338 2866 1568 2927 ist Napoleon nicht als Feldherr, wohl aber als Regent und
2770 2872 3312 2936 unabsehlichen Wirkens ist
1563 2892 2779 2962 des Krieges verbreitet und geglaubt. Der vereinsamte Staats¬
340 2916 1570 2969 Mensch gescheitert. Wäre Hamlet, dessen Weltbild ungewöhn¬
2773 2924 3300 2984 denklicher Entscheidung“ 1
1570 2934 2775 3001 mann dagegen und die Menschen, die er in die Firnenklarhelt
331 2949 1573 3013 lich wahrhaft ist, nach Fortinbras' Wort „hinaufgelangt, er hätte
2774 2951 3304 3012 Offizier, der ihn vom Kam
1572 2976 2773 3037 seines rückblickenden Daseins bannt, sind von der bewegten
339 2979 1570 3046 sich höchst königlich bewährt“, aber nicht als Eroberer. Einem
2778 2990 3290 3055 erwidert er mit Worten,
343 3029 1562 3090 echten Staatsmann mag ein Abwehrkrieg aufgezwungen werden,
1570 3015 2779 3079 Stunde nur tiefer in das eigene Ich zurückgescheucht. Der allzu
2774 3035 3296 3105 immerwährenden Kampf u
1564 3063 2784 3123 kluge Vater und die dem Leben entgegen glühende Tochter
335 3052 1573 3131 gewinnen wird ihin nur ein geborener Krieger. Die großen Welt¬
3011 3088 3307 3150 „Verrucht ein
1573 3094 2796 3176 sprechen von dem erwarteten Dichter. Ungemeldet erscheint
337 3092 1567 3168 stürmer waren keine Staatsmänner, ihre Reiche waren Ein¬
2930 3128 3304 3191 Das vor bedenklic
1569 3148 2781 3204 Konrad von Ursenbeck, einundzwanzig alt, Hauptmann in Feld¬
342 3137 1569 3205 tagsgebilde. In den modernen Militärstaaten wurden beim
2931 3174 3313 3226 Oh, nicht um sich,
1573 3187 2781 3242 uniform. Er kommt vom Heer an der Grenze, dessen Komman
339 3197 1577 3241 Unterricht der Soldaten das Beobachtungsvermögen und der
2927 3193 3302 3266 Um brüderlich un
1561 3228 2795 3290 dant sein Vater ist, er hat Auftrag, vom Kaiser Befehl zum An¬
345 3231 1575 3287 knappe-Bericht von Tatsachen geübt. Aber der Geist der
2930 3243 3311 3306 Armsel'ger Sinn,
1569 3271 2792 3324 griff zu fordern, der Freiherr soll sei. Gesuch unterstützen. In
339 3260 1565 3327 Völker, von denen diese Staaten umgeben waren, Kräfte, die im
2934 3279 3312 3352 Feig zu erscheine
1574 3304 2786 3364 seinem Gespräch mit dem Staatsmann jagen alle Geister des
344 3302 1570 3370 Gefecht wirksam werden mußten, blieben unentdecktes Gehiet,
2937 3323 3304 3397 Ein drohendes Ve
1576 3338 2792 3401 heraufzichenden Krieges vorüber. Zwischen diese beiden Gegen¬
342 3344 1565 3415 und gerade von ihnen ging im großen Krieg die Entscheidung
2845 3378 3305 3438 Der weit vorschauende
1560 3376 2783 3447 sätze tritt nun Sylvester Thorn, der lang erwartete Dichter.
344 3399 485 3458 aus.
2775 3415 3290 3478 zum Heere zurückgeeilt,
1578 3418 2782 3492 Feindschaft, die er in der vertrauten Freinde seinem Vaterland
424 3420 1565 3494 Die beiden Typen des Gestalters haben das Gemeinsame,
2777 3459 3299 3518 stürzen, mit dem Ansehen
1566 3464 2781 3527 erwachsen sah, weckte ihm das Gefühl der Zugehörigkeit zum
343 3463 1577 3550 Maß in ihnen das Ich mächtiger als das äußere Leben empfun¬
2781 3492 3307 3560 Schloß zu verlassen. Kont
1570 3515 2782 3570 eigenen Volke. Da alles ungewiß wurde, geht er daran, sein
361 3520 1573 3574 den wird. Die beiden Typen des Nachbildners dagegen, Denker
2777 3536 3311 3599 noch von Drang und Gebun
1567 3556 2790 3611 Dasein fester zu umfrieden, er hat ein Haus erworben und will
351 3548 1582 3622 und Künstler. empfinden die Umwelt stärker als ihr Selbst und
2783 3574 3298 3656 als Erinnerungsbild vor s
1570 3582 2782 3649 die früh gelicbte dunkelhaarige Sängerin zu seiner Gattin
354 3594 1576 3653 suchen den Eindruck zu überwinden, indem sie ihn nachbilden.
2776 3612 2944 3686 wähnt:
2666 3635 2790 3692 Im
1569 3631 2688 3694 machen, eine unsichtbar lebendige Mitspielerin auch sie.
346 3626 1569 3689 Der Denker sucht das Baugeheimmis der Umwelt zu erforschen
2930 3651 3304 3726 Quellklares Wass
1571 3679 2793 3731 geistigen Bilde, das Leonilda aus Kindertagen sich von ihm be¬
347 3671 1577 3730 und mit höchster Treue nachzuschaffen, für ihn handelt es sich
2934 3699 3313 3772 Durchsichtig bis
1567 3719 2793 3775 wahrte, glaubt er sein Wesen zu schauen. Von ihr erwartet
342 3709 1580 3765 wie für den Arbeiter um Uebereinstimmung mit der Wirklich¬
2831 3739 3306 3812 Der Freiherr glaubt, d
1566 3755 2537 3819 er, zu seinem wahren Selbst geführt zu werden.
350 3760 1577 3815 keit. Der Künstler will die Wirklichkeit nachbilden, wie er sie
2763 3777 3311 3855 im Begriff, die für sein L
351 3800 1584 3853 sieht. ihre Erscheinung ist sein Gegenstand. Er mag das Leben
1631 3805 2787 3884 Die ungeheuer einsetzende Erschütterung der Umwelt läßt
2775 3837 3305 3886 hat er für die Zurückbleih
352 3841 1571 3905 erhöht oder unterwertet zeigen: das Weltbild, nach dem er
1576 3868 2791 3927 ihn tiefer denn je sich ins eigene Ich versenken. Während des
2775 3870 3301 3938 Ungefähr der Worte gemah
351 3878 1581 3941 arbeitet, ist illusionär wie das des Kriegers. Diese geistige Ver¬
1575 3900 2802 3970 großen Krieges hörte man oft, die Zeit habe jeden über sich
2776 3919 3314 3973 ältlichen Freiers, das schil
359 3927 1575 3987 wandtschaft hat Plato veranlaßt, die tragischen Dichter als Lob.
2774 3958 3300 4006 Weibes tritt unter dem Bi
1579 3955 2794 4022 selbst hinausgehoben. Vielmehr war jeder auf sich angewiesen!
359 3965 1570 4021 redner der Gewaltherrschaft aus seinem Zukunftsstaate zu ver¬
2756 3997 3312 4061 Verrät nun, welcher Weiher
348 4000 548 4063 bannen.
1566 3993 2156 4062 Iund mehr denn je er selbst.
2047 4046 2164 4117 4
357 4057 459 4131 8
2845 4125 3279 4174 Es war ein ganz
