3296 4256
179 131 1382 243 30. Der Gang zun Weiner
270 578 824 705 Uernecde Wriun
817 648 1430 763 148. L. 1034.
362 733 1271 850 Der neue Schnitzler
267 831 1370 940 „Der Gang zum Weiher“ in der Burg
773 929 1384 1020 WIEN, MITTE FEBRUAR
248 999 1408 1065 Wer dieses entzückende Buch „Der Weg zum Weiher“
202 1043 1409 1094 liest, wird kaum gewahr, daß es ein Stück ist, und wer das Stück
207 1078 1417 1132 sieht, wird nachher zum Buch greifen und neue Freuden aus ihm
205 1124 1409 1196 schöpfen. Ein edleres, menschlicheres, im tiefsten Sinn
206 1179 1410 1235 moralischeres Werk ist seit langem nicht von der Wiener Burg
202 1224 1409 1265 zur Aufführung gebracht worden. Es mutet an wie ein junger
199 1256 1422 1307 Schnitzler, zu dem sich der ältere, abgeklärtere gesetzt hat, voll
209 1294 1419 1347 Weisheiten; so wie Ueberlegenheit eines Großen sein soll, der
194 1340 1404 1388 sie nicht fühlbar machen will. Also nichts Lehrhaftes, und wo
198 1381 1410 1466 doch, gemildert durch Laune; ein politisch Lied und kein garstig
192 1426 332 1480 Lied
340 1442 427 1493 *
229 1485 1402 1553 Es spielt zur Zeit Franz I., auf dem Schloß des Freiherrn von
203 1530 1412 1601 Mayenau, gewesenen Kanzlers, wenige Wegstunden von der
196 1569 1403 1626 Residenz, die Wien ist, aber nicht genannt wird. Ein abgesetzter
198 1625 1405 1664 Kanzler, der grollt, wie der im Sachsenwald oder der andere in
188 1663 1410 1706 Rom, und der seinem Sekretär Erinnerungen diktiert. Un¬
186 1706 1403 1749 dankbare Kaiser bekommen die Wahrheiten ihrer Staatsmänner
197 1754 1401 1804 zu hören, post festum. Mayenau lebt zurückgezogen mit seiner
198 1798 1405 1858 Schwester Anselma und seiner zur Jungfrau erblühten Tochter
197 1825 1408 1895 Leonilda, einem Traumwesen, das nachts im Waldteich den
193 1880 1393 1927 jugendlichen Leib spiegelt und vor altem, mdosbewachsenem
197 1928 1390 1982 Götterstein dem eignem Gott ihrer Schönheit zu huldigen scheint.
199 1964 1404 2008 Auf dem Schloß wird ein Dichter=Denker zurückerwartet, Freund
190 2007 1399 2071 des Vaters, der Leonilda einst Märchen erzählte: Sylvester
193 2051 1401 2096 Thorn, ein Boheme, den große Männer liebten, den die Heimat
191 2099 1405 2154 mißverstand und kränkte, da ein Ahne fremdes Blut hatte —
183 2136 1395 2190 andeutungsweise wie ein Heinrich Heine, der unter Vorurteil
200 2171 1400 2220 ##t, wie auch zuweilen ein Schnitzler. Verschwunden seit Jahren,
188 2223 1394 2280 findet er den Weg zu Mayenau, wo ihn Anselma geliebt, wo er
184 2272 1389 2323 in Leonilda ihr junges Ebenbild sieht, das ihm unerreichbar
186 2301 339 2373 bleibt.
231 2354 1392 2418 Es kreuzen sich die zwei Geschichter., die des Dichters Sylvester,
186 2416 1392 2467 die Schnitzler nicht bis zum Letzten ausführte, und die politische.
200 2459 1389 2509 Der damalige Conrad von Hötzendorf ist unzufrieden mit der
182 2503 1399 2554 zandernden Haltung des Kaisers, verlangt das Prävenirespielen,
191 2547 1395 2600 ehe das Heer drüben stärker wird. Der Marschall fordert durch
192 2589 1388 2640 seinen Sohn den Freund Exkanzler auf, mitzutun, den Kaiser
184 2621 1389 2679 scharf zu machen. Tatsächlich wird Mayenau auch wieder zum
192 2662 1393 2708 Kanzler ernannt, kämpft für den Frieden, aber die Gewehre sind
191 2711 1393 2766 un der Grenze von selbst losgegangen ... Die Auseinander¬
189 2751 1387 2792 setzungen über Staatskunst und Draufgängertum sind geistvoll,
177 2806 1392 2852 ein Schnitzlerscher Beitrag zur Zeitgeschichte, wie man sich ihn nicht
187 2832 1401 2902 eindringlicher wünschen kann. Doch dies Wichtige ist im Drama
186 2879 680 2947 nur gleich dem Horizont.
212 2919 1389 2985 So, wie die Burg die Dichtung spielte, ist sie dramatisch nicht
185 2985 1385 3035 wirksam. Man kann Anton Wildgans Fehlbesetzungen noch zu¬
169 3033 1388 3082 gute halten; er ist neu, will die Jüngeren voranstellen und hat
176 3078 1388 3129 noch keine Auswahl. Balser kam als Freiherr nicht entfernt
186 3110 1380 3169 dahin, wo ein Kraus hätte stehen müssen; nur Frau Wohlgemuth
167 3153 1380 3206 erfüllte die Anselma. Anderswo wird die Darstellung die
178 3199 1392 3273 dramatische Wirkung dieser dramatischen Dichtungsart auszulösen
175 3239 345 3300 haben.
200 3288 1377 3338 Am Vorabend führte uns ein Zufall in ein Lichtspieltheater
182 3338 1384 3393 „Nächte am Bosporus“ — da saß Arthur Schnitzler und ließ sich
177 3388 1377 3439 die Bilder von Claude Farrère vorgaukeln, als gäbe es am
175 3473 1380 3542 nächsten Tage keine Burgpremiere. „Ich gehe in keine Erstauf¬
178 3525 1385 3581 führung“, sagte er. Er hat sich dann doch holen und hervorrufen
176 3569 1375 3613 lassen. Er verdiente die Ehrung, die ihm zuteil wurde. Man
165 3603 484 3675 lese das Buch!
985 3608 1329 3681 Karl Lahm.
1522 2221 1638 2290 Janze
1539 2315 1648 2377 ttert
1535 2367 1645 2421 argit
1529 2405 1645 2477 saire
1556 2493 1647 2560 der
1507 2729 1636 2829 lin
1506 2915 1628 2969 eebe“
1535 2948 1641 3013 am
1509 2985 1634 3057 rfolg.
1515 3046 1641 3100 t, die
1494 3081 1629 3141 Lichts¬
1490 3124 1638 3185 ##den¬
1488 3175 1625 3229 Berlin,
1494 3220 1633 3278 Indels
1524 3265 1626 3317 dem
1532 3309 1626 3360 um
1507 3353 1634 3407 seine
1497 3389 1627 3450 mpan
1509 3438 1648 3494 s die 1
1536 138 1984 230 box 34/2
1816 399 2269 482 lich zu bewegen wußte.
2748 398 2994 481 Dr. F. M.
1877 479 3017 539 Artur Schnitzlers Versdrama „Der Gang zum Weiher“. Schon
1806 533 3011 577 lange hat man von der Bühne nicht so edle und schöne Verse ge¬
1817 570 3009 610 hört wie in der dramatischen Dichtung in fünf Aufzügen „Der
1825 606 3009 647 Hang zum Weiher“ von Artur Schnitzler, die am 14. Febr. im
1819 644 3010 696 Wiener Burgtheater zur Uraufführung kam. Kein
1822 679 3014 725 Stück für die große Masse, aber ein erlesener Genuß für literarische
1819 723 3012 761 Feinschmecker. Eine prachtvolle, bilderreiche Sprache, erfüllt von
1813 755 3003 815 tiefen Gedanken, poetischen Gleichnissen und seinster Lyrik. Schnitz¬
1811 799 3002 852 lers jüngstes Stück entstammt der letzten Zeit, in der noch alle
1809 832 3016 893 Schrecken des Krieges nachzittern. Es ist das Hohelied der Men¬
1806 881 3010 933 thenliebe. Ist aber Güte und Liebe bei den Menschen nicht zu
1808 915 3010 968 Freichen, so sollen sie sich doch friedlich vertragen. Wunderschön
1848 957 3015 999 nid die Verse, die die werdenden Mütter verherrlichen. Schnitzler
1815 991 3016 1044 handelt in diesem interessanten Stück auch das Drama des altern¬
1876 1037 3017 1091 Dichters, des alternden Mannes, dem die jungen Mädchen
1810 1037 1876 1080 50
1868 1071 3020 1119 ldigen, der sie noch erobern, aber nicht halten kann. Albert
1812 1073 1860 1120 91
1815 1113 3018 1162 5eine inszenierte die fesselnde Dichtung mit innigem Verständ¬
1912 1153 3016 1197 Ewald Balser spielte den menschen= und friedliebenden
1800 1150 1908 1195 nitz.
1808 1187 3003 1243 stänzler vortrefflich. Das Publikum gab seiner großen Freude,
1810 1225 3017 1281 en geliebten Dichter wieder einmal auf der Bühne des Burg¬
1816 1258 2986 1314 hetters zu begrüßen, stellenweise stürmischen Ausdruck. L. Kl.
1976 1588 2028 1667 00
1912 1996 2733 2088 Wiener Uraufführung
1758 2094 2888 2154 Arthur Schnitzlers Versdrama: „Der Gang
2135 2142 2481 2223 zum Weiher
1733 2205 2970 2269 Schon lange hat man auf der Bühne nicht so edle und schöne
1668 2254 2967 2313 Verse gehört wie in der dramatischen Dichtung in fünf Aufzügen
1668 2312 2963 2360 „Der Gang zum Weiher“ von Arthur Schnitzler, die am
1661 2357 2976 2406 14. Februar im Wiener Burgtheater zur Uraufführung kam.
1666 2394 2966 2440 Kein Stück für die große Masse, aber ein erlesener Genuß für
1670 2437 2964 2503 literarische Feinschmecker. Eine prachtvolle, bilderreiche Sprache, er¬
1670 2483 2977 2541 füllt von tiefen Gedanken, poetischen Gleichnissen und feiner Lyrik.
1672 2522 2969 2572 Schnitzlers jüngstes Stück entstammt der letzten Gegenwartszeit, in
1663 2569 2966 2620 der noch alle Schrecken des Krieges nachzittern. Es ist #i Hohelied
1665 2600 2964 2679 der Menschenliebe. Ist aber Güte und Liebe bei den Menschen nicht
1674 2658 2976 2710 zu erreichen, so sollen sie sich doch friedlich vertragen. Wunderschön
1669 2698 2961 2746 sind die Verse, die die werdenden Mütter verherrlichen. Schnitzler
1662 2744 2975 2808 behandelt in diesem interessanten Stück auch das Drama des alternden
1652 2772 2977 2856 Dichters, des alternden Mannes, dem die jungen Mädchen huldigen,
1665 2827 2965 2885 der sie noch erobern, aber nicht halten kann. Albert Heine
1666 2868 2970 2943 inszenierte die fesselnde Dichtung mit klugem Verständnis, sodaß ihre
1651 2918 2969 2968 ganze Schönheit zur Geltung kam. Ewald Balser spielte den
1656 2961 2973 3008 menschen= und friedlieben#en Kanzler und bewies durch das tiefe Ein¬
1654 3004 2961 3055 dringen in die schwere Rolle, die er mit scharfer Charakterisierungs¬
1660 3041 2956 3119 kunst und seinem so sympathischen Organ vollends ausschöpfte, daß er
1647 3097 2958 3159 ein Gewinn für das Burgtheater sei. Die Tochter des Kanzlers gab
1651 3135 2957 3203 Ebba Johannsen mit zarter Innigkeit und aufwallendem
1658 3175 2968 3245 Temperement. Aufopfernde Mütterlichkeit fand in Else Wohl¬
1645 3220 2965 3271 gertuth die buchstäblich schönste Verkörperung. Vortrefflich waren
1649 3272 2967 3321 auch Fred Hennings und Ferdinand Onno. Das Publik um gab
1651 3305 2958 3383 seiner Freude, den geliebten Dichter, seit langem wieder einmal auf
1655 3352 2971 3430 der Bühne des Burgtheaters zu begrüßen, stellenweise stümischen
1643 3380 2584 3449 Ausdruck und bereitete ihm herzliche Ovationen.
2310 3457 2900 3525 Ludwig Kliyenberger.
2103 3598 2172 3671 N
3090 828 3128 892 1
