3296 4256
178 171 1398 308 30. Der Gang zun Neihen
1537 197 2002 303 box 34/2
356 1135 1095 1210 nämlich den Verband der A..
1622 1145 2464 1230 Wie benanmgeneden wird, .
356 1174 1538 1252 Gewerkschaftskongreß, ins Unterhaus ein¬
2719 1191 3261 1272 und daß bis dahin auch e
1542 1187 2718 1273 vom Vorsitz des Federal Farm Board Anfang
370 1231 1545 1302 geladen. Wie es heißt, ist Macdonald über die Lage sehr
2714 1247 3259 1323 erfolgt sein wird. Dann w
1541 1250 2726 1335 März zurück, um seine Tätigkeit bei der Inter¬
355 1272 1544 1359 beunruhigt und sein Entschluß, auf dem Verhandlungswege
2715 1285 3264 1366 die Arbeitsstreckun
1540 1299 2722 1369 national Harvester Co., bei der er früher Prä¬
367 1324 1542 1406 eine Einigung zu versuchen, soll darauf zurückzuführen sein,
2681 1341 3248 1404 Aktion durch zuführ
1526 1349 2259 1430 ssident war, wieder aufzunehmen.
365 1378 1331 1440 daß er Arbeiterunruhen befürchtet.
2714 1443 3263 1516 staatsmännischen Erfahrun
1534 1455 2713 1529 einem Bad gelüstet, den verschwiegenen Weg zum noch ver¬
375 1471 1550 1545 man denkt etwa an Klosterneuburg bei Wien, muß aber nicht;
2718 1490 3264 1562 und sein gleichaltriger Juch
1539 1505 2714 1571 schwiegeneren Weiher andeutet, wo auch Leonilda in schwülen
375 1522 1539 1599 daran denken — liefert dem tätigen Mann für diese ihm
2715 1548 3260 1606 Menschen aus einem and
1545 1554 2713 1614 Sommernächten zu baden liebt. Er tut es mit Bedacht, um
368 1580 1539 1644 aufgezwungene Beschäftigung seiner Nicht=Beschäftigung den
2723 1589 3269 1659 hemmungslose neue Jugen
1544 1596 2712 1662 Leonilda, die er in Gefahr weiß, zu hindern, den alternden
364 1614 1540 1690 stilvollen Hintergrund. Hier lebt er mit einer in Schonheit
2714 1632 3256 1694 aus dem Munde Konrads,
1550 1625 2715 1702 Sylvester zu heiraten; und er erreicht sein Ziel, denn zwei
374 1660 1541 1729 alternden Schwester Anselma und einer überaus geliebten
2775 1669 3249 1756 und halb humoristisch -
1546 1685 2721 1746 Akte später ertränkt sich, vom Sterbebette seiner Geliebten
375 1706 1546 1779 Tochter Leonilda und wartet die Ereignisse ab, die denn auch
1553 1717 2731 1799 und ihres Kindes kommend, die er beide um Leonilda ver¬
2884 1734 3262 1819 Vergiftet ist die W
373 1743 1545 1827 stürmisch genug hereinbrechen. Ein schmucker Vetter
1545 1782 2724 1856 lassen wollte der abgewiesene und auch sonst unhaltbar ge¬
2883 1789 3258 1877 Man sollte sie ersch
366 1817 1544 1875 Leonildas erscheint, mit einem Brief seines Vaters, des
1557 1821 2438 1901 wordene Dichter in eben demselben Weiher.
373 1847 1541 1937 „Marschalls“ der dem Freiherrn nahelegt, sich zusammen
2821 1845 3257 1935 Gegen solche Feindsch
1637 1858 2727 1953 Diese letzten zwei Akte sind das eigentliche Drama. Die
376 1884 1555 1969 mit seinem Sohne in die Residenz zu begeben; der Kaiser
2727 1906 3259 1984 Liebe ist es am Ende, die
1555 1925 2734 1993 beiden Handiungen, die politische und die private, die bisher
378 1935 1550 2016 scheine, am Vorabend eines großen Krieges, seinen Rat zu
2733 1956 3264 2042 den Schlußversen zu der E
1548 1977 2726 2054 friedlich nebeneinander gelaufen sind, prallen jetzt kämpferisch
367 1972 1560 2065 vermissen. Gleichzeitig kommt auch noch ein anderer Gast
2887 2014 3256 2085 Nicht Preis noch B
1551 2014 2736 2095 zusammen und steigern sich wechselseitig in einer höchst kunst¬
368 2039 1546 2115 auf Mayenau an, der Dichter Sylvester Thorn, ein häufig
2894 2074 3266 2139 Geschent dem Würk
1554 2066 2728 2138 vollen Verflechtung. Der Kanzler geht zu Hofe, nicht um,
381 2070 1546 2157 wiederkehrender Gast auch in Schnitzlers Werk, den wir auch
1557 2107 2732 2184 wie Konrad hofft und sein Vater, der Marschall, wünscht,
2816 2124 3262 2199 Und Leonilba darauf
370 2134 1552 2193 in seiner neuesten Verwandlung als alten Bekannten grüßen.
1550 2162 2732 2225 den Krieg zu eröffnen, sondern, um ihn zu verhindern. Und
380 2171 1546 2258 Sylvester Thorn war vor zehn Jahren in Anselma verliebt,
2880 2185 3249 2265 Und als Geschenk
1562 2202 2734 2278 in der gleichen Absicht konsigniert er, mit „unumschränkter
381 2228 1549 2294 und ihretwegen scheint er wiederzukehren aber in Wahrheit
1550 2256 2735 2326 Machtvollkommenheit“ ernannt, den jungen Raufbold auf
2819 2242 3265 2333 Daß diese subtile mo
386 2264 1544 2359 kehrt er zurück, um in ein Tagebuch Einsicht zu nehmen, das
1554 2295 2729 2371 dem Schloß bis zum Augenblick seiner Rückkehr. Es ent¬
2725 2294 3235 2382 Dichter aus stilistischen
381 2303 1557 2400 er hier hinterlegt hat, und verliebt sich bei dieser Gelegenheit
2738 2362 3265 2428 des achtzehnten Jahrhunde
1560 2352 2728 2417 wickelt sich ein Kampf um den Frieden, in dessen Verlauf
379 2370 1554 2446 in Leonilda, die ihn, jetzt neunzehnjährig, seit seinem da¬
2742 2405 3263 2476 liegt auf der Hand. Viellei
1551 2403 2740 2471 der Dichter des „Professor Bernhardi“ noch einmal zu
383 2397 1562 2487 maligen Besuche liebt. Das entwickelt sich lustspielmäßig im
2736 2455 3264 2506 ausgabe und der Theater
1559 2450 2727 2512 brennenden Tagesfragen mutig Stellung nimmt, und der
381 2446 1559 2544 gleichen Schritt neben der Haupt= und Staatsaktion, die
2736 2490 3257 2557 exakt wären. Trotzdem m
1565 2493 2730 2560 das eine zeitgemäße Element in dem scheinbar so zeitenfernen
379 2511 1557 2589 ihren weise vorbereiteten Gang weitergeht. Der Freiherr
2730 2544 3257 2603 eben darum zeitgemäße P
1557 2538 2738 2604 Drama ausmacht. Das andere ist der Kampf mit der
382 2552 1556 2628 wird in aller Form vom Kaiser berusen, durch Vermittlung
2725 2571 3263 2660 kleidung nicht missen; mach
1559 2589 2738 2657 Jugend, der neuen Jugend, mit der Schnitzler sich in diesem
387 2611 1562 2670 desselben jungen Vetters Konrad, der auf dem Rückweg zur
2734 2627 3261 2701 von Zeitlosigkeit und Zeit
1557 2633 2732 2703 altjungen Stück zum erstenmal dramatisch auseinandersetzt.
380 2650 1555 2720 Front im Vorbeireiten das ersehnte Handschreiben abgibt.
2733 2678 3264 2752 Komödie aus. Ihre schönst
1562 2686 2730 2757 Denn wenn der Kanzler, der, so liberal er denkt, in seinem
395 2693 1563 2780 Daß es ersehnt ist, will der stolze Mann freilich nicht zu¬
2742 2737 3262 2802 von gestern, heute und mo
1556 2729 2745 2789 eigenen Hause ein streng monarchisches, ja autokratisches
384 2736 1556 2827 geben, leistet ihn aber dennoch Folge, zumal der Monarch
2738 2773 3255 2848 Kraft, Ende Fünfzig etn
1560 2782 2735 2841 Regiment führt, denkt, daß die beiden jungen Leute ein
384 2792 1559 2884 seinen Wunsch offenbar in eine besonders anziehende Form
2732 2813 3256 2895 es dennoch, ist enttäuscht
1562 2822 2740 2889 Paar werden müssen, weil sie ein Paar geworden sind,
388 2841 1556 2907 gebracht hat. „Wär's ein Besehl, man dürfte sich ihm
2733 2875 3265 2942 mut, die sein Tun über
1561 2870 2743 2938 so hat er diese Rechnung von gestern ohne den Wirt
380 2876 1556 2970 weigern“ sagt der neuernannte Kanzler; es ist also offen¬
2745 2920 3266 2983 männlichen Ueberzeugung,
1558 2926 2743 2983 von heute gemacht. Sowohl der junge Mann wie
383 2933 1555 2998 bar eine Bitte. Ihr Rechnung tragend, verläßt er noch in
2733 2961 3261 3031 ungestalte Welt bewegt. 2
1563 2967 2745 3041 insbesondere Leonilda, das junge Mädchen von heute,
390 2988 1558 3062 selbiger Nacht Schloß Mayenau, und da er sechsunddreißig
2735 3010 3252 3079 kriegsschlagwort Aktivisn
1558 3011 2743 3082 lehnen diese Verpflichtung schlankweg ab; sie wollen sich
395 3019 1556 3100 Stunden später zurückkommt, ist Leonilda „vor Gott“
2749 3056 3256 3125 Figur die aktivistischeste,
1551 3065 2747 3136 auch nach der Entscheidung ihres Blutes noch immer frei
393 3071 1564 3147 Konrads Frau geworden, obwohl sie noch zwölf Stunden
2746 3096 3264 3174 ist in ihrer Besonnenheit v#
1564 3113 2746 3180 entscheiden, und sie werden es. „Der Krieg ist da — und
393 3118 1561 3188 früher die Braut Sylvesters hätte werden wollen. Allerdings
1560 3151 3248 3212 anders schaut die Welt“ sieht der Freiherr ein; denn auch Jugend in dem Stück. D
398 3171 1569 3242 hat der Freiherr Gott ein wenig ins Handwerk gepfuscht,
389 3198 3255 3303 indem er dem jungen Offizier, den es nächtlicherweile nach den Krieg hat er, mit allen diplomatischen Künsten und aller haltenheit sehr österreichisch
