3296 4256
219 174 1425 286 30. Der Gang zum Neiher
1582 175 2032 269 box 34/2
625 1205 1490 1302 Wie benaumtgegeben solo,
125 1212 551 1305 Unterhaus ein¬
122 1292 551 1353 über die Lage sehr
540 1268 3085 1379 vom Vorsitz des Federal Farm Board Anfang] und daß bis dahin auch ein gewisser Rücigang der Pecn
102 1327 548 1405 em Verhandlungswege
538 1329 2901 1419 März zurück, um seine Tätigkeit bei der Inter¬ erfolgt sein wird. Dann wäre der Moment gekommen, um
114 1380 547 1456 f zurückzuführen sein,
541 1377 1721 1457 national Harvester Co., bei der er früher Prä¬
1723 1386 2909 1475 die Arbeitsstreckung als große zentrale
109 1423 338 1489 ürchtet.
534 1426 1258 1486 sident war, wieder aufzunehmen.
1704 1414 2363 1494 Aktion durch zuführen.
104 1527 550 1587 Wien, muß aber nicht
545 1526 1711 1582 einem Bad gelüstet, den verschwiegenen Weg zum noch ver¬
1714 1538 2894 1593 staatsmännischen Erfahrung, nicht verhindern können. Er
99 1571 545 1636 Mann für diese ihm
542 1575 1715 1640 schwiegeneren Weiher andeutet, wo auch Leonilda in schwülen
1725 1589 2901 1645 und sein gleichaltriger Jugendfreund Sylvester Thorn sind
101 1616 537 1693 icht=Beschäftigung den
534 1625 1721 1678 Sommernächten zu baden liebt. Er tut es mit Bedacht, um
1712 1635 2906 1711 Menschen aus einem anderen Zeitalter; und wie eine
94 1667 533 1734 hit einer in Schönheit
535 1665 1718 1738 Leonilda, die er in Gefahr weiß, zu hindern, den alternden
1711 1676 2894 1735 hemmungslose neue Jugend über sie denkt, erfahren wir
96 1708 542 1769 er überaus geliebten
540 1711 1713 1794 Sylvester zu heiraten; und er erreicht sein Ziel, denn zwei
1713 1739 2893 1813 aus dem Munde Konrads, der, wenn auch nur monologisch
97 1759 532 1831 nisse ab, die denn auch
538 1761 1725 1810 Akte später ertränkt sich, vom Sterbebette seiner Geliebten
1766 1772 2548 1839 und halb humoristisch —, sich äußert:
153 1804 534 1877 schmucker Vetter
537 1807 1714 1875 und ihres Kindes kommend, die er beide um Leonilda ver¬
1877 1831 2640 1930 Vergiftet ist die Welt von Greisenatem!
112 1841 537 1917 seines Vaters, des
531 1847 1722 1942 lassen wollte, der abgewiesene und auch sonst unhaltbar ge¬
1874 1878 2526 1960 Man sollte sie erschlagen allesamt.
96 1900 1416 1965 helegt, sich zusammen; wordene Dichter in eben demselben Weiher.
106 1945 538 2018 begeben; der Kaiser
619 1952 1721 2020 Diese letzten zwei Akte sind das eigentliche Drama. Die
1802 1934 2889 2016 Gegen solche Feindschaft hilft nur eins: Liebe. Und
95 1984 527 2065 frieges, seinen Rat zu
531 1996 1717 2077 beiden Handlungen, die politische und die private, die bisher
1712 1990 2885 2085 Liebe ist es am Ende, die den freiherrlichen Vater sich in
81 2041 537 2111 och ein anderer Gast
535 2048 1715 2120 friedlich nebeneinander gelaufen sind, prallen jetzt kämpferisch
1718 2054 2803 2141 den Schlußversen zu der Erkenntnis durchringen läßt:
86 2086 536 2152 er Thorn, ein häufig
531 2098 1711 2166 zusammen und steigern sich wechselseitig in einer höchst kunst¬
1867 2103 2795 2194 Nicht Preis noch Beute ist mein Kind geschaffen:
92 2129 528 2207 sWerk, den wir auch
534 2127 1715 2215 vollen Verflechtung. Der Kanzler geht zu Hofe, nicht um,
1869 2151 2699 2241 Geschenk dem Würdigsten nach freier Wahl.
91 2183 527 2248 en Bekannten grüßen.
536 2188 1709 2262 wie Konrad hofft und sein Vater, der Marschall, wünscht,
1804 2197 2285 2295 Und Leonilda darauf:
109 2229 528 2293 in Anselma verliebt,
529 2235 1719 2304 den Krieg zu eröffnen, sondern, um ihn zu verhindern. Und
85 2266 542 2348 ken; aber in Wahrheit
525 2282 1711 2346 in der gleichen Absicht konsigniert er, mit „unumschränkter
1860 2280 2739 2370 Und als Geschenk auch frei, sich zu bewahren.
90 2316 537 2381 nsicht zu nehmen, das
526 2328 1706 2401 Machtvollkommenheit“ ernannt, den jungen Raufbold auf
1803 2353 2883 2424 Daß diese subtile moderne Problematik mit dem vom
90 2361 529 2440 bei dieser Gelegenheit
524 2378 1704 2454 dem Schloß bis zum Augenblick seiner Rückkehr. Es ent¬
1698 2374 2891 2477 Dichter aus stilistischen Gründen vorgeschriebenen Kostüm
82 2410 538 2500 hrig, seit seinem da¬
536 2429 1705 2491 wickelt sich ein Kampf um den Frieden, in dessen Verlauf
1714 2448 2894 2499 des achtzehnten Jahrhunderts innerlich nicht übereinstimmt,
92 2468 528 2537 sich lustspielmäßig im
531 2471 1704 2546 der Dichter des „Professor Bernhardi“ noch einmal zu
1707 2497 2883 2568 liegt auf der Hand. Vielleicht wäre es besser, wenn die Buch¬
84 2511 520 2578 nd Staatsaktion, die
524 2518 1715 2588 brennenden Tagesfragen mutig Stellung nimmt, und der
1708 2542 2892 2613 ausgabe und der Theaterzettel in diesem Punkte nicht so
77 2556 540 2629 rgeht. Der Freiherr
531 2566 1711 2643 das eine zeitgemäße Element in dem scheinbar so zeitenfernen
1707 2591 2884 2652 exakt wären. Trotzdem möchte man diese unzeitgemäße und
78 2605 524 2671 n, durch Vermittlung
533 2613 1707 2684 Drama ausmacht. Das andere ist der Kampf mit der
1703 2634 2887 2696 eben darum zeitgemäße Problematik in der reizenden Ver¬
83 2652 522 2721 auf dem Rückweg zur
525 2660 1698 2728 Jugend, der neuen Jugend, mit der Schnitzler sich in diesem
1706 2684 2896 2751 kleidung nicht missen; macht doch gerade die delikate Mischung
92 2687 528 2773 Handschreiben abgibt.
527 2688 1703 2767 altjungen Stück zum erstenmal dramatisch auseinandersetzt.
1711 2727 2892 2798 von Zeitlosigkeit und Zeit den poetischen Reiz der neuen
79 2747 525 2815 ann freilich nicht zu¬
529 2756 1706 2829 Denn wenn der Kanzler, der, so liberal er denkt, in seinem
1701 2776 2884 2834 Komödie aus. Ihre schönste Gestalt, der Freiherr, ist zugleich
107 2785 532 2857 zumal der Monarch
530 2798 1697 2869 eigenen Hause ein streng monarchisches, ja autokratisches
1701 2825 2891 2890 von gestern, heute und morgen. Ein Mann von gesammelter
85 2839 531 2913 ers anziehende Form
526 2849 1706 2927 Regiment führt, denkt, daß die beiden jungen Leute ein
1697 2881 2880 2929 Kraft, Ende Fünfzig etwa, kennt er das Leben und liebt
80 2892 523 2956 nan dürfte sich ihm
526 2893 1703 2971 Paar werden müssen, weil sie ein Paar geworden sind,
1694 2918 2887 2989 es dennoch, ist enttäuscht und handelt trotzdem. Die Schwer¬
75 2928 521 3007 er; es ist also offen¬
532 2944 1695 3019 so hat er diese Rechnung von gestern ohne den Wirt
1696 2967 2880 3024 mut, die sein Tun überschattet, ändert nichts an seiner
89 2980 521 3046 d, verläßt er noch in
517 2990 1697 3063 von heute gemacht. Sowohl der junge Mann wie
1700 3008 2879 3088 männlichen Ueberzeugung, daß nur die gestaltende Tat die
83 3032 522 3099 da er sechsunddreißig
527 3039 1703 3103 insbesondere Leonilda, das junge Mädchen von heute,
1696 3063 2876 3126 ungestalte Welt bewegt. Das nennt man mit einem Nach¬
86 3068 508 3145 eonilda „vor Gott“
515 3076 1705 3167 lehnen diese Verpflichtung schlankweg ab; sie wollen sich
1697 3103 2878 3174 kriegsschlagwort Aktivismus, und so angesehen ist diese
101 3119 530 3194 noch zwölf Stunden
517 3126 1705 3203 auch nach der Entscheidung ihres Blutes noch immer frei
1707 3148 2877 3216 Figur die aktivistischeste, die Schnitzler je geformt hat, ja sie
76 3162 535 3237 en wollen. Allerdings
527 3183 1693 3237 entscheiden, und sie werden es. „Der Krieg ist da — und
1695 3202 2871 3248 ist in ihrer Besonnenheit viel aktivistischer als die aktivistische
90 3210 538 3296 Handwerk gepfuscht,
524 3223 1696 3289 anders schaut die Welt“, sieht der Freiherr ein; denn auch
1704 3241 2877 3308 Jugend in dem Stück. Der Schlüssel zu dem in seiner Ge¬
103 3279 2880 3372 nächtlicherweue nach den Krieg hat er, mit allen diplomatischen Künsten und aller! haltenheit sehr österreichischen Wesen dieser Gestalt ist Väter¬
