3436 4224
1132 185 1240 256 We
1636 190 2079 278 box 34/1
266 188 1525 287 30. DerGang zunIher
1350 824 1988 911 Dr. Man Goldschmidt
1350 902 1974 982 Büro für Zeitungsausschnitte
1141 963 1417 1030 BBRLIN N4
1692 973 2144 1043 Teleion: Norden 3051
1474 1071 1820 1139 Ausschnitt aus:
1404 1135 1901 1217 Prager Tagblatt
1635 1222 2022 1332 2 h. Apr. 1926
1129 1296 1412 1365 Theater:
1173 1387 1972 1442 „Der Gang zum Weiher“ ist
1138 1442 2102 1496 Schnitzlers neuestes Buch (Verlag S. Fischer).
1139 1469 2095 1519 Ei# oramatische Dichtung nennt es sich und
1130 1512 2087 1554 distanziert sich somit vom praktischen Theaterbetrieb,
1133 1542 2093 1595 weist auch wirklich einen weniger straffen Duktus auf
1127 1581 2096 1650 Tals die meisten Bühnenwerke Schnitzlers. Ich glaube
1130 1622 2091 1688 aber doch, daß es auch szenisch seine Wirksamkeit
1133 1663 2099 1711 zeigen wird, — vielleicht vom Schlusse abgesehen, der
1138 1700 2106 1763 allzusehr ins Ungewisse verhallt. — Zwei Handlungen
1141 1747 2094 1796 sind kontrapunktlich gegeneinander geführt, eine
1140 1779 2103 1825 Liebesintrigue und ein Spiel der hohen Politik. Im
1139 1819 2096 1873 Liebesspiel findet die junge Loonilde aus den Ver¬
1138 1845 2107 1926 irrungen ihres Herzens, das sich an einen alternden
1143 1893 2113 1968 Mann gefesselt glaubt, den „Weg ins Freie“, der hier,
1143 1967 2124 2041 gals „Gang zum Weiher“ geschildert ist, zum nächt¬
1169 2026 2140 2082 lichen Mysterium eines Entkleidungstanzes in freier
1175 2065 2130 2115 Natur, einem unbekannten Gotte entgegen, der sich
1172 2107 2131 2156 sehr bald in die Gestalt eines jungen schönen Offiziers
1175 2143 2135 2186 verkörpert und die nackte Nymphe erobert. (Manches
1171 2185 2132 2232 Motiv aus „Fräulein Else“ ist hier in idealisierter,
1171 2227 2129 2277 abgeschliffener, also eigentich minder interessanter
1177 2260 2133 2319 Form wiederholt.) Der politische Teil der Handlung
1169 2310 2137 2351 lehnt sich an die Stimmung vor dem Ultimatum an
1178 2341 2134 2386 Serbien an, wiewohl nirgends auf ein bestimmtes
1177 2383 2131 2422 Milieu, eine bestimmte Zeit angespielt wird und die
1171 2418 2122 2468 schönen Verse das ihrige dazu beitragen, die Vorgänge
1177 2461 2134 2501 in eine Allgemeinsphäre zu entrücken. Hier gibt es
1173 2490 2138 2546 einige unvergeßliche Gegenüberstellungen des pessi¬
1171 2539 2131 2581 mistischen Typs, der an die ewige Notwendigkeit der
1171 2576 2127 2631 Kriege glaubt, und des höheren Staatsmanns, der
1171 2611 2140 2675 den Sieg von Vernunft und Liebe mit in sein Pro¬
1173 2652 2122 2695 gramm ausgenommen hat. Schnitzlers abgeklärte
1175 2696 2133 2738 Weisheit offenbart sich in den Worten seines Helden,
1173 2737 2122 2783 des Freiherrn von Magenau, der den „feindlichen“
1183 2775 2131 2825 Gesandten in einem Augenblick, in dem alles schon
1168 2817 2127 2865 entschieden, der Krieg schon unvermeidlich erscheint,
1164 2855 2136 2902 aufsucht und durch den Appell von Mensch zu Mensch
1168 2890 1408 2941 umstimmt:
1164 2926 1892 2992 Worum wir oft vergeblich uns bemüht,
1177 2974 2037 3038 Wenn wir, in unfrer Würden Kleid gezwängt,
1173 3015 1904 3058 Kalt abgewogne Silben unsern Lippen,
1177 3050 1851 3101 Rückhältige Gedanken von der Stirn
1169 3086 1843 3152 Einander höflich abgelesen hatten, —
1163 3127 2120 3194 Nun — da's ein Abschied zweier Freunde war —
1163 3179 1828 3219 Uns beide jeglicher Verantwortung
1172 3207 1878 3264 Entbunden fühlend, ließen achtlos wir
1172 3240 1941 3308 Die fahlen Masken unsres Amtes fallen.
1167 3278 1997 3345 Und wie sich dann im Fluß der Wechselrede
1191 3333 1953 3382 In die kein Zweck mehr trübe Wirbel riß,
1175 3361 1870 3417 Irrtum aufklärte, Vorurteil zerrann —
1188 3410 1937 3465 Und ohne Hochmut. Mißtraun, Vorbehalt
1183 3438 2131 3500 Wir uns, zwei Menschen, Aug' in Auge sahn,
1174 3479 1940 3538 Da floß vor unsern unverwirrten Blicken,
1185 3520 2001 3598 Was zwischen Fürsten, zwischen Völkern sich
1185 3560 1918 3616 An Mißverstand, an Uebelsinn, an Gvoll
1181 3598 1961 3661 Wie wetterschwarzes Sturmgewölk geballt,
1186 3645 2044 3709 Aus dem die Donmer endlich stürzen müssen,
1177 3677 1930 3727 Bald nur wie dünner Nebel auf und ab,
1191 3721 2083 3774 Den — wie schon anderm Höllendunst geschaf) —
1182 3768 1972 3817 Der mächtige Himmelsodem der Vernunft
1180 3795 2155 3870 Sich wohl vermessen durfte zu zerstreuen. — M. B.
