3436 4224
-23 1264 43 1327 5
1636 261 2110 365 box 34/2
288 266 1565 366 30. Der Gang zun Weiher
2812 946 3144 1040 „ „ —
1939 992 3140 1070 zur k. Liliam Leitzel sollte im nächsten Monat bei Ronacher
208 1021 3136 1125 wepnen und Sauten nicht a GEZAWien auftreten. Es bestand zunächst der Verdacht, daß
172 1072 806 1172 Einen Stock tiefer sich eine Türe,
806 1106 3138 1188 GEB S 10.- DAS LUSIGE ANEKDOTENAUCH GEH. S 7.—1 die ginglückliche Artistin einem ruchlosen Anschlag zum Opfer
188 1140 799 1223 Schwelle erschien. Sie war die
853 1159 3138 1253 FIBA-VERLAG . WIEN-LEIPZIg gefellen sei, es hat sich aber nunmehr herausgestellt, daß das
1923 1212 2960 1273 gußeiserne Material ihres Turngerätes schadhaft war.
779 1311 1961 1378 die genossene Brautnacht durch Heirat zu liquidieren. Er
1944 1328 3148 1379 Das ist vielleicht ein Mangel im Sinne des Theatralischen,
769 1366 1951 1420 gibt nach, er fügt sich, wenn dann die Tochter für sich selbst
1949 1370 3150 1425 bildet aber einen Reiz dieser fast bis zur Einsamkeit hohen
188 1302 556 1458 heater.
774 1417 1957 1470 wie für den Gefährten einer einzigen Liebesstunde volle Frei¬
1943 1430 3137 1485 Dichtung. Die Mitte des achtzehnten Jahrhunderts, in die
785 1456 1957 1526 heit des Entschließens fordert. Weit mehr als durch milde
1949 1471 3143 1530 das Spiel verlegt wird, ist nur ein Zeitpunkt, ein Kostüm¬
211 1450 779 1545 “, von Artur Schnitzler.
779 1502 1947 1569 erscheint dieser prachtvoll gezeichnete Mensch von Schwäche
1945 1513 3150 1588 datum. Vom wirklichen achtzehnten Jahrhundert lebt sonst
178 1521 415 1602 r Salten.
773 1545 1960 1627 gelenkt. Schwäche, die dem Kenner und Versteher des Herzens
1948 1561 3145 1618 wenig in diesem dramatischen Gedicht. Dafür spürt man
189 1581 783 1651 mit dem gleichen Recht ein
772 1598 1951 1669 wie des Schicksals jede Entschlossenheit des Urteilens lähmt.
1947 1617 3148 1681 unter dem Versmaß der Dialoge den Pulsschlag unserer Zeit.
183 1632 776 1712 var einst Kanzler, ist Jugend¬
786 1653 1958 1725 Denn nur der Unreife handelt oder urteilt rasch und wird
1956 1660 3150 1725 Dafür vernimmt man den Zauber von Schnitzlers ewig
183 1685 783 1769 ers gewesen. Lebt jetzt auf
782 1698 1957 1771 damit zum blinden Werkzeug des Geschickes. Der Kanzler¬
1947 1705 3148 1775 menschlicher Melodie, empfindet die musikalische Schöpfer¬
182 1736 783 1806 Kanzler, doch wer weiß, ob er
781 1743 1956 1819 Bruder=Vater=Freund jedoch gehört zu jenen Ueberreifen,
1947 1752 2704 1824 kraft, die alle Gestalten erstehen ließ.
187 1785 788 1854 on auf, es zu sein, gerade, da
781 1792 1960 1873 Uebererfahrenen, Ueberweisen, die Schnitzler oft und meister¬
2040 1813 3147 1880 Der ganze Zuschauerkreis gab sich denn auch willig dem
197 1835 786 1912 r Krieg, den er fast schon ver¬
786 1845 1954 1936 haft geschildert hat. Noch niemals aber mit solch endgültiger
1943 1827 3140 1921 Dichter gefangen. Beinahe mit Andacht lauschte man den
188 1884 781 1960 s. Da sagt der edle Mann:
780 1888 1853 1951 Plastik wie in der Gestalt des Freiherrn v. Mayenau.
1942 1903 3143 1979 Versen, die mehr weisen Tiefsinn, mehr Resignation, mehr
208 1943 787 2006 selbst ohne Sinn, als Wort,
863 1938 1959 2016 Die Krise eines Reiches gibt den großen, al fresco
1949 1960 3147 2029 aufwühlendes Empfinden, als aufregende dramatische Effekte
213 1985 780 2051 weise.“ Und beschließt, in
775 1979 1947 2064 gemalten Hintergrund zu den fünf Akten. Das seltsame, un¬
1944 2005 3141 2058 verströmen. Man schien das reine Wesen, die edle Persön¬
191 2017 788 2101 doch für frevelhaft und nutz¬
778 2051 1957 2115 auflösliche und doch zerbrochene Verhältnis des Kanzlers
1943 2049 3137 2127 lichkeit Schnitzlers zu spüren, die sich hier stärker noch kund¬
185 2078 786 2148 ges Ding ist Tat, selbst ohne
781 2092 1945 2152 zum Kaiser. Die Gefahr des Krieges, die, zuerst beinahe ge¬
1952 2112 3131 2167 gab als in manchen früheren Werken. Als er dann selbst
183 2130 787 2194 ann, der gewesene, der jetzige
778 2145 1950 2209 bannt, dann um so drohender hereinbricht. Der Marschall
1952 2158 3142 2219 hervortrat, rauschte ihm die Huldigung aller entgegen. Die
188 2183 789 2248 bewohner, der gütige, groß¬
773 2184 1956 2267 (der nicht auftritt), der Verräterpläne spinnt. Dessen Sohn,
1954 2199 3141 2277 ihn seit der „Liebelei“, seit dem „Medardus“, seit vielen
195 2237 784 2292 der aus überreichem Erkennen
780 2234 1945 2320 eben der junge Offizier, der die Tochter des Kanzlers besitzt,
1943 2244 3136 2331 seiner Stücke, seiner Bücher lieben und verehren. Die Auf¬
195 2280 789 2364 en, dem Schicksal zugleich ver¬
768 2279 1958 2363 gegen den Kanzler aber, nicht bloß gegen den Vater, mit
1944 2302 3141 2375 führung, von Albert Heine, der auch den Sekretär spielte,
209 2323 410 2390 irrt er.
778 2337 1954 2404 Wildheit mentert. Einzig das Los jenes alternden Freundes,
1946 2354 3147 2430 glatt gelenkt, hatte an dem Erfolg des Abends großen Anteil.
775 2387 1947 2453 der um die Tochter warb, vollendet sich in diesem Stück. Er
196 2364 786 2446 d, erfahren wir nicht. Die
1952 2402 3138 2477 Obwohl ... Es gibt allerdings kleine Einschränkungen, die
186 2440 783 2500 ntscheidende an diesem drama¬
774 2427 1953 2505 war ein geistiger Führer, und die Heimat, die ihm Gefolg¬
1954 2445 3144 2530 nicht verschwiegen sein sollen. Herrn Onno fehlte diesmal
774 2472 1946 2552 schaft weigerte, wurde ihm fremd. Aus der wirklichen Fremde,
201 2485 779 2552 rs, in einer Zukunft, die erst
1942 2497 3128 2575 der rechte Glanz. Er war so zerrauft und so unglücklich zer¬
214 2532 775 2602 Vorhang zum letzten Male
775 2532 1957 2592 die er durchstreift hat, kehrt er zurück. (Vielleicht ist unter
1943 2544 3148 2619 zupft wie seine Perücke, die sich vergeblich bemühte, Genialität
228 2584 788 2651 Akte von einer Fülle des
773 2573 1945 2650 seinem Einzellos anonym die Tragik eines ganzen Volkes
1949 2601 3139 2672 anzudeuten. Da Aeußerlichkeiten niemals etwos nur Aeußer¬
226 2627 779 2689 s stürmisch bewegt. Von dem
780 2628 1948 2706 verborgen.) Jetzt will er die oft verlassene, oft gesuchte Frau,
1943 2638 3143 2711 liches sind, findet er vielleicht den Glanz innerer Genialität,
216 2682 784 2737 u sehr bewahrt hat, leitet ein
777 2676 1959 2739 die ein Kind von ihm erwartet, heiraten. Da trifft er die
1940 2689 3133 2773 den er ja sonst hat, wieder, wenn er seinem Haar die Ver¬
214 2729 786 2792 zurück zu dem alten Musi¬
785 2724 1942 2787 Tochter des Kanzlers, glaubt sich geliebt, liebt selbst. Und
1953 2745 3136 2821 zweiflung nimmt und es zu strenger Schlichtheit ordnet. Als
202 2777 785 2847 er sich gleicher überzärtlicher
774 2774 1949 2846 wie er anderen Tages hört, das junge Mädchen habe sich
1948 2788 3131 2877 arrangierter Kanzler war Herr Balser von sympathischer
192 2823 785 2887 ne Schwester anklagt. Des
778 2815 1946 2898 einem anderen, einem jungen Mann geschenkt, geht auch er
1945 2840 3134 2925 Wärme, doch so wenig hintergründig, daß er manchmal an
199 2860 782 2939 un den Bruder beschwichtigen,
786 2874 1954 2946 den Weg zum Weiher. Doch nur um sein Dasein in der un¬
1937 2887 3135 2957 den professoralen Bethmann Hollweg denken ließ. Die Reihe
200 2927 778 2989 eiz, daß er sie dem Begehren
785 2921 1960 2979 ergründlich tiefen Flut zu beschließen. Bleibt noch anzu¬
1946 2937 3133 3024 seiner frischlebendigen Gestalten bereicherte Herr Hennings
196 2963 786 3041 s Erfahren lehrt den Kanzler,
774 2962 1953 3051 merken, daß er sein Tagebuch verbrennt, indessen der Kanzler
1949 2994 3123 3071 durch den jungen Offizier, den er frisch und lebendig spielt.
776 3000 1268 3085 Erinnerungen schreibt.
217 3026 781 3083 sein. Ist er wirklich mild zu
1951 3037 3138 3120 Zwei Frauen gehen durch die fünf Akte. Die behütete
194 3070 787 3128 gen auf, da der heimgekehrte
867 3065 1952 3143 Sonst schweben die Vorgänge alle zwischen lebendig
1944 3089 3127 3164 Schwester des Kanzlers und dessen Tochter, an der kaum
216 3111 783 3182 die Tochter wirbt. Er lehnt
773 3112 1956 3195 nachwirkender Vergangenheit und einer Zukunft, die mit
1947 3140 3134 3221 noch was zu hüten bleibt. Diese Tochter ist Frau Johannsen,
202 3169 788 3232 r, der die Tochter nachts am
779 3164 1951 3239 Erfüllung lockt oder droht. Schweben in rasch hinsausender
1947 3186 3134 3264 deren zweifellos vorhandenes Talent, wie so oft, auch jett
196 3208 3142 3323 ganz besessen hat, sich weigert, Gegenwart, bereiten Schicksale vor, ohne sie zu entscheiden. an falscher Beschäftigung leidet. Sie vermochte es nicht, das
