3296 4256
201 164 2014 292 30. Der Gang zun Neihen box 34/2
2196 1287 2348 1384 und d
2200 1356 2326 1417 spiel
1013 1348 2176 1446 lichkeit, aber Väterlichkeit auch der Welt und der Zeit gegen¬
2202 1391 2337 1463 komm
1017 1405 2186 1473 über. Ihn gebraucht Balser, um uns ihren Reichtum zu
2204 1450 2345 1508 sich a
1016 1458 2172 1531 entriegeln; er gebraucht ihn mit Kraft und Anstand, spricht
2186 1490 2349 1554 der E
1018 1505 2174 1581 auch vortrefflich, und wenn auch kein Devrient, für den der
2197 1537 2348 1600 Behar
1009 1551 2174 1623 Kanzler wohl gedacht war, zeigt er sich doch durchaus seiner
2188 1582 2344 1643 und L
1019 1594 2182 1674 schwierigen und verpflichtenden Aufgabe gewachsen. Ebba
1008 1646 2174 1722 Johannsen gibt die verwöhnte Leonilda, die den Ab¬
2236 1644 2363 1733 Mn
1017 1688 2175 1774 solutismus ihres Vaters auf das erotische Gebiet überträgt,
1005 1736 2175 1815 mit einer eigenwilligen Grazie, die sich nur sprachlich den
2199 1757 2327 1830 ihnen
997 1773 2182 1862 Raumverhältnissen des übergroßen Hauses etwas vernehm¬
2191 1813 2338 1878 daß si
1008 1831 2171 1897 licher anpassen lernen müßte. Hierin ist Frau Wohl¬
2195 1865 2334 1927 nehme
1004 1868 2171 1960 gemuth Meisterin. Man kann einen schönen Strauß Verse
2186 1911 2336 1972 hagen,
1011 1927 2176 2002 nicht anmutiger auseinanderlegen und zusammenbinden, als
2185 1959 2343 2017 zunehr
1005 1965 2168 2035 sie es mit vollendeter Kunst tut; aber auch menschlich bringt
2176 1997 2332 2067 Wird
1012 2016 2172 2076 sie uns das Schicksal des in Schönheit alternden Mädchens
2175 2052 2346 2115 trunke
1004 2065 2158 2140 näher, dessen unterdrückte Mütterlichkeit sich sachte in Haus¬
2187 2098 2334 2168 erschei
1003 2108 2163 2191 mütterlichkeit zu wandeln beginnt. Onno als Sylvester ist
2175 2139 2334 2207 der er
1001 2152 2163 2234 so problematisch wie die Figur, die er darzustellen hat;
2168 2193 2347 2251 zur 2
990 2207 2157 2275 Hennings als Konrad ebenso unproblematisch wie die
2181 2240 2326 2304 gewöh
1004 2240 2166 2323 ihm gestellte Aufgabe. Sein junger Offizier ist wirklich ein
2178 2279 2332 2360 an die
993 2294 2154 2361 junger Offizier, was auch in einem pazifistisch gerichteten
2180 2333 2340 2400 die des
1001 2342 2152 2415 Stück aus künstlerischen Gründen wohltut. Hingegen gibt
2178 2381 2332 2449 körper
997 2383 2155 2460 Heine dem Publikum, daß er mit der gespenstischen Rolle
2175 2427 2318 2487 durch
981 2416 2159 2513 des Sekretärs nichts anzufangen weiß, etwas zu deutlich zu
2174 2471 2320 2549 Tempe
985 2479 2163 2553 verstehen. Herzerfreuend Herr Müller als Diener
2163 2511 2319 2592 somit
991 2518 2149 2601 Dominik. Solche Diener gibt oder — gab es nur in Oester¬
991 2569 2157 2645 reich. Daß aber Schnitzlers neues Stück solche Gewesenheiten
985 2612 2147 2680 ohne Wehleidigkeit, wenn auch nicht ohne Wehmut, in Be¬
979 2665 2157 2734 tracht zieht, macht seinen feinsten Reiz und unwiderstehlichen
2170 2669 2324 2726 bakt
985 2714 2147 2785 Zauber aus. „Die Stürme sind — die Jugend ist vorbei“
2160 2715 2315 2780 Fähia
984 2752 2152 2833 versichert Sylvester, der sie um jeden Preis halten will.
2160 2764 2328 2834 die V
981 2796 2146 2883 Allein Leouilda, die es wahrscheinlich von ihrem Vater weiß,
981 2847 2148 2916 tröstet ihn und seine Zeit mit dem wundervollen Wort:
2157 2858 2316 2927 daß n
982 2885 2142 2949 „Als lernte Leid sich leicht. Auch Leid ist Gnade"
2166 2911 2280 2971 auch
975 2936 2148 3008 Und da sagt man, daß die Zeit des Verses vorbei ist. Im
2159 2949 2308 3023 Milch
979 2982 2138 3056 Gegenteil, sie hebt erst wieder an, und Schnitzler, dessen
2153 3007 2317 3064 könne
978 3024 2149 3120 erstes Stück vor sechsunddreißig Jahren im Burgtheater zur
2163 3057 2314 3119 grüf
977 3071 1819 3171 Aufführung kam, steht an ihrem Anfang.
1932 3078 2334 3180 R. A.hörd
