3296 4224
1103 184 1186 255 W
1607 189 2051 287 box 34/1
235 180 1446 298 30. Der Gang zun Leiher
593 1717 1175 1803 ——
1937 1711 2129 1804 RRT
2209 1714 3135 1795 Dietwe eines Wanderzirkus, und in den
111 1725 470 1818 ehufe an Steule
2214 1775 3141 1836 letzten Jahren als Besitzer eines reisenden
108 1794 469 1846 s einen alten
557 1796 2023 1862 Die ersten Schneepflüge säubern die Mariahilferstraße. (Photo Rübelt.)
2227 1821 3138 1883 Kinos, mit dem er in der Tschechoslowakei und
107 1888 455 1956 Fanatismus zur
516 1900 2241 1982 Das wären so die erotischen Angelegen=, Morgen in sich trüge, wo Mörder und Opfer
2233 1920 3149 1990 es aber oft an Wärme und an phonetischer
103 1945 1333 2010 auch vor ihrem heiten, mit denen die Zuschauer vom
1332 1953 2032 2010 von vornherein bestimmt wären.
2248 1949 2428 2028 Schärfe.
110 1986 1330 2039 ht ewige Sklavin] Schnitzler=Stück befaßt werden. Es kommt
1407 1977 2234 2061 Es ist ein wahrer Haßgesang gegen den
2299 1987 3149 2070 Ergreifend in ihrer edlen Resignation Elsa
113 2028 1326 2099 ich nicht Sklavin aber auch das große Menschheitsproblem des
1342 2027 2224 2116 falschen Glauben vom Krieg als unver¬
2245 2040 3144 2122 Wohlgemuth als Schwester des Freiherrn.
103 2069 1330 2127 hließlich Konrad Krieges vor das Forum der Bühne. Der er¬
1342 2077 1736 2142 meidliches Schicksal.
2234 2098 3143 2162 Es handelt sich um eine durchaus blasse
106 2111 435 2170 ihr für alle Zu¬
434 2113 1339 2170 wähnte junge Konrad, der Marschallsohn, war
1420 2112 2226 2178 Und man glaubt, Friedensakkorde
2236 2141 3137 2216 Rolle, doch gab ihr die Trägerin Farbe.
113 2150 428 2223 doch nicht nein.
442 2163 1326 2215 eigentlich als Künder des bevorstebenden
1337 2157 2231 2241 herüberklingen zu hören aus dem Völkersaal
2301 2196 3143 2244 Ferdinand Onno als Silvester Thorn
439 2208 1333 2257 Krieges zum ehemaligen Kanzler gekommen.
1341 2209 1645 2287 zu Genf.
2217 2213 3145 2297 überstürzte im Pathos die wohlgesetzten Verse
445 2245 1336 2304 Er will den Freiherrn für diesen neuen Krieg
99 2246 438 2324 r, auch die un¬
2237 2282 3150 2331 Schnitzlers allzusehr. Eine Art philosophischer
439 2291 1340 2349 gewinnen. Doch darob ergreift den alten
1401 2280 2223 2366 Um wieder zu den Liebeshelden des
111 2309 431 2368 r des Freiherrn
2233 2322 3134 2366 Charge hatte Regisseur Heine sich selbst an¬
442 2327 1328 2382 Herrn Entsetzen. Er will lieber noch mit dem
1337 2344 2219 2409 Stückes zurückzukehren: Silvester Thorn kann
101 2351 430 2413 eines Problems
2224 2368 3142 2431 vertraut. Es ist der Sekretär des Freiherrn,
445 2370 1336 2421 feindlichen Gesandten, seinem Freund ver¬
1330 2394 2219 2455 es nicht ertragen, von Leonilden abgewiesen
113 2401 1335 2474 sich dieser ver= handeln, doch der junge, kriegslüsterne Soldat
2233 2412 3144 2473 ein verschrobener Kopf, den die englischen
1339 2435 2223 2485 zu sein. Er ertränkt sich im Teich. Den Frei¬
108 2429 1324 2516 ildig, weil er sie heißt solch ein Gespräch erniedrigend. Denn
2230 2450 3131 2515 Philosophen des Idealismus spiritualistische
1334 2468 2228 2538 herrn berührt der Tod des Freundes tief
109 2486 1332 2559 hn von Ehre“ zu bei aller Vorsicht würde immer die Angst vor
2225 2496 3148 2568 Zibeben ins Hirn gestreut haben. Diese hoch¬
1330 2518 2223 2582 schmerzlich, doch „mit getrosterem Sinn“ weiß
108 2530 1318 2603 Lebens bewahrt dem Feind herausklingen. Der Freiherr aber
2233 2544 3136 2600 gelahrten Herren des 17. Jahrhunderts aben
1324 2567 2220 2637 er ihn tot im kühlen Grund „als im Hochzeits¬
101 2569 427 2626 fahren der Liebe.
2226 2585 3139 2645 die Existenz der äußeren Dinge (außerhalb
434 2580 1025 2650 lächelt zu solchem Vorwurf.
1328 2605 1806 2668 bett mit seinem Kind“.
99 2610 445 2684 dem Munde des
2224 2621 3135 2690 der einzelnen geistigen Wesen) schlankweg ge¬
519 2640 1307 2702 „Armseliger, verruchter Sinn wäre es —
1417 2645 2228 2707 Die Tragik der Vereinigung von Alt
93 2646 437 2721 elei“ entströvet.)
2234 2666 3145 2720 leugnet. Heine machte seine Sache mit
439 2686 1318 2740 erwidert er — der nicht, auf die Gefahr hin,
1331 2680 1545 2745 und jung
1598 2688 2215 2773 sie wird hier (man sieht's) gar
132 2701 427 2765 antwort#t die
2229 2704 3134 2758 Humor.... In kleineren Rollen die Herren
440 2721 1328 2801 feig zu erscheinen, noch das Letzte wagte, ein
1342 2726 1714 2804 stark unterstrichen.
93 2743 432 2811 eich ihre, Nichte
2223 2747 3129 2830 Müller und Hufnagel durchaus verdienstlich.
439 2763 1190 2824 di hendes Verhängnis abzuwenden!“
100 2788 441 2857 durch unerbetenes
501 2804 1325 2870 Und als Konrad mit dem alten Argumen
1399 2801 2225 2892 Die Darstellung des Burgtheaters schöpfte
94 2841 432 2911 eihen. Er trage
437 2853 1321 2925 der Friedensverächter kommt, der Krieg sei
1325 2873 2219 2936 aus den Sprachschönheiten des Stückes, was
2300 2846 3137 2934 Vom herzlichen, warmen Dank, den das
435 2908 1314 2961 vorbestimmt, da ruft der alte Kanzler aus
1327 2914 2216 2968 ihr möglich war, um den Schatz mit offenen
2226 2908 3130 2976 Publikum dem Dichter bereitete, wurde schon
113 2909 431 3000 selber nicht be¬
442 2943 1323 2995 Jederzeit haben die Kriegsfreunoe vor
1328 2957 2227 3027 Händen den Hörern darzubieten. Aber in
2226 2954 3142 3021 erzählt. Neben ihm hätte aber auch L'rton
98 2974 431 3049 mehr als einem
442 2993 1321 3055 bestimmt genannt, was ihnen wahrscheinlich
1323 2995 2227 3069 diesem Hause ist es gar schwer, Verse zu
2235 3000 3131 3066 Wildgans erscheinen sollen. Denn er hat dieses
440 3025 938 3100 schien. V#r bestimmtheit!
1330 3041 2218 3095 sprechen. Wie glänzend Balser (Kanzler) und
2229 3043 3129 3092 tief schürfende Kunstwerk des Gedankens und
109 3043 437 3127 Vormund. Man
468 3056 1330 3136 Nicht einen Tag litte es ihn in einer
1338 3088 2226 3150 Hennings (Konrad) ihrer Aufgabe gerecht
2222 3086 3143 3157 der Sprache angenommen, obgleich die Kassa¬
95 3120 428 3176 hitzlersche Frauen
444 3119 1332 3179 Welt, die nichts von Schuld und doch von
1327 3132 2225 3193 wurden, haben wir schon im ersten kurzen
2230 3130 2707 3195 leute abwinken mochten.
114 3159 426 3230 chtzehnten Jahr¬
440 3167 2224 3225 Sühne wüßte, nichts vom Verdienst und doch Bericht erwähnt. Ebba Johannsen als Leonilda
2306 3155 3134 3244 Doch es wäre traurig, sollte heute auch der
425 3188 2219 3276 vom Lohn der Tat — keinen Tag litte es beredt in der stummen Sprache ihrer vor¬
2231 3208 3127 3295 Dichter der Dichtkunst Stimme nicht ver¬
434 3255 2419 3314 ihm in einer Welt, wo jedes Heut' sein nehmen Bewegungen. Ihrem Worte gebrach nehmen!
2663 3267 3102 3352 Julius Stern.
3216 3607 3265 3681 60
