3436 4256
1676 255 2137 358 box 34/2
319 256 1627 376 30. Der Gang zun Weiher
3004 998 3410 1081 Ungen... — 1. —
614 982 2888 1099 Schneiderin Siesante Eril, der 17jährige Juwenelichtr=9 ausübt, dieser Tage beim Haneltegelich. Ln 4u1 —..
620 1070 3411 1138 Fritz Gutmann, d 15jährige Praktikant Leo Smelianzki, der jährlich zu zahlenden Beträge geklagt, die im Jahre 1921 Karamasoff“, wird g#
613 1111 3421 1180 die Private Leopoldine Stumpvoll, die Kürschnergehiffin vertraglich festgelegt wurden und sich heute durch die Ent= vor geladenen Gästen
611 1156 3412 1228 Hermine Hutte, der Werkzeugmacher Johann Brunner, der wertung der Krone auf sage und schreibe 30 Groschen be=1. Bez., Eschenbachgas
2966 1212 3417 1288 neuen Films sprechen
615 1216 1986 1321 Mechaniker Adolf Suchanek, die Private Olga Wotich, die laufen.
3088 1254 3412 1322 (Verhaftung.) 2
1897 1230 3000 1316 Im Jahre 1921 kam zwischen Herrn Anton und Frau
1810 1282 3409 1375 Juliane Lerch, Wirtschaftsbesitzer in Erlaufboden, und aus Berlin, der von d
631 1336 1813 1414 freche Weibstum, das in diesem Mädchen rumort, unserem
2984 1346 3417 1416 wegen Unterschlagung
1811 1346 2990 1426 den Herren Ambros Zlamal und Richard Völker ein
620 1372 1806 1457 Herzen zu nähern. Und mit der Umarmung erregte sie be¬
2985 1401 3422 1467 hier in der Schleifmühl
1812 1393 2985 1473 Vertrag zustande, wonach das Ehepaar den genannten Herrer
618 1433 1814 1512 denkliches Lachen. Der schweren, wenig dankbaren Rolle der
2989 1446 3402 1516 an, bis Juli 1928 in
1808 1440 2986 1512 auf ihnen gehörigen Parzellen das Recht zum Gipsabbruch
2988 1496 3419 1572 zu haben, und behaup
623 1485 1813 1553 Schwester half Frau Wohlgemuth, indem sie dieser Schwester
1811 1490 2991 1565 einräumten. Als Gegenleistung verpflichteten sich die Herren
2991 1546 3400 1610 sondern nur das ihm
616 1538 1816 1629 die ganze Noblesse ihrer Seele nud die gelassene Güte ihrer
1823 1538 2985 1624 Zlamal und Völker für jeden Waggon Gips oder Gipsstein
2981 1594 3425 1669 Geld der Kasse entom
628 1586 1817 1663 Stimme lieh. Es war verzichtende Pflichterfüllung, was
1822 1583 2995 1670 per 10.000 Kilogramm 70 Kronen zu bezahlen wobei eine
3095 1644 3425 1713 (Verlust eines w#
624 1628 1817 1719 Frau Wohlgemut leistete. Aber selten ist ein Verzicht erfolg¬
1816 1633 3010 1723 Mindestabnahme von 300 Waggon innerhalb eines jeden
634 1683 1821 1769 reicher gewesen. An der Aufführung hatte der Direktor wohl
1823 1699 3418 1766 Jahres der Vertragsdauer vereinbart wurde. Sollte diese chen im Künstlerhaus
634 1732 1823 1814 den nächsten Anteil, was nicht vergessen sei! Er ist ein
1813 1738 3419 1811 Mindestabnahme nicht erreicht werden, so wäre für den Ent= Generalkonsul a. D. G
637 1777 1824 1862 Dichter und er sorgt dafür, daß neben dem Geschäft den
1826 1790 3428 1869 fall eines jeden Waggons ein Betrag von 10 Kronen zu Platinring mit fünfka
1822 1843 3421 1918 vergüten. Die Rechte des Gipsabbruches gingen direkt von einkaratigem Brillante
629 1849 1177 1931 Dichtern ihr Recht werde.
1809 1890 3197 1969 den Grundpächtern auf die Gipswerke Erlaufboden über, die kommen.
3107 1918 3426 2005 (Verhaftung ein
1824 1928 3009 2011 noch im Jahre 1921 mit der Auswertung begannen. Wäh¬
1755 1971 1831 2039 *
3004 1967 3417 2036 Stephanie Opravil
643 1923 1782 2059 260mal „Walzer aus Wien“
1822 1975 3001 2059 rend der letzten drei Jahre haben nun die Werke, die auf
3000 2018 3427 2068 Schultaschen, Geigen u
1815 2028 3004 2117 den betreffenden Pariellen Förderanlagen, Wohnbaracken
3000 2052 3433 2112 Kinder mit fingierten
713 2031 1761 2126 Ein seltenes Jub läum im Stadttheater.
1825 2078 3005 2159 und Fabriksstätten im Werte von ungefähr 1,000.000 Schilling
3002 2082 3426 2145 Wenn die Kleinen un
746 2098 1832 2181 Frisch und fröhlich, wie am ersten Tage, ging Samstag das
2990 2129 3424 2208 Diebin längst verschwur
1826 2135 2738 2228 errichteten, den Betrieb eingestellt.
2993 2166 3413 2255 gehen bereits vorbestraß
636 2163 1833 2225 Singspiel von Willner, Reichert und Marischka am
1973 2179 2982 2265 Sie sind aber nicht von dem Vertrage zurückge¬
3114 2208 3415 2277 (Vortrag Rudol
641 2203 1841 2306 Stadt heater zum 200. Mal in Szene. Das glänzende Werk der
1871 2235 2990 2312 treten, sondern bezahlen jährlich für 300 Waggons, die
2984 2227 3428 2318 Kulturbundes spricht
649 2262 1847 2341 drei Librettisten, die sich hier zur Ehre von Johann Strauß
2997 2288 3389 2354 im Vortragssaale,
1884 2285 2984 2363 sie vertragsmäßig fördern sollten, die aber zur Gänze bei
639 2305 1850 2386 Vater und Sohn zusammengefunden haben, fand zum 200. Mal
2992 2331 3381 2397 Kreutzer über „T
1882 2327 2985 2412 der Produktion fehlen, je 10 Kronen, das sind 3000
3121 2365 3420 2429 (Wissenschaftliche
645 2358 1848 2428 stürmischen Beifall. Dazu hat auch die ausgezeichnete Aufführung
1881 2391 2485 2478 Kronen, also — 30 Groschen.
3013 2391 3436 2465 um halb 7 Uhr aben
652 2405 1856 2486 beigetragen, in der Hubert Marischka glänzte, ein leuchtender
3017 2454 3440 2509 Glaise=Horstena
1926 2414 3012 2524 In der Zwischenzeit, nämlich im Vorjahre, haben Herr
642 2453 1849 2536 Stern am Strauß'schen Operettenhimmel. Hilde Schulz und
3004 2472 3441 2565 jetzigen Geschichtskennt
1844 2485 3007 2563 Anton und Frau Juliane Lerch die der Gesellschaft über¬
657 2507 1840 2579 Paula Brosig, Maja Rajic, Fritz Imhoff, Max Brod,
1836 2530 3023 2608 lassenen Parzellen schenkungsweise ihrem Sohne Hermann
652 2549 1846 2620 Viktor Flemming und Franz Schöber taten das Ihrige zum
3264 2542 3428 2634 Gern
1837 2592 3029 2661 übergeben, der die Gesellschaft wiederholt aufforderte, die
649 2604 1847 2692 glanzvollen Verlauf des Abends, der übrigens Gelegenheit zu
3011 2606 3435 2683 in Wäscheseide
1832 2628 3022 2719 Zahlung des Pachtschillings zeitgemäß aufzuwerten,
653 2656 1766 2744 einem erfreulichen Wiedersehen mit Mizzi Zwerenz gab.
3017 2669 3426 2736 Reinseiden=Radi
1840 2681 3022 2755 was aber abgelehnt wurde. Deshalb klagte er, vertreten
3016 2705 3450 2785 selben Preis erstehe
1837 2714 3030 2816 durch den Rechtsanwalt Dr. Ludwig Kornel, beim Handels¬
769 2720 1849 2821 (Theater in der Josefstadt.) Im Theater in der Josefstadt
1842 2776 3440 2854 gericht Wien und verlangt eine Aufwertung der Gegen Kunstseide ausgeben
661 2802 1846 2869 findet heute die 25. Aufführung von „Voruntersuchung“, Schau¬
1840 2810 3448 2907 leistung von 70 Kronen per Waggon auf 40 Schilling und breit, zu S 2.60, „R
663 2856 1849 2923 spiel von Alsberg und Hesse, in der vollständigen Premieren¬
1845 2862 3450 2957 dementsprechend für jeden zu der jährlichen Vertragsmenge 3.40; „Helvetia“
662 2906 1269 2983 krsetzung statt. Beginn 8 Uhr.
3017 2896 3451 2981 seiden=Crepede C
1846 2920 3031 3022 fehlenden Waggon 6 Schilling. Für die letzten drei Jahre er¬
779 2929 1855 3022 („Sarajevo 1914.“) Auf der unter Leitung von Erwin
3014 2962 3434 3031 timeter breit, zu S
1846 2972 3025 3056 gibt das jährlich 300 mal 6 Sch. = 1800 Sch., also für die
661 3002 1848 3083 #II stehenden Oesterreichischen Bühne hatte Sams¬
2996 3009 3452 3082 K.=Seiden=Crepe mon
1847 3035 2437 3119 dreijährige Dauer 5400 Sch.
691 3046 1857 3133 # nachmittag „Sarajevo 1914“ von St. Brandowski einen
1945 3040 3443 3138 Die Gegenpartei weist, vertreten durch Rechtsanwalt timeter breit, zu 8
672 3094 1858 3183 Gersationserfolg, der vor allem dem spannenden Stück, den Dar¬
1851 3115 3453 3196 Dr. Julius Brendel, jedes Aufwertungsbegehren ab, Crepe Georgette, sch
679 3146 1862 3231 ###rn, allen voran Thea Braun=Fernwald vom Deutschen
1835 3154 3267 3269 Am 12. Februar 1021, dem Tage des Vertragsabschlusses, zu S 5.60.
666 3198 1776 3302 Voltstheater, und der brillanten Regie Erwin Weills galt.
