3296 4320
1864 150 2386 240 ——
1456 222 1919 323 box 36/4
226 231 1306 334 Panphlets Offbrints
2266 937 2376 1028 27
1188 924 1898 1036 PAUL H. GRUMMANN
775 1042 2378 1121 Again and again Schnitzler utilized the observations which he had made
675 1112 2387 1156 as a physician in his works. His interest, however, is confined to the psychic
673 1165 2365 1239 phases of his characters. This is particularly evident in his novel, Dying'
683 1219 2384 1272 (°95), the record of the death of a young consumptive. The instinct to
675 1268 2382 1353 live is portrayed with rare skill. We follow the man from his optimistic
669 1343 2348 1402 hopes of ultimate recovery, to his feeling of being completely forsaken —
676 1386 2379 1440 forsaken by friends, parents, and finally by his sweetheart, who refuses
677 1435 2369 1498 to die with him, for she also is lured by that mysterious impulse toliveon.
773 1496 2376 1551 His first works gave evidence that Schnitzler was able to express him¬
691 1548 2379 1612 self artistically. Few German authors are to be compared with him in this
684 1624 2370 1679 respect. Conscious of his ability in this field, he devoted himself to the
676 1657 2385 1735 further perfecting of his remarkable style. Hostile critics concluded
684 1724 2378 1785 prematurely that he was therefore devoid of the higher creative faculty,
682 1782 2383 1853 a criticism that was silenced completely by his first great tirumph in the
676 1824 1715 1901 drama — the appearance of Flirtation' (°95).
783 1862 2382 1946 Hans Weiring, violinist in a Vienna theater, has been a widower for
674 1942 2377 2012 years. He has been a model brother, shielding his sister from the many
688 1988 2383 2060 temptations about her. She remains a spinster, and her life passes by with¬
675 2045 2378 2106 out real joy. At her death Weiring is confronted by the question whether
678 2099 2381 2177 he has after all rendered a great service to her. He is haunted by the
683 2170 2371 2225 memory of her quiet resignation, and feels that he is to blame for the utter
689 2225 2386 2272 lack of inspiration and joy in her existence. As a musician at the theater,
688 2271 2387 2335 he naturally comes to value the romantic sides of life, and therefore he
686 2324 2381 2392 decides that he will not stand over his daughter Christine with as firma
684 2372 2379 2445 hand as he had in the case of his sister. Christine, in her most impression¬
684 2442 2387 2502 able years, becomes acquainted with Mizi, who does not possess a vestige
685 2497 2390 2554 of virtue. Mizi throws a glamor over her love affairs, and introduces
682 2539 2376 2604 Christine to Fritz Lobheimer. Christine is told that this is only a temporary
686 2591 2389 2646 relation, but her innate purity makes her assume that it must be more.
676 2640 2383 2717 Lobheimer has an entanglement with a married woman, and he subordi¬
691 2714 2391 2773 nates Christine to this other interest. The husband whom he is betraying
686 2750 2380 2820 traps him and challenges him to a duel. On the night before this duel is
688 2811 2378 2870 fought, Fritz comes to Christine’s home and realizes from the atmosphere
685 2873 2386 2941 of the humble place that Christine is superior in every way. Nothing is
691 2941 2389 2992 said of the duel, and no farewell is taken. After his death Christine realizes
680 2974 2385 3033 what a trivial part she has played in his life and commits suicide. Her
689 3032 2384 3100 lapse is motivated not only by the absence of a mother and the beautiful
685 3087 2381 3141 but unsound lenience of her father — but also by the attitude of various
685 3151 2394 3215 characters of her environment who indirectly help in shaping her inner life.
783 3194 2378 3272 A summer resort in the vicinity of Vienna is the scene of the next play,
693 3248 2386 3326 Free Game’ (°96). The theatrical company is the center of interest in
