3392 4320
1880 168 2434 258 —
1476 233 1930 344 box 36/4
253 248 1326 364 Panphlets offorints
1205 1013 1865 1107 ARTHUR SCHNITZLER
682 1020 787 1109 40
682 1122 2371 1197 and henceforth refuses to take any interest whatsoever in him. She lives
677 1186 2382 1260 in retirement for years. After his family affairs have been adjusted, Egon
671 1248 2389 1315 proposes to Mizzi repeatedly, but she always refuses him. When his son
672 1298 2383 1361 is eighteen years old he adopts him and presents him to Count Arpad.
679 1369 2386 1423 On this occasion Mizzi is forced to see him and is finally reconciled with
687 1420 2379 1484 the idea of a marriage with Egon. On the same day Lolo, who has fallen in
679 1464 2386 1538 love with a dashing transfer man, takes it into her head to make a farewell
681 1535 2388 1588 visit to Count Arpad. It is a unique 'family reunion.' The various
675 1574 2379 1630 members of this family have been playing at the farce of correct conven¬
682 1630 2393 1716 tionality. For a moment they give vent to their natural feelings and see
683 1709 1858 1760 each other in something like their true relationship.
789 1739 2387 1802 The publication of Young Medardus' (’10) indicates that the poet is
690 1808 2380 1870 being attracted to subjects of a larger scope. The drama presents a picture
684 1865 2390 1921 of Vienna in the days of Napoleon. Franziska Klähr is the widow of a
688 1925 2390 1974 bookdealer, who has met an inglorious death as an oflicer in the Australian
694 1983 2387 2034 army. She has a son, Medardus, who likewise becomes an officer, and the
675 2024 2388 2088 mother hopes that he may bear arms with better results in the impending
686 2088 2384 2144 clash with Napoleon. Her daughter, Agathe, is in love with Francois,
693 2123 2385 2197 the son of the Duke of Valois, a blind old refugee in Vienna, who for years
695 2182 2387 2254 has fostered the empty hope of winning the French crown. Since the duke
695 2236 2393 2316 will not consent to a marriage, Mrs. Klähr does not allow Francois to come
685 2310 2402 2362 to her house, but the two young people meet secretly. On the evening
687 2366 2396 2428 when Medardus is to leave for the war, Francois appears with the news that
692 2397 2390 2476 his father’s consent has been promised. This is a false pretext to gain
688 2470 2384 2532 admission to the house. He has learned that the matter is hopeless and the
700 2522 2394 2583 two commit suicide together. At his sister’s grave Medardus sees Helene,
689 2579 2393 2639 the sister of Francois, and vows vengeance upon her family. Intending
696 2632 2398 2691 to publish her shame from the housetops, he wins her love, but this relation
699 2676 2391 2748 becomes a pitfall, since his emotions so dominate him that he forgets his
698 2745 2394 2807 vows of vengeance. After the fall of Vienna, Helene plans to murder Na¬
690 2786 2388 2869 poleon by coming to him as a mistress. Quite ignorant of her plan, Me¬
700 2855 2395 2918 dardus has also dreamed of murdering the oppressor of his country and thus
707 2904 2392 2970 wipe out the humiliation which he feels on account of his unmanly conduct.
689 2958 2396 3047 Just as he sees a chance of carrying out his plan, he secs Helene on her way
689 3020 2389 3080 to Napoleon and kills her. He is imprisoned, but Napoleon offers him his
688 3079 2390 3135 liberty because he looks upon him as a tool in the hands of divine Providence,
702 3118 2387 3188 blindly at work for his protection. Medardus insists upon telling the truth.
692 3174 2394 3233 He refuses clemency, and by insisting upon his execution, blots out theshame
700 3225 2411 3291 of the inglorious death of his father. This plot is an insignificant part of
697 3297 2402 3360 the two hundred and ninety pages of this remarkable book. Like Haupt¬
691 3352 2414 3425 mann’s Florian Geyer' it gives a comprehensive picture of the times in
