3344 4320
1912 156 2359 237 — —
1454 217 1916 322 box 36/4
315 245 420 306 am
131 236 1301 344 1.Panchlets Offorints
797 925 904 999 36
1318 915 1976 1019 ARTHUR SCHNITZLER
802 1023 2507 1095 absclute frankness. When their son is five years old a prince begins to pay
802 1112 2511 1170 attentions to Cecilia and Adams falls in love with a frivolous countess.
803 1168 2515 1225 They tell each other all the details and resolve to live on together as friends
806 1217 2518 1286 and colleagucs. Adams continues his flirtation for a short time, but is
813 1280 2505 1344 soon sobered. Cecilia goes to Berlin, where she is feted by the prince, and
812 1329 2502 1382 makes new conquests. When she returns from this engagement, Adams
813 1384 2512 1437 falls in love with her again and insists upon his rights. Heat once decides
809 1435 2505 1498 that he must fight a duel with the prince, but learns that Cecilia has tol¬
811 1507 2491 1561 erated the prince’s attentions for the sole purpose of winning back Adams.
805 1549 2491 1619 The events, however, have so disturbed Cacilia’s peace of mind that she
804 1604 2501 1655 cannot proceed to live with Adams until she has gained further clarity in
797 1653 2506 1707 regard to their whole relationship. She realizes that what they had taken
807 1714 2501 1779 for truthfulness has been alie. Had we at that time cried out our anger,
806 1765 2513 1816 bitterness, and despair, instead of acting composed and serene, we should
803 1824 2028 1875 have been truthful — Amadeus — and we were not.'
897 1887 2498 1946 As a physician Schnitzler had witnessed the tenacity with which per¬
803 1921 2495 1976 sons cling to mere life. In The Call of Life' (°06) this impulse is pre¬
806 1996 2509 2057 sented as the key to the actions of a number of characters. Moser, an
797 2037 2494 2093 officer, at the critical moment before the battle, thinks of the possibilities
808 2100 2502 2168 of the life whlich he is about to sacrifice. His cowardice unsettles the whole
805 2143 2502 2222 battalion and is responsible for its defeat. He is dismissed in disgrace and
806 2221 2494 2273 proceeds to seck his happiness. His wife and later his daughter are sub¬
801 2272 2500 2327 jected to cruelty and abuse. To this abuse the mother finally succumbs
804 2317 2488 2383 and the daughter assumes full responsibility for the invalid father. His
802 2368 2500 2428 selfishness makes him morbidly suspicious. He fears that the daughter
809 2427 2495 2493 will desert him and imposes the greatest hardships upon her. Schnitzler,
799 2474 2498 2534 the physician, is so thoroughly exasperated at his conduct that he leaves
805 2535 2488 2600 a rather strong sleeping potion for the old martinet. The love of life also
809 2597 2497 2656 asserts itself in Marie, the daughter. The devoted love of Schnitzier evokes
807 2639 2503 2713 no response in her, but she becomes infatuated with Max, an officer of her
807 2696 2491 2771 fathers old company. This company has decided to go to certain death
800 2753 2488 2810 on the next day in order to wipe out the disgrace of its former retreat.
800 2808 2488 2865 When Marie hears that Max expects her for a last farewell, she administers
803 2877 2498 2932 the sleeping potion to her father and hurries to the barracks. Here she
796 2916 2498 2981 conceals herself and thus learns more of Max’s affairs. Max has had a
798 2982 2498 3044 love affair with the wife of his major, and she comes to implore him to flee
794 3026 2492 3090 with her. While she is here the major enters and promptly kills her. He
795 3084 2492 3152 demands that Max should keep the affair secret until the following morning
798 3135 2488 3184 and stand for the deed if necessary. Marie comes from her hiding place
801 3187 2496 3253 and implores Max to flee with her. When he refuses to do this, she im¬
800 3241 2494 3309 plores him to die with her, but he kills himself at the side of the wife whom
3032 4108 3195 4169 #
