3392 4320
1839 197 2345 265 —.—
1459 255 1906 347 box 36/4
220 268 1299 377 Pasphlets, offorints
1289 986 1965 1082 ARTHUR SCHNITZLER
770 1004 895 1078 28
774 1091 2486 1167 this rather insignificant place. Anna Riedel, an orphan, has joined this
787 1172 2494 1236 company in order to make a place for herself as an actress. Her talent
777 1215 2490 1282 and general intelligence command respect, but she has not reckoned with
788 1276 2489 1339 her environment. No one in the company expects her to maintain her
794 1327 2494 1403 self-respect. The manager regrets that she has not become the object
781 1392 2485 1450 of attentions from a number of the lascivious patrons of the place, for the
782 1432 2488 1486 actresses that maintain such relations are profitable to him. Some of her
792 1498 2494 1572 associates feel a certain contempt for her, others are angered at her supposed
787 1542 2495 1623 superciliousness. She wins the respect of Paul Rönning, a wealthy young
791 1616 2488 1677 man who has just recovered from a serious illness. Paul understands her
785 1669 2497 1723 desperate situation, and tries to shield her. He has even offered her
792 1708 2491 1783 financial assistance, but she has had the good sense to refuse it. Among
788 1764 2488 1842 the guests is Lieutenant Karinski, a rake of the worst type. He is hope¬
789 1840 2490 1905 lessly involved in gambling debts and love affairs. Without provocation,
788 1892 2494 1941 he has struck down a civilian and expects to be expelled from the service.
796 1930 2483 2004 This man brags publicly that he can get Anna’s acceptance to an after¬
794 1986 2496 2053 theater lunch. He goes to her room and is not admitted. When his
788 2052 2491 2112 failure is disclosed to the company, Paul cannot suppress a faint smile,
794 2093 2493 2159 at which Karniski becomes incensed. Although Paul makes every possible
789 2146 2497 2213 attempt to evade him, Karniski continues to grill him and besmirches
793 2216 2498 2277 Anna’s character until Paul strikes him. The plain justice of Paul’s action
799 2257 2497 2331 is admitted by every one present, including Karniski’s closest friends.
788 2323 2494 2386 The military traditions of course call for a duel, but to the amazement of
791 2368 2489 2456 Karniski's scconds, Paul flatly refuses to fight. After his illness he is in¬
797 2429 2502 2499 toxicated with the joy of being alive. He looks upon his act merely as a
795 2476 2495 2572 just punishment for Karniski, but even his own seconds and his dearest
789 2528 2495 2608 friends disagree with him. Every man of standing withdraws his hand
796 2609 2478 2663 from him because he undertakes to violate such a sacred institution. Karn.
792 2641 2506 2719 iski, according to the code, loses his honor and decides to avenge himself
799 2699 2495 2792 upon Paul. Anna hears of the difficulty and hurries to Paul in order to
799 2758 2509 2826 rescue him. Although she does not love him, she offers to go away with
792 2809 2509 2887 him. Paul is warned, but resolutely refuses to flee and is killed by Karniski.
907 2877 2498 2952 This satire is so convincing because the author has depicted the power
803 2914 2507 2992 of an old institution over various types of ##n. Poldi Grehlinger, the
791 2967 2500 3055 hidebound dandy of Vienna sporting circles, looks upon the code as the law
807 3032 2504 3103 and the prophets. Even Dr. Wellner, a man of scientific training and
800 3089 2519 3170 liberal in most matters, feels that social forms must give every man an
812 3160 1595 3239 opportunity to protect his honor.
904 3197 2503 3279 At this period (°96—97) ten dialogues were written which were subse¬
798 3245 2514 3319 quently published under the title of Roundels.' At a first glance the reader
801 3320 2522 3397 wonders whether the author was ambitious to vie with Boccaccio, Rousseau,
2983 1262 3094 1361 1
3015 1348 3068 1401 1900
