3392 4192
535 156 818 239 bisode
958 155 1356 262 box 7/7
218 155 837 274 4.4. Epigese
1933 1334 2385 1424 .  —
686 1355 896 1450 S
425 1436 3330 1517 Das andere steht auf einem Paket der Liebesbriefe, die Anatol hätte schreiben können. Es war eine freundliche Persiflage! König Dagobert: „Cest 1
416 1467 1621 1561 erhalten hat: „Eines haben alle Frauen gemeinsam: sie
1608 1498 2799 1559 der sehr individuellen Art dieses Kritikers, der gern kurze
2785 1495 3287 1574 sa cmlotte à l’envers.“
424 1537 1608 1605 werden impertinent,enn man sie auf einer Lüge ertappt.“
1607 1549 2791 1610 Sätze gebraucht, der manchmal von seinen Liebesgeschichten
2789 1553 3323 1629 Jahrhunderten von dem
514 1605 1616 1667 Christian Morgenstern hat für das „Ueberbrett!“ eine
1623 1598 2792 1653 erzählt und der, wenn er gerade in Stimmung ist, auch
2780 1601 3315 1673 ist, daß er seine Hosen v
424 1630 1615 1712 geistreiche d'Annunzio=Parodie geschrieben. Das einactige
1620 1643 2786 1717 wol eine Rhapsodie über das zu beyandelnde Thema schreibt
2784 1649 3341 1724 Ragnar Lodbrog trägt sie
427 1685 1621 1745 Drama heißt „II Pranzo“ (Das Mal). Allein ehe das
1623 1688 2796 1755 statt einer Kritik. Einige Collegen des Herrn Alfred Kerr
2790 1708 3329 1770 einen Drachen damit, inde
429 1740 1613 1800 Drama beginnt, werden die Regievorschriften verlesen, die
1614 1740 2798 1794 in der Berliner Tagespresse lassen eine nicht blos literarische
2858 1745 3328 1820 Die Pantomime „Pie
431 1777 1625 1842 bei d'Annunzio bekanntlich einen beinahe ebenso großen Raum
1613 1782 2793 1858 Befriedigung über diese Parodie merken. Die lieben Seelen
2781 1793 3337 1863 von Schanzer wird von
427 1832 1621 1877 ausfüllen als das Stück selbst. Die Seene stellt ein Speise¬
1612 1836 2792 1914 freuen sich zu Unrecht. Denn unter Umständen wird gerade
2788 1838 3341 1919 Herren Spontelli und R#
420 1875 1611 1948 zimmer dar, aber man kann sich denken, daß d'Annunzio
1613 1878 2797 1937 dadurch, daß man sich über Jemanden lustig macht, be¬
2775 1890 3339 1957 die Musik von Oskar Str
427 1930 1611 1994 die Personen seiner Dichtung nicht in einem gewöhnlichen
1620 1926 2779 1983 wiesen, wie ernst man ihn nimmt; und gerade wer die
2778 1939 3324 2007 vor Allem ein dämonische
426 1979 1617 2045 Speisezimmer ihr Mal einnehmen läßt. Das Wichtigste ist
1617 1958 2779 2064 stärksten persönlichen Züge hat, eignet sich am Besten zur
2787 1972 3329 2048 gespielt wird). Die Panton
1618 2018 1859 2095 Caricatur.
424 2011 1611 2087 eine Feusteröffnung, durch welche es blau schimmert. Die
2793 2036 3339 2098 was man von ihr erwarte
426 2070 1620 2123 Zuschauer werden ersucht, ihre Seelen auf Blau zu stimmen.
1693 2055 2780 2146 Das Tanzduett „Der lustige Ehemann“ gedichtet von
2775 2079 3328 2149 bine ihn mit Harlekin bet
429 2107 1609 2185 Während der Handlung wird das Blau allmälig in Roth
1602 2107 2797 2209 O. J. Bierbaum, componirt von Oskar Strauß, getanzt
2787 2120 3326 2196 anscheinend todt nach Hau
422 2170 1610 2231 übergehen, und die Zuschauer werden aufgefordert, darauf
1609 2172 2785 2228 und gesungen von Herrn Koppel und Fräulein Bozena
2778 2174 3327 2242 noch einmal auf, erdrosselt
422 2194 1617 2285 zu achten, wie dieses Roth gleich anders auf ihre Stimmung
1610 2215 2783 2278 Bradsky, ist eine der Glanznummern des „Ueberbrettl“. Text,
2783 2225 3307 2295 dem er selbst sein Leben
417 2240 1611 2313 wirken wird. Degaa, Rosetta, Olio und Melissa erscheinen
1601 2272 2782 2333 Musik, Darstellung Costüm vereinigen sich hier zu voller
2780 2272 3297 2335 dadurch auch Colombine,
418 2313 1609 2367 mit ästhetisch veredelten Bewegungen und Geberden, um das
1610 2314 2787 2379 Harmonie. Der Dichter mit seinem zierlichen und etwas
2771 2320 3208 2382 Harlekin statt des P
427 2351 1604 2420 Mal (il pranzo) zu nehmen. Rosetta namentlich ist eine
1613 2360 2797 2422 altfränkischen Ringel=Reigen=Sang, der Componist mit seiner
2782 2359 3183 2423 blutrünstiger Colpor
427 2398 1604 2462 Tante ganz nach dem Herzen von d'Annunzio — eine
1612 2411 2789 2479 einfachen und lieblichen Tanzmelodie haben in glücklicher
2772 2408 3132 2482 Pantomimen Pie
434 2440 1607 2505 Tante nämlich, welche von den Rosen herkommt.
1599 2448 2793 2531 Weise den Volkston getroffen. Das Lied läßt Einen nicht
2780 2463 3101 2528 nicht, daß es g
433 2465 1603 2553 Alle sind übrigens Geschöpfe von der höchsten Ver¬
1600 2496 2791 2566 mehr los. Alle „Ueberbrettl“=Besucher stehen unter seinem
2772 2502 3103 2572 um eine Panto
418 2520 1601 2599 feinerung, die nur vom Schönen und im Schönen leben.
1606 2547 2782 2621 Banne und müssen, ob sie wollen oder nicht, seit Tagen
2773 2549 3129 2622 begriffen von Pi
427 2574 1611 2647 Und diese Geschöpfe lassen sich jene äußerste aller Stim¬
1595 2581 2065 2671 singen oder summen:
2792 2602 3165 2681 Er möge bei dem
430 2633 1621 2680 mungswidrigkeiten zu Schulden kommen, daß sie sich zum
2778 2637 3273 2723 gehen, dem Zeichner, de
1900 2637 2363 2733 Ringelringel=Rosenkranz,
422 2669 1620 2758 Essen niedersetzen? Fürchter nichts! Sie setzen sich wol
1900 2693 2423 2757 Ich tanz' mit meiner Frau,
2782 2697 3324 2762 Montmartre ist. Auch so
425 2714 1609 2787 nieder, doch sie essen nicht. Gerade als Beppo, der Diener,
1889 2725 2502 2822 Wir tanzen um den Rosenbusch.
2783 2750 3339 2804 genug über Pierrot lernen
423 2760 1621 2832 die Suppe bringt, zieht Olio ein Exemplar vom „Gastmal
1895 2772 2287 2838 Klingklanggloribusch,
2772 2786 3328 2860 die Lieblingsfigur wol des
1899 2822 2452 2882 Ich dreh' mich wie ein Pfau.
428 2819 1623 2879 des Trimalchio“ des Petronius Arbiter hervor und macht
2773 2836 3304 2913 Volk, das behauptet, nicht
423 2866 1621 2938 sich daran, die zu der seelischen Verfassung des Augenblicks
1696 2860 2783 2951 Mit seinem Schattenspiel bleibt das „Ueberbrettl“ noch
2769 2887 3318 2958 ihr seine eigene Sentiment
431 2920 1611 2980 passenden Stellen zu recitiren. Das Essen bleibt unberührt.
1600 2910 2774 2995 himmelweit hinter dem „ChatNoir zurück. Die Schatten
2773 2931 3319 2999 sentimental) und macht sich
433 2960 1602 3018 Aber das Drama endet traurig. Da die Aesthetik der
1594 2966 2777 3041 zwar, die Ludwig Stutz zu Detlev v. Liliencron's Ballade
2767 2974 3305 3055 liebt in ihm seine Liebe.
420 3007 1612 3087 körperlichen Nährstoffe vollständig bar ist, sinken Degno,
1605 3014 2772 3092 „König Ragnar Lodbrog“ gezeichnet hat, sind recht lustig.
2779 3023 3285 3096 wie dieser, unglücklich,
432 3039 1608 3138 Olio, Melissa und Rosetta, die Tante, welche von den Rosen
1606 3067 2786 3128 Aber die Ballade ist es nicht, so gern sie es sein möchte.
2769 3075 3329 3145 und weiß, weiß im Gesich
418 3095 1286 3172 herkommt, schließlich verhungert zu Boden.
1605 3114 2781 3161 König Ragnar Lodbrog wird in Versen gefeiert von wegen
2765 3114 3329 3204 so viel geliebt und daru
515 3133 1606 3222 Dem Drama folgte unmittelbar die Kritik. Herr
1597 3159 2770 3221 seiner Hosen. Daß Hosen einen König unsterblich machen
2770 3165 3107 3248 Pauv’ Pierrot!
423 3197 2802 3296 v. Wolzogen verlas eine Besprechung, die Alfred Kerr — können. beweist das französische Volkslied vom alten!
