3436 4192
581 78 846 154 isode
979 76 1371 180 box 7/7
246 81 844 187 4. 4. EPz228
537 1110 1041 1234 G
438 1231 1015 1318 Beil. z. Boh. Nr. 57.
1747 1250 1963 1313 Seite 3.
1942 1258 2026 1352 —
397 1358 2310 1414 nata von Vieuxtemps mit Orchesterbegleitung, mit und, wie wir hoffen, dauernden Erfolg. Er hat, wie
401 1399 2300 1461 welchem Werke er sich auch überall den größten Bei= bereits im Vorjahr einmal, vier Einacter tragischen
1361 1447 2306 1505 und grotesken Stils zu einem bunten Ganzen ver¬
403 1443 1357 1506 fall ergeigte, zu Gehör bringen, weiters zwei kleine
1358 1487 2303 1539 bunden. Man gab zuerst, als lever le rideau, die
397 1485 1356 1558 Stücke von Saint=Saëns und Tschaikovsky. In der
1367 1535 2304 1598 „Episode“ von Arthurk Schnitzler. Es sind bereits zwölf
404 1538 1363 1607 Musikalienhandlung H. Weiner (Obstgasse 4) sind
1359 1585 2307 1653 Jahre vergangen, seitdem die entzückenden „Anatol“.
399 1582 1370 1654 schon jetzt Sitzplätze (Sesselreihe vor dem 1. Parquet)
1364 1625 2305 1694 Dialoge in der Zeitschrift „Die schöne blaue Donau“
396 1638 1367 1686 zu 10 Kr. und Saalstehplätze zu 2 Kr., die heuer nur
1372 1679 2305 1745 Am ersten Male erschienen. Dennoch haben sie nichts
391 1685 1362 1735 in beschränkter Anzahl zur Ausgabe gelangen, ferner
1363 1727 2308 1799 In ihrer Gracie und Frische, von ihrer Innigkeit
401 1730 1360 1793 Tribünen=Stehplätze zu Kr. 1.20 erhältlich. Nach Ab¬
1358 1780 2307 1849 nd dem leise melancholischen Duft, der über einer
403 1782 1362 1850 schluß der Subscription gelangen daselbst auch die
1372 1829 2305 1887 eden dieser Studien liegt, verloren. Im Gegentheil!
395 1825 1026 1898 übrigen Karten zum Vorverkauf.
1371 1880 2295 1941 WSie haben sdie volle Kraft einer aus dem Wiener
504 1871 1356 1939 * Wilhelm Elsner gastirt zur Zeit im Frank¬
1356 1920 2310 1992 eben, wie es noch immer täglich reizvoll um uns
408 1915 1356 1981 furter Overnhause auf Engagement. Uiber sein Auf¬
406 1962 2310 2029 treten als „Faust“ lesen wir in der „Frankfurter Eplandert und lacht, gewonnenen Stimmung und dabei
404 2021 2305 2086 Zeitung": „Hr. Elsner . .. erfreute auch hier durch Kdennoch bereits den Reiz des ein wenig Entfernten.
400 2065 2306 2123 Kraft und heldischen Glanz der Stimme, Deutlichkeit  Die Generation von heute ist um Vieles ernster und
394 2110 2305 2162 der Aussprache und vornehmes, beseeltes Spiel. Auch  nachdenklicher als die junge Wiener Lebewelt von vor
1360 2164 2300 2212 zwölf Jahren, deren Ton Schnitzler mit solcher Echt¬
397 2155 1352 2219 der Mangel des Gesanges, jenes schluchzende Absetzen
1363 2190 2303 2254 heit trifft. Darum genießt man heute die „Anatol“=
392 2209 1356 2277 des Tons bei hohen und gehaltenen Noten, hin und
1371 2251 2300 2306 Einacter mit besonderem, feinschmeckerischen Behagen.
405 2250 1359 2316 wieder auch etwas gaumiger Ansatz ward gelegentlich
1370 2298 2296 2352 Wie kunstvoll facettirt erscheinen jetzt diese kleinen,
402 2303 1354 2369 wahrnehmbar, doch überwog entschieden der günstige
1365 2346 2305 2407 scheinbar mit spielerischer Leichtigkeit hingeworfenen
404 2356 1363 2414 Eindruck, und jener besonders im dritten Acte ....
1360 2391 2305 2459 Scenen! „Weihnachteneinkäufe“ und „Episode“ sind
399 2397 1358 2448 Gerade hier glückte es dem Gast, dessen Aufnahme
1374 2448 2307 2500 unter diesen zarten Dichtungen die allerzartesten. Ein
399 2445 1363 2502 beim Publicum anfänglich nicht allzuwarm war, sich
1358 2498 2303 2550 junger Mann hat unter vielen anderen lieben Er¬
402 2499 1356 2556 vollen Applaus zu sichern. Die verschiedenen Kräfte
1359 2535 2297 2597 innerungen auch die einer besonders glücklichen Stunde.
410 2543 1351 2595 in Hrn. Elsners Talent haben die glückliche Eigen¬
1364 2583 2309 2650 Ihm war das Abenteuer nur eine „Episode“, nicht
403 2589 1356 2648 schaft, leicht für einander einzutreten, was auf sehr
1371 2636 2297 2695 die erste und noch lange nicht die letzte, dem „süßen
398 2627 1357 2691 entwickelten künstlerischen Instinct schließen läßt. Da,
1366 2676 2306 2740 Mädel“, denkt er, ist es ein Schicksal gewesen. So
399 2682 1358 2746 wo die vollkommen musikalische Ausführung auf
1367 2723 2300 2787 erzählt Anatol seinem Freunde Max. Nun kommt
412 2735 1360 2787 Schwierigkeiten zu stoßen droht, setzt die Wärme des
1362 2768 2305 2835 das hübsche Fräulein Bianca selbst in die Scene
407 2778 1355 2831 Vortrags, das sinnige und schöne Spiel doppelt in¬
1369 2826 2307 2882 hereingeschneit. Da stellt es sich nun rasch heraus,
405 2824 1359 2894 terefsant ein und hilft dem Hörer über einen etwaigen
1369 2868 2311 2925 daß sie Anatol kaum mehr kennt, daß er für sie noch
414 2876 1035 2939 kritischen Moment leicht hinweg.“
1364 2917 2306 2985 weit weniger als eine Episode bedeutet hat. Dieses
699 2923 1099 2991 Wiener Theater.
1369 2953 2309 3016 Nichts einer Handlung — eigentlich nur eine fein¬
908 2953 1330 3033 Wien, 23. Februar.
1369 3005 2314 3069 ironische Wendung — ist gleichwohl von verblüffender
486 3018 1353 3088 Nach manchem weniger geglückten Versuch, im
1366 3065 2308 3120 theatralischer Wirksamkeit. Man sieht: Auch das nur
420 3060 1353 3129 „Theater in der Josefstadt“, bisher aus¬
1375 3111 2318 3165 innerliche Geschehen vermag bei solcher künstlerischer
420 3108 1360 3176 schließlich der Stätte französischer Schwankgarnituren,
1366 3147 2320 3212 Durcharbeitung des Details den anfaugs widerstre¬
414 3160 1354 3230 unsere junge ernste Literatur an „literarischen Abenden“
1373 3197 2313 3272 benden Zuhörer zu fesseln. Allerdings, es bleibt immer
407 3203 1364 3268 vorzuführen, erzielte Director Jarno, der kluge
1373 3248 2304 3302 ein artistisches Experiment, das Jarno mit der ersten
420 3256 1358 3310 und temperamentvolle Leiter dieser Bühne, jetzt mit
1361 3295 2318 3352 Aufführung der „Episode“ auf einer deutschen Bühne
418 3305 1370 3364 seinem jüngsten literarischen Experiment einen großen
966 3600 1123 3686 — 12 —
2690 1231 3224 1298 26. Februar 1901.
2311 1339 3263 1414 nur deshalb unternehmen konnte, weil die glanzvoll
2319 1399 3262 1454 Regie und Darstellung, voran Herr Jarno selbst
2306 1443 3260 1503 keine Pointe des Stückes, das nur aus Pointen be¬
2312 1484 3259 1536 steht, fallen ließ und das kleine, intime Haus für
2317 1535 3257 1592 dieses finnirend=heitere Genre besonders geeignet er
2309 1583 3244 1640 scheint. — Der „Episode“ folgte der Act „Zu Hause“
2310 1623 3267 1689 von Georg Hirschfeld, den das Prager Publicum,
2312 1672 3256 1738 irre ich nicht, bereits vor dem Wiener aus einem Gast¬
2321 1722 3264 1796 spiel Berliner Gäste im „Sommertheater“ k##te
2314 1749 3278 1834 Auch zu uns ist dieses kräftige Werk erst auf dem
2322 1818 3267 1874 Umwege über Berlin durch Herrn Jarno gekommen.
2320 1865 3274 1932 Man ist erstaunt, daß sich für dieses erfolgsichere Stück
2313 1908 3274 1982 bisher noch kein Wiener Director fand. Es enthält
2323 1959 3263 2013 alle Vorzüge des Hirschfeld'schen Talentes und nur
2309 2007 3266 2072 wenige seiner Schwächen. Es rollt den für das letzte
2318 2056 3266 2110 Jahrzehut bezeichnenden Kampf zwischen den Rechten
2315 2111 3272 2165 des Einzelnen und den entgegengesetzten der Familie
2307 2148 3268 2216 noch einmal in großen Zügen auf und löst den Con¬
2309 2183 3263 2261 flict energisch zu Gunsten der starken Persönlichkeit.
2311 2246 3265 2309 Die späreren Arbeiten Hirschfelds sind bereits alle in
2315 2303 3279 2351 diesem Jugend=Dramolet dem Tbema und der Gestal¬
2312 2337 3268 2403 tung nach angedeutet. Die Familie zerfällt wieder,
2309 2387 3279 2456 wie in den „Müttern“ und „Agnes Jordan“ in zwei
2312 2430 3273 2497 scharf von einander gesonderte Theile, die ganz ver¬
2312 2468 3276 2548 sumpfte und die aus der grauen Umgebung sehnsüchtig
2318 2534 3277 2607 hinausstrebende Gruppe. Der gedrückte Vater, eine
2326 2578 3269 2634 Figur, die nur ein Dichter von tiefer, mitleidiger
2311 2631 3275 2688 Lebenskenntniß schaffen konnte, die harte Mutter, das
2319 2673 3266 2734 durch Verwabrlosung krank gewordene Kind — lauter
2314 2716 3275 2770 Bekannte aus der Hirschfeld'schen Welt. Sogar die
2315 2769 3279 2834 Namen, Ludwig, Artbur, sind die nömlichen. Und wie
2317 2821 3264 2886 die späteren Werke, so hat auch dieser Erstling, von
2314 2855 3266 2920 Jarno und Frl. Fedmer glänzend gespielt, in Wien
2318 2906 3272 2986 tief ergriffen. Den beiden literarischen Gaben folgten
2313 2953 3253 3019 das musikalische Märchen, „Das Streichholzmädel“
2313 3018 3267 3068 von August Enna, das in Prag ja bekannt ist, und
2314 3056 3278 3118 schließlich „Der Commissär“, eine kecke Scene von
2321 3095 3273 3155 Courtelin, in der Art der Skizzen des Gil Blas,
2319 3134 3265 3198 deren Meister Pierre Veber heißt. Ein pedantischer,
2326 3197 3264 3261 von Maran ergötzlich karikirter Polizeicommissär
2328 3241 3275 3304 wird durch einen lustigen Vagabunden genasführt.
2321 3286 3261 3351 Also wieder eine „Episode“, zum Schluß wie zu Be¬
