<?xml version="1.0" encoding="UTF-8" standalone="yes"?>
<PcGts xmlns="http://schema.primaresearch.org/PAGE/gts/pagecontent/2013-07-15" xmlns:xsi="http://www.w3.org/2001/XMLSchema-instance" xsi:schemaLocation="http://schema.primaresearch.org/PAGE/gts/pagecontent/2013-07-15 http://schema.primaresearch.org/PAGE/gts/pagecontent/2013-07-15/pagecontent.xsd">
    <Metadata>
        <Creator>prov=University of Rostock/Institute of Mathematics/CITlab/Gundram Leifert/gundram.leifert@uni-rostock.de:name=ONB_Newseye_GT_M1+(htr_id=10810)::::v=2.4.2
prov=University of Rostock/Institute of Mathematics/CITlab/Tobias Gruening/tobias.gruening@uni-rostock.de:name=de.uros.citlab.module.baseline2polygon.B2PSeamMultiOriented:v=2.4.2
prov=University of Rostock/Institute of Mathematics/CITlab/Tobias Gruening/tobias.gruening@uni-rostock.de:name=/mnt/transkribus/LA/DEA/URO/LA_news_onb_att.pb:de.uros.citlab.segmentation.CITlab_LA_ML:v=2.4.2
Transkribus</Creator>
        <Created>2019-10-07T11:54:42.734+02:00</Created>
        <LastChange>2019-10-08T15:07:15.234+02:00</LastChange>
        <TranskribusMetadata docId="223998" pageId="9504519" pageNr="7" tsid="16594688" status="IN_PROGRESS" userId="40391" imgUrl="https://files.transkribus.eu/Get?id=XORKNFBGHTRXNIGRBDXLNKPB&amp;fileType=view" xmlUrl="https://files.transkribus.eu/Get?id=YFWTTYTQWBNATSKFAFMZNYLA" imageId="6194733"/>
    </Metadata>
    <Page imageFilename="223998_0007.jpeg" imageWidth="3436" imageHeight="4192">
        <ReadingOrder>
            <OrderedGroup id="ro_1711444640809" caption="Regions reading order">
                <RegionRefIndexed index="0" regionRef="r1"/>
                <RegionRefIndexed index="1" regionRef="r2"/>
            </OrderedGroup>
        </ReadingOrder>
        <TextRegion orientation="0.0" id="r1" custom="readingOrder {index:0;}">
            <Coords points="174,162 174,3230 1778,3230 1778,162"/>
            <TextLine id="r1l1" custom="readingOrder {index:0;}">
                <Coords points="583,192 622,200 790,194 789,131 761,123 738,143 681,156 641,146 615,127 604,135 582,135"/>
                <Baseline points="593,192 619,189 646,188 672,188 699,188 725,188 752,188 779,188"/>
                <TextEquiv>
                    <Unicode>1sod</Unicode>
                </TextEquiv>
            </TextLine>
            <TextLine id="r1l2" custom="readingOrder {index:1;}">
                <Coords points="244,203 702,231 1348,207 1369,118 1174,151 1049,118 965,174 810,148 746,190 607,189 510,130 244,140"/>
                <Baseline points="255,182 310,189 365,195 420,200 476,203 531,206 586,207 641,208 697,208 752,207 807,206 862,205 918,202 973,201 1028,198 1083,196 1139,194 1194,191 1249,189 1304,187 1360,186"/>
                <TextEquiv>
                    <Unicode>4.4. Epr##e box 7/7</Unicode>
                </TextEquiv>
            </TextLine>
            <TextLine id="r1l3" custom="readingOrder {index:2;}">
                <Coords points="190,1411 1725,1434 1754,1379 191,1358"/>
                <Baseline points="200,1400 277,1401 354,1403 431,1404 508,1405 586,1406 663,1407 740,1408 817,1408 894,1409 972,1410 1049,1410 1126,1411 1203,1412 1280,1412 1358,1413 1435,1414 1512,1415 1589,1416 1666,1418 1744,1419"/>
                <TextEquiv>
                    <Unicode>: „C’est parfait! blumenreiche Beredtsamkeit von Rodolphe Salis. Herr</Unicode>
                </TextEquiv>
            </TextLine>
            <TextLine id="r1l4" custom="readingOrder {index:3;}">
                <Coords points="175,1455 271,1461 295,1449 437,1468 487,1449 546,1461 574,1453 574,1420 519,1413 397,1420 338,1405 310,1426 243,1403 176,1411"/>
                <Baseline points="184,1445 209,1446 234,1446 260,1447 285,1448 310,1449 336,1449 361,1450 386,1451 412,1451 437,1452 462,1452 488,1452 513,1453 538,1452 564,1452"/>
                <TextEquiv>
                    <Unicode>er die Stanzen an</Unicode>
                </TextEquiv>
            </TextLine>
            <TextLine id="r1l5" custom="readingOrder {index:4;}">
                <Coords points="577,1472 1741,1491 1741,1422 577,1414"/>
                <Baseline points="587,1459 644,1459 701,1459 758,1459 815,1459 873,1459 930,1459 987,1460 1044,1460 1101,1460 1159,1460 1216,1460 1273,1461 1330,1461 1387,1461 1445,1462 1502,1463 1559,1463 1616,1464 1673,1464 1731,1466"/>
                <TextEquiv>
                    <Unicode>v. Wolzogen ist auch kein abgekrachter Maler, kein „rapiu“,</Unicode>
                </TextEquiv>
            </TextLine>
            <TextLine id="r1l6" custom="readingOrder {index:5;}">
                <Coords points="181,1504 520,1509 579,1485 579,1462 487,1450 433,1469 358,1453 301,1453 285,1467 250,1455 181,1465"/>
                <Baseline points="191,1493 216,1495 241,1496 266,1497 291,1497 317,1498 342,1498 367,1498 392,1498 417,1498 443,1498 468,1497 493,1497 518,1496 543,1496 569,1495"/>
                <TextEquiv>
                    <Unicode>es sens inapaisés!“</Unicode>
                </TextEquiv>
            </TextLine>
            <TextLine id="r1l7" custom="readingOrder {index:6;}">
                <Coords points="584,1515 1751,1520 1751,1489 1648,1465 584,1458"/>
                <Baseline points="595,1508 652,1507 709,1507 766,1507 824,1506 881,1506 938,1505 996,1505 1053,1505 1110,1505 1168,1504 1225,1504 1282,1505 1339,1505 1397,1505 1454,1506 1511,1507 1569,1508 1626,1510 1683,1511 1741,1513"/>
                <TextEquiv>
                    <Unicode>sondern kommt aus der guten Gesellschaft auf das „Ueber¬</Unicode>
                </TextEquiv>
            </TextLine>
            <TextLine id="r1l8" custom="readingOrder {index:7;}">
                <Coords points="193,1553 280,1545 329,1568 389,1548 473,1564 515,1550 556,1556 576,1552 576,1501 440,1513 333,1501 284,1511 266,1499 193,1509"/>
                <Baseline points="204,1544 229,1546 255,1547 281,1548 307,1549 333,1549 359,1549 385,1549 410,1548 436,1547 462,1547 488,1546 514,1546 540,1546 566,1547"/>
                <TextEquiv>
                    <Unicode>der Bühne seine</Unicode>
                </TextEquiv>
            </TextLine>
            <TextLine id="r1l9" custom="readingOrder {index:8;}">
                <Coords points="573,1554 1753,1568 1731,1512 573,1515"/>
                <Baseline points="583,1550 641,1551 699,1551 757,1552 815,1552 873,1553 931,1553 989,1553 1047,1554 1105,1554 1163,1554 1221,1554 1279,1554 1337,1555 1395,1555 1453,1555 1511,1555 1569,1556 1627,1556 1685,1556 1743,1557"/>
                <TextEquiv>
                    <Unicode>brettl“, um die gute Gesellschaft zu unterhalten. Er macht</Unicode>
                </TextEquiv>
            </TextLine>
            <TextLine id="r1l10" custom="readingOrder {index:9;}">
                <Coords points="176,1603 230,1597 261,1609 326,1593 356,1609 389,1595 559,1601 571,1599 571,1552 453,1560 362,1550 330,1567 287,1548 176,1559"/>
                <Baseline points="187,1592 212,1591 237,1591 262,1591 287,1591 312,1591 337,1591 362,1590 387,1590 412,1590 437,1590 462,1591 487,1591 512,1591 537,1592 562,1593"/>
                <TextEquiv>
                    <Unicode>erichtet. Und nun</Unicode>
                </TextEquiv>
            </TextLine>
            <TextLine id="r1l11" custom="readingOrder {index:10;}">
                <Coords points="578,1599 1743,1614 1743,1581 1635,1562 579,1561"/>
                <Baseline points="588,1594 645,1597 702,1598 759,1599 817,1600 874,1600 931,1601 988,1601 1046,1601 1103,1602 1160,1602 1217,1602 1275,1602 1332,1603 1389,1603 1446,1604 1504,1605 1561,1606 1618,1607 1675,1609 1733,1611"/>
                <TextEquiv>
                    <Unicode>als vornehmer Heri, sehr stattlich in seinem blauen</Unicode>
                </TextEquiv>
            </TextLine>
            <TextLine id="r1l12" custom="readingOrder {index:11;}">
                <Coords points="194,1640 235,1653 253,1643 281,1661 301,1645 318,1657 431,1643 565,1660 566,1609 542,1597 195,1603"/>
                <Baseline points="204,1639 229,1638 254,1638 279,1638 304,1638 329,1638 354,1638 379,1638 404,1638 429,1639 454,1640 479,1640 504,1641 529,1641 555,1642"/>
                <TextEquiv>
                    <Unicode>verklärte Welt, die</Unicode>
                </TextEquiv>
            </TextLine>
            <TextLine id="r1l13" custom="readingOrder {index:12;}">
                <Coords points="574,1637 1744,1654 1725,1612 1587,1603 574,1595"/>
                <Baseline points="583,1642 640,1644 698,1645 755,1646 813,1647 870,1648 928,1648 985,1649 1043,1649 1100,1649 1158,1649 1215,1650 1273,1650 1330,1651 1388,1651 1445,1652 1503,1653 1560,1654 1618,1656 1675,1658 1733,1660"/>
                <TextEquiv>
                    <Unicode>Biedermeier=Frack, mit discreter Liebenswürdigkeit und</Unicode>
                </TextEquiv>
            </TextLine>
            <TextLine id="r1l14" custom="readingOrder {index:13;}">
                <Coords points="182,1690 247,1702 290,1685 324,1699 379,1688 434,1708 462,1693 571,1700 571,1643 478,1656 392,1645 380,1657 182,1644"/>
                <Baseline points="192,1685 218,1686 244,1686 271,1686 297,1686 323,1686 350,1687 376,1687 402,1687 429,1687 455,1688 481,1688 508,1689 534,1689 561,1691"/>
                <TextEquiv>
                    <Unicode>und der Träume,</Unicode>
                </TextEquiv>
            </TextLine>
            <TextLine id="r1l15" custom="readingOrder {index:14;}">
                <Coords points="578,1692 1756,1709 1756,1665 1608,1654 578,1641"/>
                <Baseline points="587,1692 645,1692 703,1693 761,1693 819,1693 877,1694 935,1694 993,1695 1051,1696 1109,1696 1167,1697 1225,1698 1283,1698 1341,1699 1399,1700 1457,1700 1515,1701 1573,1702 1631,1703 1689,1703 1747,1704"/>
                <TextEquiv>
                    <Unicode>weltmännischer Sicherheit die Honneurs seines bunten</Unicode>
                </TextEquiv>
            </TextLine>
            <TextLine id="r1l16" custom="readingOrder {index:15;}">
                <Coords points="179,1754 258,1747 272,1735 323,1751 341,1733 379,1750 436,1734 491,1751 560,1745 560,1698 536,1694 467,1692 436,1708 376,1687 323,1697 290,1686 246,1706 179,1690"/>
                <Baseline points="189,1736 214,1737 240,1737 266,1737 292,1737 318,1737 344,1737 370,1737 395,1736 421,1736 447,1736 473,1735 499,1735 525,1735 551,1735"/>
                <TextEquiv>
                    <Unicode>ind, die das Land</Unicode>
                </TextEquiv>
            </TextLine>
            <TextLine id="r1l17" custom="readingOrder {index:16;}">
                <Coords points="575,1741 1603,1767 1757,1737 1757,1707 1596,1702 575,1707"/>
                <Baseline points="585,1737 643,1739 701,1740 759,1741 817,1742 875,1743 933,1743 991,1743 1049,1744 1107,1744 1166,1745 1224,1745 1282,1745 1340,1746 1398,1746 1456,1747 1514,1747 1572,1748 1630,1750 1688,1751 1747,1753"/>
                <TextEquiv>
                    <Unicode>Theaters. Auch das ist eine Methode. Man kann sehr</Unicode>
                </TextEquiv>
            </TextLine>
            <TextLine id="r1l18" custom="readingOrder {index:17;}">
                <Coords points="166,1781 251,1798 304,1784 342,1801 403,1791 463,1810 488,1788 528,1800 571,1780 571,1752 543,1740 490,1751 426,1734 326,1756 294,1741 192,1749 166,1738"/>
                <Baseline points="177,1785 202,1785 228,1784 253,1784 279,1783 305,1783 330,1783 356,1782 381,1782 407,1782 433,1782 458,1782 484,1782 509,1782 535,1782 561,1782"/>
                <TextEquiv>
                    <Unicode>wand zaubert und</Unicode>
                </TextEquiv>
            </TextLine>
            <TextLine id="r1l19" custom="readingOrder {index:18;}">
                <Coords points="580,1798 1745,1812 1745,1764 1631,1747 581,1747"/>
                <Baseline points="590,1783 647,1784 704,1786 761,1787 819,1788 876,1789 933,1789 990,1790 1048,1790 1105,1790 1162,1790 1219,1791 1277,1791 1334,1791 1391,1792 1448,1792 1506,1793 1563,1794 1620,1795 1677,1797 1735,1799"/>
                <TextEquiv>
                    <Unicode>wol Humor haben mit guten Manieren. Rodolphe Salis</Unicode>
                </TextEquiv>
            </TextLine>
            <TextLine id="r1l20" custom="readingOrder {index:19;}">
                <Coords points="573,1838 1731,1862 1746,1807 573,1790"/>
                <Baseline points="582,1829 639,1831 697,1833 754,1834 812,1835 870,1836 927,1837 985,1837 1043,1838 1100,1838 1158,1839 1216,1839 1273,1840 1331,1840 1389,1840 1446,1841 1504,1841 1562,1842 1619,1843 1677,1843 1735,1844"/>
                <TextEquiv>
                    <Unicode>ernannte sich zwar in den letzten Jahren seines Lebens</Unicode>
                </TextEquiv>
            </TextLine>
            <TextLine id="r1l21" custom="readingOrder {index:20;}">
                <Coords points="189,1877 244,1895 374,1881 426,1899 459,1884 570,1894 570,1828 523,1846 475,1826 448,1842 422,1834 392,1846 373,1834 286,1842 274,1832 189,1844"/>
                <Baseline points="199,1879 224,1879 250,1878 276,1879 302,1879 328,1879 354,1879 380,1879 405,1880 431,1880 457,1880 483,1880 509,1879 535,1879 561,1877"/>
                <TextEquiv>
                    <Unicode>Himmel flimmert</Unicode>
                </TextEquiv>
            </TextLine>
            <TextLine id="r1l22" custom="readingOrder {index:21;}">
                <Coords points="578,1892 1748,1896 1748,1859 1563,1839 864,1865 578,1837"/>
                <Baseline points="588,1881 645,1882 703,1883 760,1883 818,1884 875,1884 933,1884 990,1884 1048,1884 1105,1884 1163,1885 1221,1885 1278,1885 1336,1886 1393,1886 1451,1887 1508,1888 1566,1889 1623,1891 1681,1893 1739,1896"/>
                <TextEquiv>
                    <Unicode>zum Herzog von Montmartre; aber die richtige Vor¬</Unicode>
                </TextEquiv>
            </TextLine>
            <TextLine id="r1l23" custom="readingOrder {index:22;}">
                <Coords points="196,1932 328,1941 419,1927 454,1943 525,1927 563,1935 563,1892 547,1888 399,1894 383,1882 304,1882 279,1896 259,1884 241,1894 196,1883"/>
                <Baseline points="205,1925 231,1925 258,1924 285,1924 312,1924 338,1924 365,1925 392,1925 419,1925 445,1925 472,1924 499,1924 526,1924 553,1922"/>
                <TextEquiv>
                    <Unicode>die Wüste ziehen</Unicode>
                </TextEquiv>
            </TextLine>
            <TextLine id="r1l24" custom="readingOrder {index:23;}">
                <Coords points="576,1941 614,1935 633,1955 689,1933 1145,1941 1145,1901 1084,1888 1027,1903 1007,1889 577,1891"/>
                <Baseline points="586,1923 613,1924 640,1925 668,1926 695,1927 723,1927 750,1928 778,1928 805,1929 833,1929 860,1930 887,1930 915,1930 942,1931 970,1931 997,1932 1025,1932 1052,1932 1080,1933 1107,1933 1135,1934"/>
                <TextEquiv>
                    <Unicode>nehmheit war es doch nicht.</Unicode>
                </TextEquiv>
            </TextLine>
            <TextLine id="r1l25" custom="readingOrder {index:24;}">
                <Coords points="186,1976 265,1992 358,1972 437,1988 474,1969 488,1982 551,1981 573,1973 573,1927 453,1941 427,1927 315,1943 208,1929 186,1941"/>
                <Baseline points="196,1971 222,1971 248,1971 274,1972 301,1972 327,1972 353,1973 380,1973 406,1973 432,1973 458,1973 485,1973 511,1972 537,1971 564,1970"/>
                <TextEquiv>
                    <Unicode>die von Leid Ge¬</Unicode>
                </TextEquiv>
            </TextLine>
            <TextLine id="r1l26" custom="readingOrder {index:25;}">
                <Coords points="657,1991 1726,1994 1749,1933 657,1936"/>
                <Baseline points="666,1974 719,1976 773,1977 826,1978 880,1979 934,1980 987,1980 1041,1981 1095,1981 1148,1981 1202,1982 1256,1982 1309,1982 1363,1982 1417,1983 1470,1983 1524,1983 1578,1984 1631,1984 1685,1985 1739,1986"/>
                <TextEquiv>
                    <Unicode>Nach dem französischen Vorbilde kündigt Herr v. Wol¬</Unicode>
                </TextEquiv>
            </TextLine>
            <TextLine id="r1l27" custom="readingOrder {index:26;}">
                <Coords points="183,2021 245,2033 298,2026 308,2036 331,2026 349,2040 395,2027 430,2041 458,2027 509,2041 531,2026 556,2030 557,1991 482,1978 432,1995 360,1971 332,1987 294,1978 273,1992 184,1977"/>
                <Baseline points="193,2021 218,2021 243,2021 268,2021 294,2022 319,2022 344,2022 370,2022 395,2022 420,2023 445,2023 471,2023 496,2023 521,2024 547,2024"/>
                <TextEquiv>
                    <Unicode>die Frauen, dem</Unicode>
                </TextEquiv>
            </TextLine>
            <TextLine id="r1l28" custom="readingOrder {index:27;}">
                <Coords points="585,2037 1739,2046 1740,1990 585,1991"/>
                <Baseline points="594,2023 650,2024 707,2025 764,2025 821,2026 878,2027 934,2028 991,2028 1048,2029 1105,2029 1162,2030 1218,2031 1275,2031 1332,2031 1389,2032 1446,2032 1502,2033 1559,2033 1616,2033 1673,2034 1730,2034"/>
                <TextEquiv>
                    <Unicode>zogen jede Programmnummer mit launigen Reden an und</Unicode>
                </TextEquiv>
            </TextLine>
            <TextLine id="r1l29" custom="readingOrder {index:28;}">
                <Coords points="576,2078 1584,2096 1727,2087 1749,2048 576,2041"/>
                <Baseline points="586,2075 643,2074 701,2074 758,2073 816,2074 874,2074 931,2075 989,2075 1046,2076 1104,2077 1162,2078 1219,2079 1277,2080 1334,2081 1392,2082 1450,2082 1507,2082 1565,2082 1622,2082 1680,2082 1738,2081"/>
                <TextEquiv>
                    <Unicode>führt jeden Mitwirkenden ein. Zugleich ist er seibst eines</Unicode>
                </TextEquiv>
            </TextLine>
            <TextLine id="r1l30" custom="readingOrder {index:29;}">
                <Coords points="177,2124 310,2123 323,2135 339,2120 367,2134 408,2117 436,2141 476,2119 531,2136 568,2120 569,2085 537,2073 510,2086 336,2074 247,2085 220,2071 178,2082"/>
                <Baseline points="188,2112 214,2115 240,2116 267,2117 293,2118 320,2118 346,2118 373,2117 399,2117 425,2117 452,2117 478,2117 505,2118 531,2120 558,2122"/>
                <TextEquiv>
                    <Unicode>Bethlehem ist auf¬</Unicode>
                </TextEquiv>
            </TextLine>
            <TextLine id="r1l31" custom="readingOrder {index:30;}">
                <Coords points="580,2124 1746,2133 1746,2092 1679,2080 1586,2109 1498,2078 580,2081"/>
                <Baseline points="589,2119 646,2119 703,2119 761,2120 818,2121 875,2121 933,2122 990,2123 1047,2124 1105,2124 1162,2125 1219,2125 1277,2126 1334,2126 1391,2127 1449,2127 1506,2127 1563,2127 1621,2126 1678,2126 1736,2125"/>
                <TextEquiv>
                    <Unicode>der hervorragendsten Mitglieder seiner Truppe. Seine</Unicode>
                </TextEquiv>
            </TextLine>
            <TextLine id="r1l32" custom="readingOrder {index:31;}">
                <Coords points="176,2179 203,2184 229,2168 338,2183 354,2170 519,2184 559,2176 559,2121 524,2133 475,2118 433,2137 419,2125 352,2130 340,2120 320,2134 307,2122 177,2120"/>
                <Baseline points="185,2166 210,2166 236,2165 262,2165 288,2166 314,2166 340,2166 366,2167 392,2167 418,2168 444,2168 470,2169 496,2169 522,2169 548,2169"/>
                <TextEquiv>
                    <Unicode>te Gefahren. Jetzt</Unicode>
                </TextEquiv>
            </TextLine>
            <TextLine id="r1l33" custom="readingOrder {index:32;}">
                <Coords points="579,2179 1274,2193 1756,2154 1604,2122 579,2123"/>
                <Baseline points="589,2166 646,2166 704,2166 762,2166 820,2167 878,2168 935,2168 993,2169 1051,2170 1109,2171 1167,2171 1224,2172 1282,2173 1340,2173 1398,2173 1456,2173 1513,2173 1571,2172 1629,2171 1687,2170 1745,2169"/>
                <TextEquiv>
                    <Unicode>Lieder werden gesungen, er hat Lieder von Anderen com¬</Unicode>
                </TextEquiv>
            </TextLine>
            <TextLine id="r1l34" custom="readingOrder {index:33;}">
                <Coords points="174,2223 437,2218 478,2232 532,2219 557,2229 557,2175 542,2173 295,2180 279,2168 228,2168 174,2180"/>
                <Baseline points="184,2212 210,2212 236,2212 262,2211 288,2212 314,2212 340,2212 366,2212 392,2213 418,2213 444,2213 470,2213 496,2213 522,2213 548,2212"/>
                <TextEquiv>
                    <Unicode>en über Jerusalem.</Unicode>
                </TextEquiv>
            </TextLine>
            <TextLine id="r1l35" custom="readingOrder {index:34;}">
                <Coords points="566,2221 1436,2242 1723,2227 1749,2176 566,2180"/>
                <Baseline points="576,2214 634,2214 692,2214 750,2215 808,2215 866,2216 924,2216 983,2217 1041,2218 1099,2218 1157,2219 1215,2219 1273,2220 1331,2220 1390,2221 1448,2221 1506,2221 1564,2222 1622,2222 1680,2222 1739,2222"/>
                <TextEquiv>
                    <Unicode>ponirt, die auch gesungen werden, schließlich trägt er selbst</Unicode>
                </TextEquiv>
            </TextLine>
            <TextLine id="r1l36" custom="readingOrder {index:35;}">
                <Coords points="177,2275 230,2287 267,2263 309,2276 342,2262 358,2274 453,2274 480,2258 510,2279 571,2257 571,2222 176,2222"/>
                <Baseline points="186,2259 211,2260 236,2261 261,2261 286,2262 311,2262 336,2262 361,2262 386,2262 411,2261 436,2261 461,2261 486,2260 511,2259 536,2259 562,2258"/>
                <TextEquiv>
                    <Unicode>urch die Wüste ge¬</Unicode>
                </TextEquiv>
            </TextLine>
            <TextLine id="r1l37" custom="readingOrder {index:36;}">
                <Coords points="568,2274 1718,2284 1744,2217 1523,2245 568,2221"/>
                <Baseline points="578,2259 635,2261 693,2262 751,2263 809,2264 867,2265 925,2265 982,2265 1040,2265 1098,2265 1156,2265 1214,2265 1272,2265 1330,2265 1387,2266 1445,2266 1503,2267 1561,2268 1619,2269 1677,2271 1735,2274"/>
                <TextEquiv>
                    <Unicode>Gebichte vor. Das Letzte besonders bringt er meisterlich</Unicode>
                </TextEquiv>
            </TextLine>
            <TextLine id="r1l38" custom="readingOrder {index:37;}">
                <Coords points="177,2320 363,2323 397,2309 535,2326 566,2314 567,2267 499,2276 480,2257 454,2274 419,2266 401,2276 344,2262 326,2275 257,2271 223,2291 205,2273 178,2271"/>
                <Baseline points="187,2308 213,2308 239,2309 266,2309 292,2309 318,2309 345,2309 371,2309 397,2309 424,2309 450,2309 476,2310 503,2310 529,2310 556,2311"/>
                <TextEquiv>
                    <Unicode>n, vor der Krippe,</Unicode>
                </TextEquiv>
            </TextLine>
            <TextLine id="r1l39" custom="readingOrder {index:38;}">
                <Coords points="573,2329 1722,2323 1752,2265 573,2278"/>
                <Baseline points="582,2310 643,2310 704,2311 765,2311 826,2311 887,2311 948,2311 1009,2310 1070,2310 1131,2310 1192,2310 1253,2310 1314,2310 1375,2310 1436,2310 1497,2311 1558,2312 1619,2314 1680,2316 1741,2318"/>
                <TextEquiv>
                    <Unicode>zuwege. An jenem ersten „Ueberbrettl“=Abend bekam man</Unicode>
                </TextEquiv>
            </TextLine>
            <TextLine id="r1l40" custom="readingOrder {index:39;}">
                <Coords points="190,2362 322,2368 348,2356 393,2370 482,2362 533,2372 565,2364 565,2315 496,2325 395,2309 349,2335 328,2321 265,2325 251,2313 223,2333 190,2327"/>
                <Baseline points="200,2355 225,2356 250,2357 275,2357 301,2357 326,2358 351,2358 377,2358 402,2358 427,2358 452,2357 478,2357 503,2356 528,2356 554,2355"/>
                <TextEquiv>
                    <Unicode>ieinem Schimmer</Unicode>
                </TextEquiv>
            </TextLine>
            <TextLine id="r1l41" custom="readingOrder {index:40;}">
                <Coords points="569,2360 1163,2388 1742,2362 1742,2330 1659,2317 570,2319"/>
                <Baseline points="580,2354 637,2354 695,2354 752,2355 810,2356 868,2356 925,2357 983,2358 1040,2359 1098,2360 1156,2361 1213,2362 1271,2362 1328,2363 1386,2363 1444,2364 1501,2364 1559,2363 1616,2363 1674,2362 1732,2361"/>
                <TextEquiv>
                    <Unicode>von ihm Gedichte des Hans Heinz Evers zu hören. Das</Unicode>
                </TextEquiv>
            </TextLine>
            <TextLine id="r1l42" custom="readingOrder {index:41;}">
                <Coords points="165,2419 248,2408 282,2432 321,2415 361,2433 408,2418 434,2434 491,2403 530,2421 570,2401 570,2382 513,2363 474,2385 444,2361 422,2371 349,2356 298,2369 166,2358"/>
                <Baseline points="176,2402 201,2402 227,2402 252,2402 278,2403 304,2403 329,2404 355,2404 380,2405 406,2405 432,2406 457,2406 483,2405 508,2405 534,2404 560,2403"/>
                <TextEquiv>
                    <Unicode>Weihnachtslied er¬</Unicode>
                </TextEquiv>
            </TextLine>
            <TextLine id="r1l43" custom="readingOrder {index:42;}">
                <Coords points="574,2411 1703,2423 1742,2362 574,2368"/>
                <Baseline points="583,2404 640,2405 698,2406 755,2406 813,2407 870,2407 928,2407 985,2408 1043,2408 1100,2408 1158,2408 1215,2408 1273,2408 1330,2409 1388,2409 1445,2409 1503,2410 1560,2410 1618,2411 1675,2411 1733,2412"/>
                <TextEquiv>
                    <Unicode>eine hieß „Die Wasserleiche“. In einem Teiche schwimmt</Unicode>
                </TextEquiv>
            </TextLine>
            <TextLine id="r1l44" custom="readingOrder {index:43;}">
                <Coords points="182,2460 221,2463 255,2449 265,2459 287,2458 294,2466 316,2469 317,2423 302,2421 282,2432 263,2411 255,2413 245,2405 233,2412 184,2410"/>
                <Baseline points="193,2448 221,2446 250,2447 278,2450 307,2450"/>
                <TextEquiv>
                    <Unicode>el!</Unicode>
                </TextEquiv>
            </TextLine>
            <TextLine id="r1l45" custom="readingOrder {index:44;}">
                <Coords points="576,2460 1626,2477 1740,2464 1741,2432 576,2413"/>
                <Baseline points="585,2453 642,2453 699,2454 756,2454 814,2454 871,2454 928,2454 986,2455 1043,2455 1100,2455 1158,2455 1215,2456 1272,2456 1329,2456 1387,2456 1444,2457 1501,2457 1559,2458 1616,2458 1673,2459 1731,2459"/>
                <TextEquiv>
                    <Unicode>eine schöne Wasserleiche. Die Karpfen sind um sie herum</Unicode>
                </TextEquiv>
            </TextLine>
            <TextLine id="r1l46" custom="readingOrder {index:45;}">
                <Coords points="176,2505 283,2518 318,2502 364,2514 399,2502 559,2513 559,2444 478,2435 459,2447 439,2433 417,2447 372,2431 307,2468 263,2454 220,2474 176,2456"/>
                <Baseline points="187,2500 212,2500 238,2500 264,2500 290,2500 316,2500 342,2500 368,2500 393,2500 419,2500 445,2500 471,2501 497,2501 523,2501 549,2502"/>
                <TextEquiv>
                    <Unicode>8 „Chat Noir“, und</Unicode>
                </TextEquiv>
            </TextLine>
            <TextLine id="r1l47" custom="readingOrder {index:46;}">
                <Coords points="572,2510 1750,2512 1750,2480 1659,2458 572,2464"/>
                <Baseline points="582,2501 643,2501 704,2501 765,2501 826,2501 887,2501 948,2501 1009,2501 1070,2501 1131,2502 1192,2502 1253,2502 1314,2502 1375,2503 1436,2503 1497,2504 1558,2505 1619,2505 1680,2507 1741,2508"/>
                <TextEquiv>
                    <Unicode>und erörtern das Schicksal des ertrunkenen Mannes. Die</Unicode>
                </TextEquiv>
            </TextLine>
            <TextLine id="r1l48" custom="readingOrder {index:47;}">
                <Coords points="573,2558 1749,2553 1732,2507 573,2508"/>
                <Baseline points="582,2546 639,2546 697,2547 755,2547 813,2548 871,2548 929,2548 987,2549 1045,2549 1103,2549 1161,2550 1218,2550 1276,2550 1334,2551 1392,2551 1450,2551 1508,2552 1566,2552 1624,2552 1682,2553 1740,2553"/>
                <TextEquiv>
                    <Unicode>unglückliche Liebe hat ihn dahin gebracht, meint der eine,</Unicode>
                </TextEquiv>
            </TextLine>
            <TextLine id="r1l49" custom="readingOrder {index:48;}">
                <Coords points="164,2545 247,2563 338,2560 354,2544 389,2562 472,2549 512,2567 561,2557 561,2514 528,2506 506,2518 439,2503 208,2516 165,2492"/>
                <Baseline points="174,2547 199,2548 224,2549 249,2550 274,2550 300,2551 325,2551 350,2551 375,2551 400,2551 426,2550 451,2550 476,2550 501,2551 526,2551 552,2551"/>
                <TextEquiv>
                    <Unicode>Kann als Rodolphe</Unicode>
                </TextEquiv>
            </TextLine>
            <TextLine id="r1l50" custom="readingOrder {index:49;}">
                <Coords points="576,2595 1744,2612 1744,2563 1665,2553 576,2553"/>
                <Baseline points="585,2597 642,2597 699,2597 757,2597 814,2597 872,2597 929,2597 987,2597 1044,2597 1102,2597 1159,2597 1216,2596 1274,2597 1331,2597 1389,2597 1446,2597 1504,2597 1561,2598 1619,2599 1676,2600 1734,2601"/>
                <TextEquiv>
                    <Unicode>Nein, sagt der andere, er war betrunken und ist in den</Unicode>
                </TextEquiv>
            </TextLine>
            <TextLine id="r1l51" custom="readingOrder {index:50;}">
                <Coords points="175,2599 359,2609 436,2592 449,2604 572,2607 572,2554 558,2550 513,2567 472,2553 391,2562 359,2546 337,2560 292,2553 246,2565 229,2551 175,2554"/>
                <Baseline points="185,2592 210,2594 235,2595 260,2597 285,2598 310,2598 335,2599 360,2599 385,2599 410,2598 435,2598 460,2598 485,2598 510,2598 535,2598 561,2599"/>
                <TextEquiv>
                    <Unicode>Montmartre (denn</Unicode>
                </TextEquiv>
            </TextLine>
            <TextLine id="r1l52" custom="readingOrder {index:51;}">
                <Coords points="177,2652 242,2651 256,2663 327,2645 386,2660 437,2642 495,2661 566,2653 566,2608 511,2600 450,2605 434,2591 410,2611 373,2598 313,2616 286,2602 177,2601"/>
                <Baseline points="186,2639 212,2641 238,2642 265,2643 291,2644 318,2644 344,2645 371,2645 397,2645 423,2645 450,2644 476,2644 503,2644 529,2644 556,2643"/>
                <TextEquiv>
                    <Unicode>klingt, daß dieser</Unicode>
                </TextEquiv>
            </TextLine>
            <TextLine id="r1l53" custom="readingOrder {index:52;}">
                <Coords points="574,2640 1743,2659 1743,2615 1563,2593 574,2595"/>
                <Baseline points="585,2644 642,2644 699,2644 757,2645 814,2645 872,2645 929,2645 986,2645 1044,2645 1101,2645 1159,2645 1216,2645 1273,2645 1331,2645 1388,2645 1446,2646 1503,2646 1560,2646 1618,2647 1675,2647 1733,2648"/>
                <TextEquiv>
                    <Unicode>Teich gefallen. Ein dritter, sehr alter Karpfen, der das</Unicode>
                </TextEquiv>
            </TextLine>
            <TextLine id="r1l54" custom="readingOrder {index:53;}">
                <Coords points="175,2709 220,2693 253,2705 326,2701 340,2687 409,2707 435,2695 480,2706 569,2682 569,2653 496,2661 447,2643 389,2657 352,2646 174,2652"/>
                <Baseline points="185,2687 210,2688 235,2689 260,2690 285,2690 310,2691 335,2691 360,2691 385,2691 410,2691 435,2690 460,2690 485,2689 510,2688 535,2687 560,2686"/>
                <TextEquiv>
                    <Unicode>ernsten Angelegen¬</Unicode>
                </TextEquiv>
            </TextLine>
            <TextLine id="r1l55" custom="readingOrder {index:54;}">
                <Coords points="575,2691 1003,2719 1745,2685 1670,2647 575,2640"/>
                <Baseline points="585,2688 642,2689 700,2689 757,2689 815,2690 872,2690 930,2690 987,2691 1045,2691 1102,2691 1160,2692 1217,2692 1275,2692 1332,2692 1390,2693 1447,2693 1505,2693 1562,2693 1620,2694 1677,2694 1735,2694"/>
                <TextEquiv>
                    <Unicode>Leben kennt und weiß, daß man sich das Gute schmecken</Unicode>
                </TextEquiv>
            </TextLine>
            <TextLine id="r1l56" custom="readingOrder {index:55;}">
                <Coords points="188,2745 279,2751 295,2741 314,2757 346,2741 374,2755 403,2739 431,2755 539,2736 567,2747 567,2700 537,2694 486,2704 439,2694 407,2706 395,2694 368,2702 336,2690 312,2714 285,2698 188,2698"/>
                <Baseline points="198,2732 223,2733 249,2734 275,2734 300,2734 326,2734 352,2734 378,2734 403,2734 429,2733 455,2733 480,2733 506,2733 532,2734 558,2734"/>
                <TextEquiv>
                    <Unicode>Das „Ueberbrettl“</Unicode>
                </TextEquiv>
            </TextLine>
            <TextLine id="r1l57" custom="readingOrder {index:56;}">
                <Coords points="562,2743 1738,2741 1677,2697 1000,2718 562,2685"/>
                <Baseline points="571,2737 628,2737 686,2738 744,2738 802,2738 860,2738 918,2739 975,2739 1033,2739 1091,2739 1149,2739 1207,2739 1265,2739 1323,2739 1380,2739 1438,2739 1496,2739 1554,2739 1612,2739 1670,2740 1728,2740"/>
                <TextEquiv>
                    <Unicode>lassen muß, so lange es da ist, und daß nichts schädlicher</Unicode>
                </TextEquiv>
            </TextLine>
            <TextLine id="r1l58" custom="readingOrder {index:57;}">
                <Coords points="189,2800 272,2791 286,2803 331,2789 355,2799 380,2780 430,2804 507,2789 564,2799 564,2746 537,2738 430,2755 404,2739 391,2750 347,2740 333,2752 233,2741 189,2751"/>
                <Baseline points="199,2782 224,2782 249,2783 275,2783 300,2783 325,2783 351,2784 376,2784 401,2784 427,2784 452,2784 477,2784 503,2784 528,2785 554,2785"/>
                <TextEquiv>
                    <Unicode>als seine französi¬</Unicode>
                </TextEquiv>
            </TextLine>
            <TextLine id="r1l59" custom="readingOrder {index:58;}">
                <Coords points="577,2798 1737,2793 1737,2750 1651,2742 577,2746"/>
                <Baseline points="587,2788 644,2788 701,2787 758,2787 815,2787 872,2787 929,2786 986,2786 1043,2786 1100,2786 1157,2785 1214,2785 1271,2785 1328,2786 1385,2786 1442,2786 1499,2787 1556,2788 1613,2789 1670,2790 1727,2791"/>
                <TextEquiv>
                    <Unicode>ist, als seine Zeit mit Philosophiren zu vergeuden, sagt</Unicode>
                </TextEquiv>
            </TextLine>
            <TextLine id="r1l60" custom="readingOrder {index:59;}">
                <Coords points="210,2841 1637,2849 1749,2839 1750,2798 210,2792"/>
                <Baseline points="219,2833 295,2832 371,2832 447,2832 523,2832 599,2832 675,2832 751,2832 827,2832 903,2832 979,2833 1055,2833 1131,2834 1207,2834 1283,2835 1359,2835 1435,2836 1511,2836 1587,2837 1663,2837 1739,2838"/>
                <TextEquiv>
                    <Unicode>in Berlin nicht nichts, sondern beginnt gleich zu kauen. Herr v. Wol¬</Unicode>
                </TextEquiv>
            </TextLine>
            <TextLine id="r1l61" custom="readingOrder {index:60;}">
                <Coords points="167,2897 242,2874 317,2893 360,2879 390,2899 451,2874 544,2889 571,2877 572,2854 487,2837 370,2846 307,2835 266,2851 211,2834 167,2840"/>
                <Baseline points="176,2877 201,2878 227,2879 253,2879 278,2879 304,2880 330,2880 356,2880 381,2880 407,2880 433,2880 459,2880 484,2880 510,2881 536,2882 562,2883"/>
                <TextEquiv>
                    <Unicode>nn als auf dem</Unicode>
                </TextEquiv>
            </TextLine>
            <TextLine id="r1l62" custom="readingOrder {index:61;}">
                <Coords points="566,2900 1740,2886 1740,2851 1610,2833 566,2839"/>
                <Baseline points="575,2881 632,2881 690,2882 748,2882 806,2882 864,2882 921,2883 979,2883 1037,2883 1095,2883 1153,2884 1210,2884 1268,2884 1326,2884 1384,2884 1442,2884 1499,2884 1557,2883 1615,2883 1673,2882 1731,2882"/>
                <TextEquiv>
                    <Unicode>zogen wußte durch seinen Vortrag überzeugend darzu¬</Unicode>
                </TextEquiv>
            </TextLine>
            <TextLine id="r1l63" custom="readingOrder {index:62;}">
                <Coords points="185,2923 216,2939 327,2940 417,2925 473,2929 486,2943 560,2936 560,2892 528,2884 442,2876 422,2895 388,2899 347,2877 317,2894 293,2884 258,2892 238,2876 185,2895"/>
                <Baseline points="194,2923 219,2924 244,2924 270,2924 295,2924 321,2925 346,2925 372,2925 397,2926 422,2926 448,2926 473,2926 499,2926 524,2926 550,2926"/>
                <TextEquiv>
                    <Unicode>die rothe Mühle</Unicode>
                </TextEquiv>
            </TextLine>
            <TextLine id="r1l64" custom="readingOrder {index:63;}">
                <Coords points="582,2936 1751,2926 1599,2883 1530,2913 1317,2880 582,2896"/>
                <Baseline points="592,2930 649,2929 706,2928 764,2928 821,2927 879,2927 936,2927 993,2928 1051,2928 1108,2928 1166,2929 1223,2930 1280,2930 1338,2931 1395,2931 1453,2932 1510,2932 1567,2932 1625,2932 1682,2932 1740,2932"/>
                <TextEquiv>
                    <Unicode>thun, welch einen Genuß ein Karpfen, wenn er Fem¬</Unicode>
                </TextEquiv>
            </TextLine>
            <TextLine id="r1l65" custom="readingOrder {index:64;}">
                <Coords points="191,2988 345,2990 369,2977 391,2989 440,2979 454,2991 517,2989 534,2973 566,2974 565,2933 514,2944 393,2927 190,2941"/>
                <Baseline points="201,2974 226,2972 251,2972 277,2971 302,2971 327,2971 353,2971 378,2971 403,2971 429,2970 454,2970 479,2968 505,2966 530,2963 556,2958"/>
                <TextEquiv>
                    <Unicode>Das „Chat Noi“</Unicode>
                </TextEquiv>
            </TextLine>
            <TextLine id="r1l66" custom="readingOrder {index:65;}">
                <Coords points="576,3000 1579,2992 1717,2977 1718,2944 577,2937"/>
                <Baseline points="586,2974 642,2973 698,2973 754,2973 810,2973 866,2974 922,2974 978,2975 1034,2976 1090,2977 1147,2977 1203,2978 1259,2979 1315,2979 1371,2980 1427,2980 1483,2980 1539,2980 1595,2979 1651,2978 1708,2977"/>
                <TextEquiv>
                    <Unicode>schmecker ist, an einer schönen Wasserleiche finden kann.</Unicode>
                </TextEquiv>
            </TextLine>
            <TextLine id="r1l67" custom="readingOrder {index:66;}">
                <Coords points="171,3026 217,3040 315,3025 357,3037 386,3022 406,3038 501,3023 562,3031 561,2985 532,2974 508,2992 366,2979 287,2994 267,2982 254,2992 208,2975 171,2979"/>
                <Baseline points="181,3020 207,3021 234,3021 260,3022 287,3022 313,3022 340,3022 366,3021 393,3021 419,3020 446,3020 472,3020 499,3019 525,3018 552,3018"/>
                <TextEquiv>
                    <Unicode>ngen, und es ver¬</Unicode>
                </TextEquiv>
            </TextLine>
            <TextLine id="r1l68" custom="readingOrder {index:67;}">
                <Coords points="664,3026 1674,3037 1747,3022 1747,2980 664,2983"/>
                <Baseline points="674,3020 727,3020 780,3021 833,3022 886,3023 940,3024 993,3025 1046,3025 1099,3026 1152,3026 1206,3027 1259,3027 1312,3027 1365,3027 1418,3026 1472,3026 1525,3025 1578,3023 1631,3022 1684,3020 1738,3018"/>
                <TextEquiv>
                    <Unicode>Mit einem Gedicht von Wolzogen: „Den lieben süßen</Unicode>
                </TextEquiv>
            </TextLine>
            <TextLine id="r1l69" custom="readingOrder {index:68;}">
                <Coords points="166,3079 318,3075 369,3090 405,3073 564,3081 565,3031 472,3026 437,3038 399,3021 356,3037 312,3022 291,3038 221,3041 166,3024"/>
                <Baseline points="176,3067 201,3066 226,3066 251,3066 276,3067 302,3068 327,3068 352,3069 377,3069 402,3070 428,3070 453,3070 478,3070 503,3070 528,3070 554,3069"/>
                <TextEquiv>
                    <Unicode>deren Verlumptheit</Unicode>
                </TextEquiv>
            </TextLine>
            <TextLine id="r1l70" custom="readingOrder {index:69;}">
                <Coords points="579,3077 1677,3078 1755,3052 1755,3013 1388,3054 579,3025"/>
                <Baseline points="590,3069 647,3069 705,3069 763,3069 821,3069 878,3069 936,3070 994,3070 1052,3071 1109,3071 1167,3072 1225,3072 1283,3072 1340,3072 1398,3071 1456,3070 1514,3068 1571,3067 1629,3064 1687,3062 1745,3058"/>
                <TextEquiv>
                    <Unicode>Mädeln“, Musik von James Rothstein, wurde die No###</Unicode>
                </TextEquiv>
            </TextLine>
            <TextLine id="r1l71" custom="readingOrder {index:70;}">
                <Coords points="577,3131 1739,3137 1771,3132 1770,3053 576,3088"/>
                <Baseline points="586,3120 644,3118 703,3116 762,3115 820,3114 879,3114 938,3114 996,3114 1055,3114 1114,3114 1173,3114 1231,3115 1290,3115 1349,3114 1407,3114 1466,3113 1525,3111 1583,3110 1642,3107 1701,3104 1760,3100"/>
                <TextEquiv>
                    <Unicode>stellung eröffnet. Der Componist hat den graziösen####,</Unicode>
                </TextEquiv>
            </TextLine>
            <TextLine id="r1l72" custom="readingOrder {index:71;}">
                <Coords points="170,3120 320,3124 341,3112 403,3130 446,3118 482,3132 559,3120 559,3076 497,3086 485,3074 432,3084 401,3075 353,3096 308,3079 170,3077"/>
                <Baseline points="179,3113 205,3113 231,3113 258,3113 284,3113 311,3113 337,3114 364,3114 390,3114 416,3114 443,3114 469,3114 496,3113 522,3112 549,3110"/>
                <TextEquiv>
                    <Unicode>hts von Bohème</Unicode>
                </TextEquiv>
            </TextLine>
            <TextLine id="r1l73" custom="readingOrder {index:72;}">
                <Coords points="179,3174 244,3180 258,3168 289,3190 313,3168 382,3168 449,3188 481,3174 514,3182 564,3162 564,3119 479,3132 447,3121 416,3134 353,3117 179,3126"/>
                <Baseline points="188,3161 214,3163 240,3164 266,3165 292,3166 318,3166 344,3166 371,3166 397,3166 423,3165 449,3165 475,3165 501,3164 527,3163 554,3163"/>
                <TextEquiv>
                    <Unicode>doch solides Kunst¬</Unicode>
                </TextEquiv>
            </TextLine>
            <TextLine id="r1l74" custom="readingOrder {index:73;}">
                <Coords points="573,3162 1488,3186 1670,3174 1670,3122 572,3139"/>
                <Baseline points="582,3168 635,3167 689,3166 743,3165 797,3165 851,3165 905,3165 959,3165 1013,3166 1067,3166 1121,3166 1174,3166 1228,3167 1282,3167 1336,3166 1390,3166 1444,3165 1498,3165 1552,3163 1606,3162 1660,3160"/>
                <TextEquiv>
                    <Unicode>mit einer allzu schweren Melodie im „Meistersinger“=“</Unicode>
                </TextEquiv>
            </TextLine>
            <TextLine id="r1l75" custom="readingOrder {index:74;}">
                <Coords points="191,3229 1774,3239 1787,3152 190,3178"/>
                <Baseline points="200,3220 278,3219 357,3218 436,3217 515,3217 594,3217 673,3216 752,3216 831,3216 910,3216 989,3215 1067,3215 1146,3214 1225,3214 1304,3212 1383,3211 1462,3209 1541,3207 1620,3205 1699,3202 1778,3199"/>
                <TextEquiv>
                    <Unicode>t die üppige und beladen. Herr Koppel, der treffliche Baritonist und Ha #a</Unicode>
                </TextEquiv>
            </TextLine>
            <TextEquiv>
                <Unicode>1sod
4.4. Epr##e box 7/7
: „C’est parfait! blumenreiche Beredtsamkeit von Rodolphe Salis. Herr
er die Stanzen an
v. Wolzogen ist auch kein abgekrachter Maler, kein „rapiu“,
es sens inapaisés!“
sondern kommt aus der guten Gesellschaft auf das „Ueber¬
der Bühne seine
brettl“, um die gute Gesellschaft zu unterhalten. Er macht
erichtet. Und nun
als vornehmer Heri, sehr stattlich in seinem blauen
verklärte Welt, die
Biedermeier=Frack, mit discreter Liebenswürdigkeit und
und der Träume,
weltmännischer Sicherheit die Honneurs seines bunten
ind, die das Land
Theaters. Auch das ist eine Methode. Man kann sehr
wand zaubert und
wol Humor haben mit guten Manieren. Rodolphe Salis
ernannte sich zwar in den letzten Jahren seines Lebens
Himmel flimmert
zum Herzog von Montmartre; aber die richtige Vor¬
die Wüste ziehen
nehmheit war es doch nicht.
die von Leid Ge¬
Nach dem französischen Vorbilde kündigt Herr v. Wol¬
die Frauen, dem
zogen jede Programmnummer mit launigen Reden an und
führt jeden Mitwirkenden ein. Zugleich ist er seibst eines
Bethlehem ist auf¬
der hervorragendsten Mitglieder seiner Truppe. Seine
te Gefahren. Jetzt
Lieder werden gesungen, er hat Lieder von Anderen com¬
en über Jerusalem.
ponirt, die auch gesungen werden, schließlich trägt er selbst
urch die Wüste ge¬
Gebichte vor. Das Letzte besonders bringt er meisterlich
n, vor der Krippe,
zuwege. An jenem ersten „Ueberbrettl“=Abend bekam man
ieinem Schimmer
von ihm Gedichte des Hans Heinz Evers zu hören. Das
Weihnachtslied er¬
eine hieß „Die Wasserleiche“. In einem Teiche schwimmt
el!
eine schöne Wasserleiche. Die Karpfen sind um sie herum
8 „Chat Noir“, und
und erörtern das Schicksal des ertrunkenen Mannes. Die
unglückliche Liebe hat ihn dahin gebracht, meint der eine,
Kann als Rodolphe
Nein, sagt der andere, er war betrunken und ist in den
Montmartre (denn
klingt, daß dieser
Teich gefallen. Ein dritter, sehr alter Karpfen, der das
ernsten Angelegen¬
Leben kennt und weiß, daß man sich das Gute schmecken
Das „Ueberbrettl“
lassen muß, so lange es da ist, und daß nichts schädlicher
als seine französi¬
ist, als seine Zeit mit Philosophiren zu vergeuden, sagt
in Berlin nicht nichts, sondern beginnt gleich zu kauen. Herr v. Wol¬
nn als auf dem
zogen wußte durch seinen Vortrag überzeugend darzu¬
die rothe Mühle
thun, welch einen Genuß ein Karpfen, wenn er Fem¬
Das „Chat Noi“
schmecker ist, an einer schönen Wasserleiche finden kann.
ngen, und es ver¬
Mit einem Gedicht von Wolzogen: „Den lieben süßen
deren Verlumptheit
Mädeln“, Musik von James Rothstein, wurde die No###
stellung eröffnet. Der Componist hat den graziösen####,
hts von Bohème
doch solides Kunst¬
mit einer allzu schweren Melodie im „Meistersinger“=“
t die üppige und beladen. Herr Koppel, der treffliche Baritonist und Ha #a</Unicode>
            </TextEquiv>
        </TextRegion>
        <TextRegion orientation="0.0" id="r2" custom="readingOrder {index:1;}">
            <Coords points="1975,1340 1975,3174 3338,3174 3338,1340"/>
            <TextLine id="r2l1" custom="readingOrder {index:0;}">
                <Coords points="1969,1393 3343,1354 3328,1297 1968,1328"/>
                <Baseline points="1979,1381 2046,1378 2114,1376 2181,1374 2249,1372 2317,1371 2384,1369 2452,1368 2520,1367 2587,1367 2655,1366 2723,1365 2790,1365 2858,1365 2926,1364 2993,1364 3061,1363 3129,1363 3196,1362 3264,1362 3332,1361"/>
                <TextEquiv>
                    <Unicode>träger des „Ueberbrettl“, trug das Lied vor. Dazu sowie wie das</Unicode>
                </TextEquiv>
            </TextLine>
            <TextLine id="r2l2" custom="readingOrder {index:1;}">
                <Coords points="1979,1446 3147,1402 3297,1438 3326,1371 1978,1388"/>
                <Baseline points="1989,1425 2055,1423 2121,1422 2188,1419 2254,1418 2320,1417 2387,1416 2453,1415 2519,1414 2586,1413 2652,1413 2718,1412 2785,1411 2851,1411 2917,1411 2984,1410 3050,1410 3116,1409 3183,1409 3249,1408 3316,1408"/>
                <TextEquiv>
                    <Unicode>zu allen anderen Nummern, die keine besondere Decoration lich ein</Unicode>
                </TextEquiv>
            </TextLine>
            <TextLine id="r2l3" custom="readingOrder {index:2;}">
                <Coords points="1965,1476 3076,1465 3151,1446 3151,1409 1965,1450"/>
                <Baseline points="1975,1469 2033,1468 2091,1468 2149,1467 2208,1467 2266,1467 2324,1466 2383,1466 2441,1466 2499,1465 2558,1465 2616,1464 2674,1464 2732,1463 2791,1462 2849,1461 2907,1460 2966,1458 3024,1457 3082,1455 3141,1453"/>
                <TextEquiv>
                    <Unicode>erfordern, ist folgende „Ueberbrettl“=Scenerie zu denken:</Unicode>
                </TextEquiv>
            </TextLine>
            <TextLine id="r2l4" custom="readingOrder {index:3;}">
                <Coords points="1974,1519 3130,1515 3146,1450 1973,1480"/>
                <Baseline points="1983,1514 2040,1513 2098,1513 2156,1512 2213,1512 2271,1512 2329,1512 2386,1512 2444,1511 2502,1511 2560,1511 2617,1510 2675,1510 2733,1509 2790,1508 2848,1507 2906,1506 2963,1505 3021,1503 3079,1501 3137,1499"/>
                <TextEquiv>
                    <Unicode>Die Bühne stellt einen eleganten Salon dar mit Möbeln</Unicode>
                </TextEquiv>
            </TextLine>
            <TextLine id="r2l5" custom="readingOrder {index:4;}">
                <Coords points="1973,1579 3158,1560 3139,1505 1973,1541"/>
                <Baseline points="1983,1565 2041,1563 2099,1561 2157,1560 2215,1559 2274,1558 2332,1557 2390,1556 2448,1555 2506,1555 2565,1554 2623,1553 2681,1553 2739,1553 2797,1552 2856,1552 2914,1551 2972,1551 3030,1550 3088,1549 3147,1548"/>
                <TextEquiv>
                    <Unicode>im Secessionsstyl. Links ein Flügel, rechts vorne ein Fauteuil,</Unicode>
                </TextEquiv>
            </TextLine>
            <TextLine id="r2l6" custom="readingOrder {index:5;}">
                <Coords points="1966,1624 3166,1592 3165,1549 1965,1578"/>
                <Baseline points="1975,1614 2034,1611 2093,1609 2152,1607 2211,1606 2270,1605 2329,1604 2388,1604 2447,1603 2506,1603 2565,1603 2624,1602 2683,1602 2742,1601 2801,1601 2860,1600 2919,1599 2978,1597 3037,1594 3096,1592 3156,1589"/>
                <TextEquiv>
                    <Unicode>in dem gelegentlich Herr v. Wolzogen sitzt, wenn er nicht</Unicode>
                </TextEquiv>
            </TextLine>
            <TextLine id="r2l7" custom="readingOrder {index:6;}">
                <Coords points="1972,1673 3164,1627 3163,1591 1971,1624"/>
                <Baseline points="1981,1659 2039,1657 2098,1655 2156,1654 2215,1652 2274,1651 2332,1651 2391,1650 2450,1650 2508,1649 2567,1649 2626,1649 2684,1648 2743,1648 2802,1647 2860,1646 2919,1645 2978,1643 3036,1641 3095,1639 3154,1636"/>
                <TextEquiv>
                    <Unicode>gerade an der Rampe etwas zu reden hat. In der Mitte</Unicode>
                </TextEquiv>
            </TextLine>
            <TextLine id="r2l8" custom="readingOrder {index:7;}">
                <Coords points="1974,1724 3108,1704 3161,1630 1973,1674"/>
                <Baseline points="1983,1702 2041,1701 2099,1701 2158,1700 2216,1699 2275,1699 2333,1698 2391,1697 2450,1696 2508,1695 2567,1694 2625,1693 2683,1692 2742,1691 2800,1690 2859,1689 2917,1688 2975,1687 3034,1686 3092,1685 3151,1684"/>
                <TextEquiv>
                    <Unicode>der Vortragende, gehend oder stehend oder über einen Stuhl</Unicode>
                </TextEquiv>
            </TextLine>
            <TextLine id="r2l9" custom="readingOrder {index:8;}">
                <Coords points="1973,1772 3161,1737 3159,1670 3117,1705 1972,1729"/>
                <Baseline points="1983,1756 2041,1753 2099,1751 2158,1750 2216,1749 2275,1747 2333,1746 2391,1745 2450,1744 2508,1743 2567,1742 2625,1741 2683,1740 2742,1739 2800,1738 2859,1737 2917,1736 2975,1735 3034,1733 3092,1732 3151,1730"/>
                <TextEquiv>
                    <Unicode>gelehnt. Alle, Director, Sänger und Pianist, tragen den</Unicode>
                </TextEquiv>
            </TextLine>
            <TextLine id="r2l10" custom="readingOrder {index:9;}">
                <Coords points="1988,1826 3154,1786 3153,1747 3058,1734 1987,1768"/>
                <Baseline points="1997,1805 2054,1802 2111,1799 2169,1797 2226,1794 2283,1793 2341,1791 2398,1790 2455,1789 2513,1789 2570,1788 2627,1788 2685,1787 2742,1787 2799,1787 2857,1786 2914,1786 2971,1785 3029,1785 3086,1784 3144,1783"/>
                <TextEquiv>
                    <Unicode>farbigen Frack mit Metallknöpfen. Und der Sänger singt:</Unicode>
                </TextEquiv>
            </TextLine>
            <TextLine id="r2l11" custom="readingOrder {index:10;}">
                <Coords points="2262,1851 2775,1862 2870,1843 2869,1809 2810,1796 2723,1815 2382,1803 2262,1818"/>
                <Baseline points="2272,1849 2301,1849 2330,1850 2360,1850 2389,1850 2419,1849 2448,1849 2477,1848 2507,1848 2536,1847 2566,1846 2595,1846 2624,1845 2654,1845 2683,1844 2713,1844 2742,1844 2771,1845 2801,1845 2830,1846 2860,1847"/>
                <TextEquiv>
                    <Unicode>Nun hört, was der Weise spricht</Unicode>
                </TextEquiv>
            </TextLine>
            <TextLine id="r2l12" custom="readingOrder {index:11;}">
                <Coords points="2258,1898 2753,1885 2753,1862 2678,1847 2658,1859 2573,1848 2548,1868 2461,1848 2445,1862 2258,1853"/>
                <Baseline points="2268,1892 2293,1891 2318,1890 2343,1890 2368,1889 2393,1888 2418,1888 2443,1888 2468,1887 2493,1887 2518,1887 2543,1887 2568,1887 2593,1886 2618,1886 2643,1886 2668,1885 2693,1885 2718,1885 2743,1884"/>
                <TextEquiv>
                    <Unicode>Zu euren dicken Schädeln:</Unicode>
                </TextEquiv>
            </TextLine>
            <TextLine id="r2l13" custom="readingOrder {index:12;}">
                <Coords points="2263,1942 2589,1920 2826,1938 2825,1873 2791,1867 2713,1897 2563,1883 2263,1896"/>
                <Baseline points="2273,1925 2300,1926 2327,1926 2354,1926 2381,1926 2408,1926 2435,1925 2463,1925 2490,1925 2517,1924 2544,1924 2571,1923 2598,1923 2625,1923 2653,1922 2680,1922 2707,1922 2734,1922 2761,1921 2788,1921 2816,1922"/>
                <TextEquiv>
                    <Unicode>Verachtet mir die Mädel nicht,</Unicode>
                </TextEquiv>
            </TextLine>
            <TextLine id="r2l14" custom="readingOrder {index:13;}">
                <Coords points="2255,1982 2458,1963 2492,1977 2610,1965 2658,1977 2742,1960 2742,1928 2588,1918 2560,1934 2517,1921 2391,1937 2254,1913"/>
                <Baseline points="2265,1963 2291,1963 2317,1964 2343,1964 2369,1964 2395,1964 2421,1963 2447,1963 2473,1963 2499,1962 2525,1962 2551,1961 2577,1961 2603,1961 2629,1960 2655,1960 2681,1959 2707,1959 2733,1958"/>
                <TextEquiv>
                    <Unicode>Die lieben süßen Mädeln!</Unicode>
                </TextEquiv>
            </TextLine>
            <TextLine id="r2l15" custom="readingOrder {index:14;}">
                <Coords points="3165,1980 3184,1978 3186,1976 3200,1974 3196,1933 3184,1934 3175,1941 3161,1942"/>
                <Baseline points="3174,1966 3190,1965"/>
                <TextEquiv>
                    <Unicode>1</Unicode>
                </TextEquiv>
            </TextLine>
            <TextLine id="r2l16" custom="readingOrder {index:15;}">
                <Coords points="2067,2043 3304,2022 3282,1959 3164,1998 2924,1949 2066,1972"/>
                <Baseline points="2076,2027 2136,2027 2197,2026 2258,2026 2319,2025 2380,2025 2441,2024 2501,2024 2562,2023 2623,2023 2684,2022 2745,2021 2806,2021 2867,2020 2927,2019 2988,2019 3049,2018 3110,2017 3171,2016 3232,2015 3293,2013"/>
                <TextEquiv>
                    <Unicode>Wer wollte diese Mahnung nicht beherzigen? Aber# arme</Unicode>
                </TextEquiv>
            </TextLine>
            <TextLine id="r2l17" custom="readingOrder {index:16;}">
                <Coords points="1991,2076 3274,2080 3273,2023 1990,2043"/>
                <Baseline points="2000,2077 2063,2076 2126,2075 2189,2074 2252,2073 2315,2073 2378,2072 2442,2072 2505,2072 2568,2072 2631,2071 2694,2071 2757,2071 2820,2070 2884,2070 2947,2069 3010,2068 3073,2067 3136,2065 3199,2064 3263,2061"/>
                <TextEquiv>
                    <Unicode>wer möchte auch jemals geneigt sein, die lieben süßen bei d</Unicode>
                </TextEquiv>
            </TextLine>
            <TextLine id="r2l18" custom="readingOrder {index:17;}">
                <Coords points="1984,2130 3105,2149 3257,2115 3257,2080 1984,2086"/>
                <Baseline points="1994,2126 2056,2124 2119,2121 2182,2120 2244,2119 2307,2118 2370,2118 2432,2118 2495,2118 2558,2118 2621,2119 2683,2119 2746,2120 2809,2120 2871,2120 2934,2120 2997,2119 3059,2118 3122,2117 3185,2115 3248,2113"/>
                <TextEquiv>
                    <Unicode>Mädeln zu verachten? Es ist wirklich nicht nöthig, gar so Der</Unicode>
                </TextEquiv>
            </TextLine>
            <TextLine id="r2l19" custom="readingOrder {index:18;}">
                <Coords points="3161,2165 3191,2160 3195,2164 3209,2163 3205,2114 3195,2115 3191,2113 3173,2134 3171,2132 3169,2135 3159,2135"/>
                <Baseline points="3171,2159 3199,2157"/>
                <TextEquiv>
                    <Unicode>2</Unicode>
                </TextEquiv>
            </TextLine>
            <TextLine id="r2l20" custom="readingOrder {index:19;}">
                <Coords points="1979,2190 2062,2190 2097,2173 2125,2182 2152,2172 2192,2181 2203,2169 2217,2182 2239,2168 2294,2175 2343,2158 2343,2134 2309,2145 2232,2125 2106,2141 2080,2126 2029,2137 1977,2120"/>
                <Baseline points="1989,2172 2015,2171 2041,2170 2068,2170 2094,2170 2121,2170 2147,2170 2174,2170 2200,2169 2227,2169 2253,2167 2280,2166 2306,2164 2333,2161"/>
                <TextEquiv>
                    <Unicode>Frob zu werden.</Unicode>
                </TextEquiv>
            </TextLine>
            <TextLine id="r2l21" custom="readingOrder {index:20;}">
                <Coords points="2090,2224 3160,2205 3159,2134 2090,2175"/>
                <Baseline points="2099,2217 2151,2215 2204,2214 2256,2213 2309,2212 2361,2211 2414,2210 2466,2210 2519,2210 2571,2209 2624,2209 2676,2209 2729,2209 2781,2208 2834,2208 2886,2208 2939,2207 2991,2206 3044,2205 3096,2203 3149,2201"/>
                <TextEquiv>
                    <Unicode>Frau Olga Wohlbrück, eine andere Hauptkraft des</Unicode>
                </TextEquiv>
            </TextLine>
            <TextLine id="r2l22" custom="readingOrder {index:21;}">
                <Coords points="3166,2228 3175,2225 3180,2220 3182,2215 3196,2211 3186,2179 3179,2181 3176,2184 3161,2176 3151,2179"/>
                <Baseline points="3171,2211 3185,2207"/>
                <TextEquiv>
                    <Unicode></Unicode>
                </TextEquiv>
            </TextLine>
            <TextLine id="r2l23" custom="readingOrder {index:22;}">
                <Coords points="3164,2262 3176,2261 3180,2263 3185,2258 3197,2257 3193,2214 3183,2215 3174,2226 3170,2224 3160,2225"/>
                <Baseline points="3172,2253 3186,2252"/>
                <TextEquiv>
                    <Unicode>1</Unicode>
                </TextEquiv>
            </TextLine>
            <TextLine id="r2l24" custom="readingOrder {index:23;}">
                <Coords points="1992,2273 2657,2244 3165,2270 3119,2206 1992,2224"/>
                <Baseline points="2003,2270 2060,2268 2118,2265 2175,2264 2233,2262 2291,2261 2348,2260 2406,2259 2463,2259 2521,2258 2579,2258 2636,2257 2694,2257 2751,2256 2809,2256 2867,2255 2924,2254 2982,2254 3039,2252 3097,2250 3155,2249"/>
                <TextEquiv>
                    <Unicode>„Ueberbrettl“, trägt zwei Gedichte vor, ein ernstes und ein</Unicode>
                </TextEquiv>
            </TextLine>
            <TextLine id="r2l25" custom="readingOrder {index:24;}">
                <Coords points="1990,2326 3184,2309 3201,2257 1989,2276"/>
                <Baseline points="1999,2314 2058,2313 2118,2312 2177,2310 2237,2309 2297,2308 2356,2307 2416,2306 2476,2305 2535,2304 2595,2304 2655,2303 2714,2302 2774,2302 2834,2301 2893,2301 2953,2300 3013,2300 3072,2299 3132,2299 3192,2299"/>
                <TextEquiv>
                    <Unicode>heiteres. Das ernste, „Zwei Mütter“ von Hugo Salus,h</Unicode>
                </TextEquiv>
            </TextLine>
            <TextLine id="r2l26" custom="readingOrder {index:25;}">
                <Coords points="1980,2365 3126,2360 3215,2349 3214,2302 1979,2324"/>
                <Baseline points="1990,2360 2050,2358 2111,2357 2172,2356 2233,2355 2294,2354 2354,2353 2415,2352 2476,2351 2537,2351 2598,2350 2658,2349 2719,2349 2780,2348 2841,2348 2902,2347 2962,2347 3023,2346 3084,2346 3145,2345 3206,2345"/>
                <TextEquiv>
                    <Unicode>wirkt nicht, weil die Künstlerin den Ton gar zu pathetisch! T</Unicode>
                </TextEquiv>
            </TextLine>
            <TextLine id="r2l27" custom="readingOrder {index:26;}">
                <Coords points="1980,2389 2097,2421 3226,2416 3225,2353 3159,2336 1979,2365"/>
                <Baseline points="1990,2404 2051,2404 2112,2404 2173,2404 2235,2403 2296,2403 2357,2402 2419,2400 2480,2399 2541,2398 2603,2397 2664,2395 2725,2394 2786,2393 2848,2392 2909,2391 2970,2391 3032,2390 3093,2390 3154,2390 3216,2391"/>
                <TextEquiv>
                    <Unicode>nimmt; das zweite, „Das Gänschen“ von Robert Eysler, D</Unicode>
                </TextEquiv>
            </TextLine>
            <TextLine id="r2l28" custom="readingOrder {index:27;}">
                <Coords points="1980,2465 3135,2455 3162,2407 1980,2414"/>
                <Baseline points="1990,2452 2048,2452 2106,2451 2164,2450 2222,2449 2280,2449 2338,2448 2396,2447 2454,2446 2512,2445 2571,2444 2629,2443 2687,2442 2745,2442 2803,2441 2861,2440 2919,2440 2977,2440 3035,2440 3093,2440 3152,2441"/>
                <TextEquiv>
                    <Unicode>kommt sehr fein und amüsant heraus. Das Gedicht, das</Unicode>
                </TextEquiv>
            </TextLine>
            <TextLine id="r2l29" custom="readingOrder {index:28;}">
                <Coords points="3156,2487 3166,2486 3170,2482 3174,2486 3186,2487 3192,2493 3196,2491 3204,2496 3220,2495 3217,2436 3209,2436 3203,2441 3199,2439 3191,2441 3188,2446 3174,2446 3168,2451 3154,2449"/>
                <Baseline points="3167,2485 3209,2483"/>
                <TextEquiv>
                    <Unicode>da</Unicode>
                </TextEquiv>
            </TextLine>
            <TextLine id="r2l30" custom="readingOrder {index:29;}">
                <Coords points="1979,2511 3153,2485 3152,2450 3069,2437 1978,2470"/>
                <Baseline points="1989,2501 2046,2500 2104,2498 2161,2497 2219,2496 2277,2495 2334,2494 2392,2493 2450,2492 2507,2491 2565,2490 2623,2490 2680,2489 2738,2488 2796,2488 2853,2487 2911,2487 2969,2486 3026,2486 3084,2485 3142,2485"/>
                <TextEquiv>
                    <Unicode>wol den „Demoiselles à marier“ der Yvette Guilbert nach¬</Unicode>
                </TextEquiv>
            </TextLine>
            <TextLine id="r2l31" custom="readingOrder {index:30;}">
                <Coords points="3166,2559 3176,2558 3191,2542 3201,2541 3207,2537 3211,2537 3219,2544 3237,2544 3235,2506 3225,2507 3213,2495 3203,2496 3185,2487 3163,2486"/>
                <Baseline points="3175,2533 3201,2532 3227,2531"/>
                <TextEquiv>
                    <Unicode>hal</Unicode>
                </TextEquiv>
            </TextLine>
            <TextLine id="r2l32" custom="readingOrder {index:31;}">
                <Coords points="1985,2558 3149,2527 3148,2486 1984,2510"/>
                <Baseline points="1994,2553 2051,2549 2108,2547 2165,2544 2223,2542 2280,2541 2337,2539 2395,2539 2452,2538 2509,2537 2567,2537 2624,2537 2681,2536 2738,2536 2796,2536 2853,2535 2910,2535 2968,2534 3025,2533 3082,2532 3140,2530"/>
                <TextEquiv>
                    <Unicode>gebildet ist, schildert das deutsche Gegenstück, das ein Gäns¬</Unicode>
                </TextEquiv>
            </TextLine>
            <TextLine id="r2l33" custom="readingOrder {index:32;}">
                <Coords points="3172,2597 3181,2596 3192,2588 3201,2595 3205,2595 3221,2583 3226,2586 3238,2585 3232,2543 3221,2545 3210,2536 3198,2542 3190,2541 3177,2558 3167,2560"/>
                <Baseline points="3180,2586 3228,2580"/>
                <TextEquiv>
                    <Unicode>He</Unicode>
                </TextEquiv>
            </TextLine>
            <TextLine id="r2l34" custom="readingOrder {index:33;}">
                <Coords points="1996,2600 3111,2594 3156,2552 1995,2552"/>
                <Baseline points="2005,2595 2062,2593 2119,2592 2176,2591 2233,2589 2290,2588 2347,2588 2404,2587 2461,2586 2518,2586 2575,2585 2632,2584 2689,2584 2746,2583 2803,2582 2860,2581 2917,2580 2974,2579 3031,2577 3088,2575 3146,2573"/>
                <TextEquiv>
                    <Unicode>chen ist bis zur Heirat und nach der Heirat diesunver¬</Unicode>
                </TextEquiv>
            </TextLine>
            <TextLine id="r2l35" custom="readingOrder {index:34;}">
                <Coords points="3170,2636 3184,2632 3203,2642 3231,2642 3243,2630 3275,2635 3288,2620 3298,2619 3295,2593 3273,2594 3252,2582 3241,2591 3229,2582 3221,2583 3204,2595 3188,2588 3177,2599 3167,2600"/>
                <Baseline points="3180,2632 3207,2629 3234,2625 3261,2622 3289,2623"/>
                <TextEquiv>
                    <Unicode>spiele</Unicode>
                </TextEquiv>
            </TextLine>
            <TextLine id="r2l36" custom="readingOrder {index:35;}">
                <Coords points="1992,2653 3156,2637 3156,2593 1991,2607"/>
                <Baseline points="2001,2638 2058,2638 2115,2638 2172,2638 2230,2637 2287,2637 2344,2637 2401,2636 2459,2635 2516,2635 2573,2634 2630,2633 2688,2632 2745,2631 2802,2630 2859,2630 2917,2629 2974,2628 3031,2627 3088,2626 3146,2626"/>
                <TextEquiv>
                    <Unicode>standene Frau. Im glänzenden Phantasie=Costüm tritt Fräu¬</Unicode>
                </TextEquiv>
            </TextLine>
            <TextLine id="r2l37" custom="readingOrder {index:36;}">
                <Coords points="3167,2676 3181,2675 3205,2689 3221,2677 3231,2679 3246,2673 3264,2678 3272,2686 3294,2688 3293,2633 3279,2637 3273,2631 3256,2633 3248,2629 3224,2643 3210,2644 3185,2634 3177,2642 3167,2642"/>
                <Baseline points="3178,2676 3204,2673 3231,2672 3257,2673 3284,2674"/>
                <TextEquiv>
                    <Unicode>der </Unicode>
                </TextEquiv>
            </TextLine>
            <TextLine id="r2l38" custom="readingOrder {index:37;}">
                <Coords points="1987,2698 3158,2688 3157,2635 3023,2624 1987,2656"/>
                <Baseline points="1997,2687 2054,2685 2112,2684 2169,2683 2227,2682 2284,2681 2342,2681 2399,2681 2457,2680 2514,2680 2572,2679 2629,2679 2687,2679 2744,2678 2802,2678 2859,2677 2917,2676 2974,2675 3032,2675 3089,2673 3147,2672"/>
                <TextEquiv>
                    <Unicode>lein Bozena Bradsky auf und fingt Wolzogen's „Madame</Unicode>
                </TextEquiv>
            </TextLine>
            <TextLine id="r2l39" custom="readingOrder {index:38;}">
                <Coords points="3174,2731 3217,2721 3237,2734 3249,2734 3256,2726 3264,2726 3275,2735 3296,2733 3297,2685 3271,2686 3245,2673 3239,2679 3219,2678 3210,2688 3172,2687"/>
                <Baseline points="3183,2723 3209,2721 3235,2721 3261,2720 3287,2719"/>
                <TextEquiv>
                    <Unicode>wissen</Unicode>
                </TextEquiv>
            </TextLine>
            <TextLine id="r2l40" custom="readingOrder {index:39;}">
                <Coords points="1999,2737 2010,2735 2030,2750 2044,2738 2064,2758 2112,2761 2135,2748 2155,2752 2172,2734 2200,2733 2199,2709 2162,2704 2138,2691 2118,2695 2098,2686 2063,2693 1998,2690"/>
                <Baseline points="2008,2734 2034,2733 2060,2732 2086,2731 2112,2730 2138,2729 2164,2730 2190,2732"/>
                <TextEquiv>
                    <Unicode>Adéle“.</Unicode>
                </TextEquiv>
            </TextLine>
            <TextLine id="r2l41" custom="readingOrder {index:40;}">
                <Coords points="3162,2782 3174,2782 3186,2773 3227,2773 3233,2779 3241,2775 3261,2782 3273,2776 3289,2783 3300,2774 3314,2774 3312,2729 3290,2727 3283,2734 3273,2734 3263,2725 3249,2735 3239,2735 3215,2721 3160,2733"/>
                <Baseline points="3171,2769 3197,2767 3223,2765 3250,2765 3276,2764 3303,2763"/>
                <TextEquiv>
                    <Unicode>Major</Unicode>
                </TextEquiv>
            </TextLine>
            <TextLine id="r2l42" custom="readingOrder {index:41;}">
                <Coords points="2109,2793 2657,2789 2693,2776 2692,2719 2623,2706 2483,2734 2402,2714 2374,2738 2271,2714 2240,2734 2108,2744"/>
                <Baseline points="2118,2787 2146,2787 2174,2786 2202,2786 2230,2786 2259,2785 2287,2785 2315,2785 2343,2785 2371,2785 2400,2785 2428,2784 2456,2784 2484,2783 2512,2783 2541,2782 2569,2782 2597,2781 2625,2779 2653,2778 2682,2776"/>
                <TextEquiv>
                    <Unicode>Je suis Adele, la reine blonde,</Unicode>
                </TextEquiv>
            </TextLine>
            <TextLine id="r2l43" custom="readingOrder {index:42;}">
                <Coords points="3179,2827 3198,2827 3206,2833 3230,2822 3260,2832 3271,2820 3295,2825 3307,2817 3325,2823 3324,2762 3314,2762 3275,2790 3239,2775 3233,2779 3209,2771 3178,2774"/>
                <Baseline points="3188,2816 3213,2815 3238,2816 3264,2815 3289,2815 3315,2813"/>
                <TextEquiv>
                    <Unicode>sang ein</Unicode>
                </TextEquiv>
            </TextLine>
            <TextLine id="r2l44" custom="readingOrder {index:43;}">
                <Coords points="2103,2817 2170,2835 2255,2818 2563,2832 2768,2811 2767,2782 2708,2757 2657,2789 2102,2787"/>
                <Baseline points="2112,2822 2144,2823 2176,2823 2208,2823 2241,2823 2273,2824 2305,2824 2338,2824 2370,2824 2402,2824 2435,2823 2467,2823 2499,2822 2531,2822 2564,2821 2596,2820 2628,2819 2661,2817 2693,2816 2725,2813 2758,2812"/>
                <TextEquiv>
                    <Unicode>On me connait, messieurs, parbleu!</Unicode>
                </TextEquiv>
            </TextLine>
            <TextLine id="r2l45" custom="readingOrder {index:44;}">
                <Coords points="2104,2870 2990,2869 3027,2857 3027,2823 2948,2798 2593,2839 2103,2831"/>
                <Baseline points="2113,2860 2158,2861 2203,2861 2248,2861 2293,2861 2339,2860 2384,2860 2429,2859 2474,2859 2519,2858 2565,2857 2610,2857 2655,2856 2700,2855 2745,2854 2791,2854 2836,2853 2881,2852 2926,2852 2971,2851 3017,2851"/>
                <TextEquiv>
                    <Unicode>Je suis la reine, la reine, ia reine du Demimond,</Unicode>
                </TextEquiv>
            </TextLine>
            <TextLine id="r2l46" custom="readingOrder {index:45;}">
                <Coords points="3171,2868 3190,2865 3224,2877 3238,2868 3272,2876 3281,2867 3293,2875 3321,2876 3329,2868 3343,2870 3342,2823 3322,2819 3308,2827 3272,2820 3259,2832 3231,2823 3207,2830 3170,2826"/>
                <Baseline points="3181,2859 3206,2861 3231,2861 3257,2861 3282,2860 3307,2858 3333,2857"/>
                <TextEquiv>
                    <Unicode>von der</Unicode>
                </TextEquiv>
            </TextLine>
            <TextLine id="r2l47" custom="readingOrder {index:46;}">
                <Coords points="2101,2907 2220,2923 2273,2902 2512,2899 2558,2920 2638,2901 2700,2918 2699,2862 2675,2857 2101,2868"/>
                <Baseline points="2112,2901 2140,2900 2169,2900 2198,2900 2227,2899 2256,2899 2285,2898 2314,2898 2343,2897 2372,2897 2401,2897 2429,2896 2458,2896 2487,2895 2516,2894 2545,2894 2574,2894 2603,2893 2632,2893 2661,2893 2690,2892"/>
                <TextEquiv>
                    <Unicode>Adele est là — faites votre jen!</Unicode>
                </TextEquiv>
            </TextLine>
            <TextLine id="r2l48" custom="readingOrder {index:47;}">
                <Coords points="3170,2923 3201,2919 3215,2924 3229,2912 3269,2925 3288,2911 3341,2913 3340,2870 3325,2866 3295,2863 3273,2874 3238,2868 3224,2877 3190,2865 3169,2868"/>
                <Baseline points="3179,2907 3204,2908 3230,2908 3255,2907 3281,2906 3306,2906 3332,2904"/>
                <TextEquiv>
                    <Unicode>antreten</Unicode>
                </TextEquiv>
            </TextLine>
            <TextLine id="r2l49" custom="readingOrder {index:48;}">
                <Coords points="2082,2959 2147,2982 2214,2954 2352,2979 2380,2959 2635,2967 2666,2957 2666,2908 2082,2912"/>
                <Baseline points="2091,2955 2119,2955 2147,2955 2175,2955 2204,2955 2232,2955 2260,2955 2288,2955 2317,2955 2345,2955 2373,2955 2401,2955 2430,2955 2458,2954 2486,2954 2514,2954 2543,2953 2571,2953 2599,2952 2627,2951 2656,2950"/>
                <TextEquiv>
                    <Unicode>Aber Deutsch kann sie auch:</Unicode>
                </TextEquiv>
            </TextLine>
            <TextLine id="r2l50" custom="readingOrder {index:49;}">
                <Coords points="3173,2987 3206,2977 3236,2987 3244,2979 3260,2982 3281,2968 3299,2984 3323,2984 3342,2973 3342,2914 3320,2909 3306,2917 3282,2911 3265,2925 3247,2915 3235,2918 3227,2910 3209,2910 3201,2918 3190,2912 3172,2920"/>
                <Baseline points="3182,2955 3207,2955 3232,2955 3257,2955 3282,2954 3307,2954 3332,2953"/>
                <TextEquiv>
                    <Unicode>mit Erf</Unicode>
                </TextEquiv>
            </TextLine>
            <TextLine id="r2l51" custom="readingOrder {index:50;}">
                <Coords points="2155,3018 2800,3002 2931,3038 2960,3029 2960,2966 2823,2938 2589,2971 2259,2977 2215,2954 2154,2975"/>
                <Baseline points="2165,3013 2204,3013 2243,3012 2282,3012 2322,3011 2361,3011 2400,3010 2440,3010 2479,3010 2518,3010 2558,3009 2597,3009 2636,3009 2675,3008 2715,3008 2754,3007 2793,3006 2833,3005 2872,3004 2911,3002 2951,3001"/>
                <TextEquiv>
                    <Unicode>Denn mein Frauzösch' g'langt nur — o jeh!</Unicode>
                </TextEquiv>
            </TextLine>
            <TextLine id="r2l52" custom="readingOrder {index:51;}">
                <Coords points="2173,3055 2569,3065 2599,3049 2733,3052 2780,3032 2780,3012 2172,3021"/>
                <Baseline points="2183,3047 2212,3046 2241,3046 2271,3046 2300,3046 2329,3046 2359,3046 2388,3046 2417,3046 2447,3047 2476,3047 2505,3047 2535,3047 2564,3047 2593,3046 2623,3046 2652,3045 2681,3044 2711,3043 2740,3042 2770,3040"/>
                <TextEquiv>
                    <Unicode>Dum Hausgebrauch fürs Variété!</Unicode>
                </TextEquiv>
            </TextLine>
            <TextLine id="r2l53" custom="readingOrder {index:52;}">
                <Coords points="2085,3096 2096,3096 2104,3103 2124,3100 2141,3112 2164,3115 2183,3101 2193,3102 2196,3060 2188,3060 2181,3053 2161,3056 2147,3049 2133,3054 2129,3051 2123,3057 2118,3052 2109,3058 2087,3060"/>
                <Baseline points="2094,3093 2124,3092 2154,3095 2184,3099"/>
                <TextEquiv>
                    <Unicode>4%</Unicode>
                </TextEquiv>
            </TextLine>
            <TextLine id="r2l54" custom="readingOrder {index:53;}">
                <Coords points="2276,3095 2448,3124 2988,3097 3164,3116 3163,3033 2982,3062 2940,3032 2863,3061 2788,3037 2745,3063 2275,3067"/>
                <Baseline points="2286,3107 2329,3108 2372,3108 2416,3107 2459,3107 2503,3106 2546,3106 2590,3105 2633,3104 2677,3103 2720,3102 2763,3101 2807,3100 2850,3099 2894,3098 2937,3098 2981,3098 3024,3098 3068,3099 3111,3099 3155,3100"/>
                <TextEquiv>
                    <Unicode>Lebensgeschichte der Cocotte. Jede Strophe</Unicode>
                </TextEquiv>
            </TextLine>
            <TextLine id="r2l55" custom="readingOrder {index:54;}">
                <Coords points="1999,3183 3049,3146 3239,3184 3349,3171 3348,3090 1998,3118"/>
                <Baseline points="2009,3164 2075,3162 2141,3159 2208,3157 2274,3156 2341,3155 2407,3154 2474,3153 2540,3153 2607,3152 2673,3152 2739,3152 2806,3152 2872,3151 2939,3151 3005,3151 3072,3150 3138,3149 3205,3148 3271,3146 3338,3144"/>
                <TextEquiv>
                    <Unicode>geht in #? ehmüthigen Refrain aus: „Was glauben Sie,mihl de</Unicode>
                </TextEquiv>
            </TextLine>
            <TextEquiv>
                <Unicode>träger des „Ueberbrettl“, trug das Lied vor. Dazu sowie wie das
zu allen anderen Nummern, die keine besondere Decoration lich ein
erfordern, ist folgende „Ueberbrettl“=Scenerie zu denken:
Die Bühne stellt einen eleganten Salon dar mit Möbeln
im Secessionsstyl. Links ein Flügel, rechts vorne ein Fauteuil,
in dem gelegentlich Herr v. Wolzogen sitzt, wenn er nicht
gerade an der Rampe etwas zu reden hat. In der Mitte
der Vortragende, gehend oder stehend oder über einen Stuhl
gelehnt. Alle, Director, Sänger und Pianist, tragen den
farbigen Frack mit Metallknöpfen. Und der Sänger singt:
Nun hört, was der Weise spricht
Zu euren dicken Schädeln:
Verachtet mir die Mädel nicht,
Die lieben süßen Mädeln!
1
Wer wollte diese Mahnung nicht beherzigen? Aber# arme
wer möchte auch jemals geneigt sein, die lieben süßen bei d
Mädeln zu verachten? Es ist wirklich nicht nöthig, gar so Der
2
Frob zu werden.
Frau Olga Wohlbrück, eine andere Hauptkraft des

1
„Ueberbrettl“, trägt zwei Gedichte vor, ein ernstes und ein
heiteres. Das ernste, „Zwei Mütter“ von Hugo Salus,h
wirkt nicht, weil die Künstlerin den Ton gar zu pathetisch! T
nimmt; das zweite, „Das Gänschen“ von Robert Eysler, D
kommt sehr fein und amüsant heraus. Das Gedicht, das
da
wol den „Demoiselles à marier“ der Yvette Guilbert nach¬
hal
gebildet ist, schildert das deutsche Gegenstück, das ein Gäns¬
He
chen ist bis zur Heirat und nach der Heirat diesunver¬
spiele
standene Frau. Im glänzenden Phantasie=Costüm tritt Fräu¬
der 
lein Bozena Bradsky auf und fingt Wolzogen's „Madame
wissen
Adéle“.
Major
Je suis Adele, la reine blonde,
sang ein
On me connait, messieurs, parbleu!
Je suis la reine, la reine, ia reine du Demimond,
von der
Adele est là — faites votre jen!
antreten
Aber Deutsch kann sie auch:
mit Erf
Denn mein Frauzösch' g'langt nur — o jeh!
Dum Hausgebrauch fürs Variété!
4%
Lebensgeschichte der Cocotte. Jede Strophe
geht in #? ehmüthigen Refrain aus: „Was glauben Sie,mihl de</Unicode>
            </TextEquiv>
        </TextRegion>
    </Page>
</PcGts>
