3436 4192
575 73 828 148 bisode
258 68 1389 180 4.4. El22# box 7/7
825 718 1235 806 Telefon 12801.
359 831 1690 917 Alex. Weigl's Unternehmen für Zeitungs-Ausschnitte
1376 895 1569 950 Ausschnlt!
1410 943 1650 1045 Nr. 2
455 950 1405 1062 105 „JBSERTEK
309 1034 1747 1123 L. österr. behördl. conc. Bureau für Zeitungsberichte u. Personalnachrichten
500 1110 1597 1199 Wien, IX/1. Türkenstrasse 17.
705 1200 1356 1276 Filiale in Budapest: „Figyelé“
317 1254 1755 1356 Vertretungen in Berlin, Chicago, Genf, London, Newyork, Paris, Rom, Stockholm.
310 1394 840 1486 Ausschnitt aus:
902 1388 1648 1482 Neues Wiener Journal
329 1532 831 1637 von 23/2 1907
427 1873 1586 1970 (Theater in der Josefstadt.) Ein Menu in vier
315 1949 1589 2020 Gängen! Der gestrige, ungewöhnlich interessante literarische Abend
320 2000 1588 2060 wollte Jedem etwas bringen. Es handelt sich nur darum, wie
317 2052 1588 2117 Jeder über das denkt, was seinem Geschmack geboten wurde.
320 2100 1585 2149 Vier Stücke gab man. Grundverschieden von einander. Und
320 2139 1586 2216 doch haftet ihnen ein gemeinsamer Zug an. Keines dieser Stücke
321 2178 1583 2260 ist ein Stück. Jedes blos ein Stückwerk, eine mehr minder
318 2225 1138 2304 lose hingeworfene Skizze, ohne Abschluß
1229 2241 1567 2310 „Episode“,
326 2288 1573 2344 Lustspiel in einem Act von Arthur Schnitzler. Die Episode aus
321 2337 1559 2403 dem Leben eines Mannes ist eine Circusreiterin. Er glaubt sich von
1552 2335 1741 2426 inclusive
316 2390 1719 2458 ihr geliebt. Sie kehrt nach drei Jahren aus Rußland zurück, und wie Porto.
314 2424 1745 2487 er ihr aufgeregt entgegentritt — weiß sie sich nicht mehr genau Zahlbar
1567 2486 1764 2556 n Voraus.
318 2477 1567 2536 zu erinnern, woher sie ihn kennt. Es ist eine kleine, mitunter
319 2527 1571 2590 geistreich dialogisirte Bosheit. Kein Anfang, kein Ende. Ein
1563 2537 1786 2617 te ist das
320 2567 1562 2638 Stückchen Verismus. Es gefiel, ohne zu zünden. Vielleicht war
1570 2601 1781 2657 cht es den
315 2617 1571 2688 es nicht zusammengedrängt genug. Director Jarno und Herr
1572 2646 1639 2702 m.
317 2678 1582 2751 Sachs spielten das Stückchen elegaut, Fräulein Palme gab die
685 2713 738 2774 1
313 2712 671 2781 ungebildete Circust
901 2719 1076 2765 ffend natü
475 2718 1803 2788 Der „OBSERVERTDuausteuturstülich einen Auszug enthaltend die
351 2778 1786 2833 Inhaltsangabe aller wichtigen Mittheilungen der Wiener Morgen¬
353 2809 1793 2869 blütter (Tagesjournale ausser „Neue Freie Presse“ und Wiener Zeitung“)
363 2866 1790 2913 wodurch eine Uebersicht über das gesammte politische und wirthschaftliche Leben
353 2878 1801 2953 des In- und Auslandes in drastischer Kürze geboten wird. Diese Mittheilungen
358 2937 1155 2997 werden in Wien um 9 Uhr Früh verschickt.
656 2994 1490 3104 Prospecte gratis und franco.
2289 37 2677 109 Telefon 12801.
1813 134 3143 229 Alex. Weigl's Unternehmen für Zeitungs-Ausschnitte
2817 206 2997 276 Ausschaltt
1863 245 3101 340 105 „OBSERVER“ Nr. 6
1752 344 3199 428 I. österr. behördl. conc. Bureau für Zeitungsberichte u. Personalnachrichten
1929 412 3041 519 Wien, IX1, Türkenstrasse 17.
2136 516 2791 577 Fillale in Budapest: „Figyelé“
1753 578 3179 655 Vertretungen in Berlin, Chicago, Genf, London, Newyork, Paris, Rom, Stockholm.
1763 689 2279 769 Ausschnitt aus:
2279 710 3008 824 Geseuische Rundschau
1765 811 2310 927 n0 23/2 1207
2054 1160 3033 1266 Kunst und Wissenschaft.
2085 1245 3050 1314 Theater in der Josefstadt. Gestern gab es hier
1985 1301 3040 1366 wieder einen „literarischen Abend“, der gleich vier Ein¬
1988 1355 3042 1408 akter auf einmal brachte. Daß er zu Gunsten der „Con¬
1992 1403 3050 1465 cordia“ stattfand, konnte man schon daraus ersehen, daß
1991 1454 3056 1515 er zur Hälfte von Arthur Schnitzler und Georg
1991 1505 3048 1564 Hirschfeld bestritten wurde. Die interessanteste, aber
1987 1558 3044 1610 am wenigsten gewürdigte Darbietung war die Auf¬
1991 1593 3048 1654 führung des musikalischen Märchens „Das Streich¬
1782 1648 3049 1722 Für 50 z holzmädel“ von August Enna. Das Ander¬
3031 1671 3158 1731 hsive
1874 1689 1975 1745 100
1992 1692 3026 1751 son'sche Märchen von der armen Streichholzverkäuferin,
3035 1711 3140 1770 rto.
1876 1732 1973 1782 200
1995 1743 3145 1793 die sich in kalter Wintersnacht dadurch vor dem Erfrieren slbar
1871 1774 1976 1819 500
1833 1789 1879 1839 „
3035 1800 3166 1857 braus.
1992 1792 3038 1860 retten will, daß sie ein Streichhölzchen nach dem anderen
1820 1813 1971 1873 „1000
1994 1838 3036 1894 anzündet, erfährt hier eine ganz eigenartig wirkende
1875 1859 1971 1920 Im
3041 1849 3204 1925 st das
1981 1882 3033 1946 musikalisch=dramatische Wiedergeburt. Es ist im Grunde
1770 1895 1987 1963 Abonnemen
3037 1906 3208 1962 les den
2002 1946 3058 2001 nur eine einzige Szene, in der ein unpoetischer Vorgang
1772 1951 1987 2016 Abonnenten
2042 1979 2438 2051 der Erfrierungstod
2494 1981 3049 2049 geschildert wird. Die Musik
1879 2006 1976 2087 Der
1993 2025 3204 2085 aber vermag auch diesen, an sich unpoetischen Vorgang end die
1770 2065 1985 2129 Inhaltsang
1987 2085 3193 2140 poctisch zu verklären, indem sie zarte Fäden spinnt zwischen rgen¬
1757 2118 1978 2177 blätter
3036 2114 3196 2170 eitung“)
1994 2129 3191 2208 der Welt der Niedertracht und der Traumwelt. Es liegt; Leben
1772 2153 1974 2210 wodurch ei
1986 2167 3213 2247 etwas Aufreizendes in dem Schicksale des armen, von jilungen
1772 2193 1983 2245 des In- un
1993 2225 3041 2285 Jedermann unbeachtet und mitleidlos zur Seite geschobenen
1758 2228 1978 2297 werden in
2001 2278 3048 2339 Streichholzmädels, allein die holden Jugenderinnerungen,
1991 2316 3038 2378 die mit jedem angezündeten Streichholz dem armen Ge¬
1999 2366 3045 2431 schöpf visionär aufsteigen, werfen einen rosigen Schimmer
1999 2424 3045 2468 auf den Sterbeakt, und man empfindet es wie eine be¬
1989 2477 3235 2535 seligende Erlösung, wenn das arme Mädchen angesichts —
1987 2521 3041 2575 seiner Mutter im Himmel sich resignirt hinlegt, um
1986 2579 3038 2631 unter den hernieder sinkenden Schneeflocken sein irdisches
1987 2607 3044 2682 Dasein zu beschließen. Ein wenig larmoyant wirkt
1988 2653 3042 2707 freilich die traurige Geschichte, und Paula Worm
1996 2711 3039 2763 hatte harte Noth, aus dem poetischen Willen der Musik
1990 2766 3035 2829 nicht in's Weinerlich=Sentimentale zu verfallen. Dennoch
1990 2808 3047 2869 wirkte das Duodez=Operchen wie eine Erlösung aus der
1989 2856 3041 2922 widerlichen Atmosphäre der beiden Einakter der Herren
1991 2897 3046 2964 Schnitzler und Georg Hirschfeld. Daß man sich
1990 2951 3046 3022 in der Josefstadt verpflichtet hält, nach und nach denganzen
1994 3018 3047 3066 „Anatol“=Zyklus Schnitzler's auf die Bühne zu bringen,
1987 3048 3032 3109 mag immerhin als lokalpatriotische That gedeutet werden¬
1987 3095 3033 3151 so wenig sich h Stücke, wie das von falschestem Sentiment
1975 3147 3036 3200 diktirte Lustspiel „Episode“, für die lebendige Bühne
1977 3191 3032 3251 eignen. Daß man sich aber nicht scheut, so ekelhafte
1978 3237 3032 3297 Szenen aus dem jüdischen Familienleben öffentlich zu
1986 3308 3042 3355 entrollen, wie das in dem Schauspiele „Zu Hause“ von
1993 3338 3032 3397 Georg Hirschfeld geschieht, darüber möge sich das
1997 3397 3039 3452 „Concordia“=Publikum den Kopf zerbrechen. Für uns ist
1997 3444 3023 3501 es nur ein neuer Beweis dafür, daß wir gut daran thun
1977 3483 3038 3544 auf einer reinlichen Scheidung zwischen Deutsch und
1976 3529 3033 3581 Jüdisch zu bestehen. Eine wahre Erqnickung bot dagegen
1988 3577 3036 3642 die tragische Posse „Der gemüthliche Kommissär“
1992 3628 3030 3689 von Georges Courteline. Der Witz ist spezifisch
1989 3684 3039 3743 gallisch, die Satire beißend und die Laune von einer
1984 3728 3041 3785 liebenswürdigen Frechheit ohne Gleichen. Aber man kann
1986 3776 3031 3841 lachen, wirklich lachen, auch aus dem Grunde seines
1984 3824 3042 3875 deutschen Herzens, das weniger bissig ist. Zudem hat Herr
1988 3873 3042 3919 Maran Gelegenheit, echter, unverfälschter Maran zu
1977 3916 3041 3998 sein, so daß man einigermaßen versöhnt das Theater
1972 3965 2146 4029 verließ.
2858 3966 3034 4053 —
