3436 4192
594 117 770 187 1S0C
249 91 1371 223 4.4. Ep##e bos 7/7
814 959 1208 1023 Telefon 12801.
337 1044 1678 1135 Alex. Weigl’s Unternehmen für Zeitungs-Ausschnitte
1347 1122 1548 1176 Ausschnltt
405 1150 605 1253 105
681 1160 1679 1274 „OBSERVER“ Nr. 25
289 1285 1729 1346 I. österr. behördl. conc. Bureau für Zeitungsberichte u. Personalnachrichten
465 1335 1579 1426 Wien, IX, Türkenstrasse 17.
670 1411 1347 1499 — Filiale in Budapest: „Figyelö“ —
279 1477 1715 1563 Vertretungen in Berlin, Chicago, Genf, London, Newyork, Paris, Rom, Stockholm.
279 1610 823 1693 Ausschnitt aus:
293 1740 906 1859 vom 1#0. N
547 2013 627 2102 2
630 2012 1536 2164 Theater, Kunst und Musik.
709 2131 1613 2218 Im Josefstädter=Theater gab's gestern
554 2193 1608 2256 wieder einmal einen literarischen Abend (zu Gunsten
563 2237 1605 2294 der Cohncordia, weswegen das ganze Publikum auch
570 2288 1601 2338 den orientalischen Character hatte). Die Literatur hat
569 2325 1606 2387 durch die vier aufgeführten Einacter zwar wenig ge¬
564 2369 1601 2434 wonnen, aber wir sind im Josefstädter=Theater
563 2408 1611 2476 immer schon zufrieden, wenn es halbwegs anständig
562 2460 1611 2521 auf den Brettern zugeht. Arthur Schnitzler's
571 2495 1609 2570 „Episode“, fiel gänzlich durch. Daß eine Circus¬
434 2541 1622 2639 50 Zeitu reiterin ihre Liebhaber wechselt und schließlich einen
306 2562 420 2630 Für
571 2592 1688 2651 ihrer „Verehrer“, dem sie einen Abend bei der sire
403 2603 500 2661 100
337 2616 399 2672 „
573 2625 1675 2687 bunten Lampe geschenkt hatte, nicht mehr kennt und to.
584 2676 1684 2738 ihn mit einem Petersburger Liebhaber verwechselt, ist bar
395 2654 504 2736 20
354 2730 513 2802 1000
572 2715 1701 2793 doch eine kaum Interesse erweckende „Episode“. Unsexe raus.
1319 2759 1471 2810 nd öd
406 2766 1719 2838 Im GegeKtritik: „geistreicheln Burestk raf Yeitungsausschfftteet dal
298 2829 1713 2895 Abonnement durch keine bestimmte Zeitdauer begrenzt; — auch steht es dej
287 2877 1580 2924 Abonnenten frei die aufgegebenen Themen zu ergänzen oder zu ändern.
413 2937 1711 2996 Der „OBSERVER“ veranstaltet täglich einen Auszug enthaltend di
296 2994 1717 3039 Inhaltsangabe aller wichtigen Mittheilungen der Wiener Morgen
292 3038 1697 3082 blätter (Tagesjournale ausser „Neue Freie Presse“ und Wiener Zeitung
296 3070 1704 3127 wodurch eine Uebersicht über das gesammte politische und wirthschaftliche Lebej
298 3112 1706 3158 des In- und Auslandes in drastischer Kürze geboten wird. Diese Mittheilunge
303 3149 1091 3216 werden in Wien um 9 Uhr Früh verschickt.
591 3236 1416 3311 Prospecte gratis und franco.
2320 864 2729 948 Telefon 12801.
1847 966 3185 1063 Alex. Weigl’s Unternehmen für Zeitungs-Ausschnitte
2831 1050 3058 1110 Ausschnltt
1944 1057 2816 1194 NRGB „OBSERVER“
2817 1089 3175 1190 Nr. 30
1790 1179 3242 1282 I. österr. behördl. cone. Bureau für Zeitungsberichte u. Personalnachrichten
1973 1247 3065 1350 Wien, IX, Türkenstrasse 17.
2183 1323 2830 1421 Filiale in Budapest: „Figyelö“
1788 1401 3234 1480 Vertretungen in Berlin, Chicago, Genf, London, Newyork, Paris, Rom, Stockholm.
1770 1470 3245 1615 Kusschnitt ausDeitiche tntags -latt
2774 1619 3138 1710 0 Hzen
1787 1644 2265 1738 o 2 5 ##0
2338 2129 2612 2217 Kritik.
1977 2183 3064 2252 Das Theater in der Josefstadt hat ver¬
1842 2234 3046 2296 gangenen Freitag die Einnahmen eines „literarischen Abends“
1853 2269 3070 2332 der armen Concordia geschenkt und überdies noch jener Literatur,
1856 2327 3063 2378 die die Concordia zur Burgtheaterfähigkeit emporgeschwindelt
1863 2364 3073 2410 hatte, seine unterthänigste Reverenz erwiesen. Arthur Schnitzler
2249 2397 3070 2459 feld waren die officiellen Vertreter der
2164 2413 2215 2463 r
1861 2410 2124 2469 und Georg H
1865 2460 3084 2500 „Literatur“, August Enna diente mit seinem musikalischen
1806 2482 3077 2524 Fi Märchen „Das Streichholzmädel“ als geduldetes
1822 2508 3177 2578 „ Füllsel und der schalkhafte Franzose Georges Courtelineusive
1822 2558 3137 2613 „ durfte mit seiner tragischen Posse „Der gemüthlicherto.
1816 2605 3156 2658 „Commissär“ das lustige Nachspiel liefern, weil sie von lbar
1832 2639 3189 2685 einem Herrn Siegfried Trebitsch ins Deutsche übersetzt draus.
1864 2684 3073 2733 worden ist. Von Schnitzler wurde natürlich wieder eines
1770 2735 3207 2784 Abor seiner sieben „Anatol“=Lustspielchen aufgeführt, und zwar das st das
1776 2767 3211 2816 Abon langweiligste. Die Selbstgefälligkeit, mit der darin Schnitzler ##s den
1862 2805 3073 2864 seine melancholischen Erinnerungen an vergangene Liebeleien
1857 2835 3066 2892 auskramt, hat ihm einmal den Vergleich mit jenen indischen Fakirs
1857 2875 3201 2926 zugezogen, die ihren eigenen Nabel stundenlang betrachten und dabei id die
1769 2895 3203 2979 Inns eine Art Wollust empfinden. „Was geht uns der Nabel des Herrn gen¬
1774 2946 3204 3004 b1k Schnitzler an?“ So oder ähnlich mochten sich die meisten Concordia= tung“)
1766 2977 3203 3048 woau Leute nach dem Stückchen gefragt haben, sie aber klatschen Beifall, Leben
1766 3032 3205 3105 des um den Gähnkrampf zu überwinden. Dann kam Georg Hirschfeld jungen
1857 3063 3066 3121 mit seinem realistischen Schauspiele „Zu Hause“. Es war, als
1858 3112 3073 3156 wollte Director Jarno mit den scheußlichen Scenen aus dem
1859 3155 3070 3207 jüdischen Familienleben, die Hirschfeld darin aufrollt, den
1865 3199 3073 3243 Concordia=Leuten einen bösen Streich spielen. Das Sprichwort
1854 3231 3073 3288 „Dem geschenkten Gaul schaut man nicht ins Maul“ scheint aber
1847 3273 3064 3327 auch bei den Vertretern der Tagesliteratur Geltung zu haben,
1858 3307 3065 3366 obwohl es weder von Heine, noch von Börne herruhrt, und so
1858 3353 3089 3421 machten sie gute Miene zum bösen Spiel und klatschten sich ihre
1846 3379 2406 3452 innere Wuth aus dem Leibe.
