3392 4352
266 305 1804 406 Grillparzer-Breis box 40/2
1550 1910 2706 1984 enbidere ich mit treuen Wunschensü
307 1919 1576 1975 chin Nicht entschieben genug, der Block muß von ihnen ge¬l
1559 1962 2804 2042 folge Ihrer Bestrebungen. Der Kreis tätiger Teil¬
308 1970 1550 2038 kündigt werden. Herr Breitscheid will eine mächtige Volks¬
1554 1998 2789 2063 nehmer an Verbreitung nüglicher Volksbildung wird immer größer
302 2007 1559 2083 bewegung entfachen mit allen legitimen Mitteln. Dazu
1556 2030 2791 2126 und die Erfolge haben in jüngiter Zeit eine erfreuliche Wirtung
387 2102 1552 2178 Am lebendigsten geht es doch in den Opernhäusern dieser
1560 2124 2787 2186 Schmerz weder verbergen noch stilisieren will, und vielleicht ist
309 2151 1547 2215 Stadt zu. In der Hosoper wo Jelix von Weingartner die
1546 2165 2785 2254 diese Aufrichtigkeit und Rücksichtslosigkeit das wirkamste Element
307 2182 1545 2247 neue Herrschaft energisch und geschickt führt, werden Neu¬
1549 2213 2064 2278 des Puccinischen Werkes.
301 2236 1549 2317 inszenierungen und Novitäten vorbereitet. Noch eifriger, wenn
1621 2248 2788 2331 Das eigentliche große Wiener Theatefereignis ist aber weder
311 2286 1553 2357 auch nicht immer mit demselben künstlerischen Erfolg ist die
1561 2281 2793 2361 der Grillparzerpreis noch Puccini, sondern natürlich die neue
299 2329 1553 2399 Volksoper bemüht, namentlich um die musikalische Moderne.
1549 2351 2791 2418 Leharoperette „Der Mann mit dex drei Fronen“. Das war
296 2360 1550 2420 Nachdem sie im vorigen Jahre Puccinis „Toska“ mit großer
1548 2390 2787 2469 am Dienstag im Theater an der Wien der richtige sensationelle
295 2406 1555 2484 Wirkung herausgebracht hat, bietet sie jetzt auch ein Jugendwerk
1548 2443 2787 2511 Operettenpremierenabend, wie es ihn vielleicht nur in dieser
299 2458 1549 2534 des plötzlich beliebt gewordenen Komponisten, nämlich sein
1547 2488 2786 2535 Stadt gibt. Ein aufgeregtes Durcheinander von hochgespannten
301 2504 1536 2573 lyrisches Drama „Manon Lescaut“. Seine Entstehung reicht
1549 2532 2778 2600 Erwartungen, unbestimmten Gerüchten und Vorurteilen. Wird
298 2551 1542 2634 ein halbes Menschenalter zurück und im Auslande kennt man es
1549 2576 2778 2639 Lehar die lustige Wittoe übertreffen oder wird ihm überhaupt
300 2601 1539 2669 schon lange durch zahlreiche Aufführungen, sowohl in Italien
1550 2625 2786 2696 nichts mehr einfallen? Der Komponist hat so ztemlich alle ent¬
294 2653 1545 2702 als in Deutschland und Frankreich. Hier wo man in Massenets
1548 2663 2781 2740 täuscht, die begeisterten Anhänger und die kritischen Gegner, er
291 2692 1538 2761 „Manon“ schon seit Jahren verliebt ist, wollte man lange von
1536 2714 2784 2769 ist dem ganzen Genre seines großen Erfolges aus dem Wege ge¬
289 2736 1540 2808 einer modernen und veristischen Manon Lescaut nichts wissen.
1539 2758 2781 2807 gangen und befleißt sich diesmal wieder jenes sorgfältigen und
295 2782 1543 2851 Aber Puccinis spätere Werke, namentlich „Bahème und zuletzt
1538 2804 2777 2873 einheitlichen Stils, der sich namentlich in seinen ersten Operetten
294 2813 1539 2880 „Madame Butterfly“ haben auch seinen Erstlingsärbeiten den
1532 2847 2773 2914 in schönen Ansätzen bemerkbar machte Er vermeidet nach Kräf¬
292 2873 1531 2956 Weg nach Wien geebnet. Das Publikum der Voll### int sich
1535 2898 2776 2978 ten alle sogenannten Nummern und Schlager, er hat diesmal
294 2906 1533 2983 für „Manon Lescaut“ lebhaft interessiert und u dem zweiten
1532 2938 2774 3008 nicht für den Ballsaal und die Unterhaltungskonzerte geschrieben,
281 2970 1528 3019 Akt sogar begeistert, der allerdings der wirksanistt ist und das
1539 2982 2775 3055 auch nicht für das Gramophon und sonstige Walzen, Lehar war
282 3005 1540 3081 Vorspiel zum dritten Akt mußte sogar wiederholtwverden. Diese
1525 3037 2774 3096 vielmehr bemüht, seine ganze musikalische Bildung, sein drama¬
290 3046 1535 3116 Aufnahme ist eigentlich sehr erstaunlich, denn Massenets Werk
1532 3070 2773 3136 tisches und orchestrales Können zu entfalten, seine Verwandi¬
292 3083 1525 3164 ist sowohl textlich als musikalisch für Wiener Ohren und Gemüter
1534 3117 2776 3194 schaft mit der komischen Oper zu bekunden. Das Beste an seiner
277 3131 1530 3209 von einem viel größeren Reize, als die düstere Bearbeitung,
1531 3168 2776 3236 neuen Operette sind daher auch die dramatischen und lorischen
286 3174 1528 3256 die der Komponist dem Prevost'schen Roman hat angedeiben las¬
1536 3207 2768 3280 Elemente, die Dialogszenen, die Finalis und manche kleine Fein¬
282 3226 1531 3305 sen. Er hat nur die tragischen und melancholischen Kapitel her¬
1529 3246 2762 3324 heiten, die im Theater spurlos vorüberhuschen. Auch sonst gibt
277 3267 1538 3336 ausgeholt und so ist auch seine Musik. Völlig hingegeben an den
1521 3295 2757 3363 es viel Schönes, Zierliches und Fesches in diesen drei Akten,
277 3311 1532 3392 Schmerz und an die Verzweiflung. In dieser Maßlosigkeit und
1539 3340 2784 3422 wenn auch nicht in der mühelosen und freigebigen Fülle, durch
281 3363 2777 3473 Schrankenlosigkeit beiundet sich deutlich die Jugend, die ihren 1 die Lehar das Publikum bisher verwöhnt hat. Ein paar Bei¬
2982 1915 3335 2007 euuasseict.
2797 1980 3346 2042 Karlsruhe. Angenomm
2805 2021 3339 2090 Diebold in Mannheim.
2791 2060 3359 2123 die Postgehilfen Gustav De#
2791 2143 3343 2214 spiele: Das Schlummerlied,
2794 2202 3346 2257 zieht, der echt wienerische 3
2795 2239 3359 2313 britten Akt, das zweimal wi
2795 2285 3359 2345 Wirkung übten ein auf öste
2789 2330 3350 2382 schickt aufgebautes Duett und
2779 2376 3355 2431 Libretto stammt von Julius
2782 2422 3356 2477 nämlich die Figur eines Re
2784 2461 3346 2531 in Wien eine legitime Frau
2778 2514 3346 2579 illegitime Filiale hat, ist ei
2783 2536 3338 2627 und in den drei Akten gibt
2777 2593 3348 2663 Wiederholung. Auch eine #
2788 2642 3355 2709 guten Witzen und einige brillc
2780 2694 3347 2751 starke oder wenn man will
2790 2739 3346 2795 manche andere Notwendigkeit
2786 2783 3350 2847 fältig sind namentlich die Lic
2790 2825 3348 2892 selbstständigen Reiz und Wer
2776 2860 3343 2935 den in aller Eile von Berli
2777 2916 3344 2974 Christians an Stelle Treum
2775 2960 3348 3028 wenden, hätte den Abend bei
2781 3009 3345 3058 noch ein lauter Erfolg mit a
2773 3050 3331 3116 siegreichen Premierenabends:
2774 3089 3319 3153 ponisten und die Darsteller,
2769 3135 3346 3206 lichen Nutzpflanzen, Tücher
2767 3189 3325 3254 Uebertriebenheit aller Art.
2773 3230 3322 3293 Operette — das ist halt n
2772 3265 3352 3343 Augenblick noch keineswegs sa
2766 3323 3330 3382 Mal gegeben wird. Der R
2765 3362 3345 3445 unerforschlich, sie lenken und u
