3344 4352
1263 232 1715 356 box 40/2
130 259 1100 378 Grillparzer-Preis
754 730 2706 817 verlogenen Moral aufgebaut ist und die wenigsten! Alles andere vergeht, es entgleitet uns leise, kaum
1733 813 2706 860 merklich, wenn wir es noch so fest zu halten meinen.
760 817 1723 867 denken: Ich bin gut, trotz euch allen! Nein, sie den¬
1731 834 2715 902 „Nichts ist beständig, als der Wechsel!“ Dies Motto
751 850 1738 911 ken: Ich bin schlecht — aber es macht mir ein Ver¬
1744 883 2705 947 setzte ein moderner Philosoph vor eines seiner
761 896 1727 967 gnügen! Sié sind nicht groß, sondern leichtsinnig!“
1734 939 2702 989 Werke. So lehrt es die Natur um uns, in uns. Und
764 931 1732 998 Aber daß man groß sein kann und fündigen — was
1733 967 2715 1039 dem sollen wir uns in gewissen Fällen verschließen.
751 984 1736 1044 die Menschen Sünde zu nennen gewohnt sind, das
1743 1016 2718 1072 Wenn wir selbst in Ekstase, wenn wir selbst im
752 1034 1727 1082 weht uns an aus allen seinen Werken wie eine
1742 1055 2717 1116 Spiel sind, dann — dann möchten wir Naturge¬
763 1071 1736 1137 tröstliche Verheißung. In dem Einakter: Literatur
1734 1099 2714 1171 setze, die wir einst auf den Thron gehoben, umstoßen
762 1116 1725 1176 ist die Hauptfigur eine Frau, die spielt — und ge¬
1730 1145 2714 1213 und Kulturmauern aufrichten, um dahinter Schutz
764 1171 1286 1232 winnt. So ist das Leben.
1733 1195 1954 1269 zu suchen.
877 1197 1737 1256 Eines der nachdenklichsten Stücke ist Para¬
1863 1219 2315 1311 Ja, so sind wir alle.
769 1241 1742 1302 celsus. Ich möchte es kurz skizzieren. Paracelsus
1837 1250 2709 1334 Und Schnitzler, der Denker, der Dichter, stellte
769 1302 1744 1345 ist als verbummelter Student in die Welt gezogen
1748 1323 2719 1386 eine Reihe von Problemen auf, die jeder lösen mag
764 1331 1733 1397 und kehrt als Zauberer und Wunderdoktor wieder
1738 1367 2149 1434 nach seinem Sinn.
800 1377 1739 1437 — von den Leuten seines kleinen Heimatortes ange¬
1847 1381 2716 1468 Und in allen seinen Dichtungen ist die füh¬
770 1399 1752 1492 tannt. Nur Cyprian, der Waffenschmied, glaubt
1743 1461 2723 1511 rende Stimme: Resignation. Für all die dunklen
780 1457 1746 1537 licht an ihn. Er bringt ihn in sein Haus und
1746 1490 2718 1553 Wege — für all die verschlungenen Pfade, die die
784 1504 1737 1562 eizt ihn, seine Wunder zu zeigen. Und Paracelsus
1754 1532 2729 1593 menschliche Seele geht, hat er ein weises Verste¬
789 1547 1741 1620 lüstert der schönen Frau Justina, des Waffen¬
1748 1579 2714 1635 hen und Verzeihen und erleuchtet sie mit seiner
786 1585 1743 1644 chmiedes Weib, zu, sie solle eine nicht begangene,
1745 1617 2728 1689 Wunderlampe wundersam. Aber sie zeigt uns immer
793 1650 1746 1700 ber dunkel ersehnte Schuld als begangen fühlen.
1745 1665 2716 1730 von neuem, daß hinter jedem Glück schon die Ent¬
796 1677 1740 1737 Sie schläft ein — erwacht und gesteht. Cyprian,
1750 1717 2087 1782 täuschung lauert.
796 1714 1745 1792 urch das Geständnis der Schuld aus seiner be¬
1844 1726 2723 1810 Für dieses merkwürdige Stück hat Schnitzler
780 1762 1753 1826 shaglichen satten Ruhe aufgeschreckt, gerät in Angst,
1752 1800 2725 1854 den Grillparzerpreis bekommen. Hier ist der Reich=,
785 1799 1734 1880 bis Paracelsus sie von dem Spuk befreit und sagt:
1750 1825 2730 1911 sten einer, der uns unendlich viel gab und der uns
78 1841 711 1944 #ter und Literatur.
785 1856 1750 1936 „Es war ein Spiel! Was sollt es anders sein?
1760 1862 2730 1942 noch so vieles geben wird. Einer der Wenigen, die
783 1909 1732 1973 Was ist nicht Spiel, das wir auf Erden treiben,
1753 1927 2738 1978 mit brennender Fackel in die Dunkelheit der Zu¬
91 1854 577 2022 Arthur Schnitzler.
793 1955 1652 2010 Und schien es noch so groß und tief zu sein!
1753 1972 2737 2035 kunft hineinleuchten und uns die Wege zeigen, die
787 1983 1658 2049 Mit wilden Söldnerscharen spielt der Eine.
1770 1996 2721 2089 die Entwicklung langsam — allmählich gehen wird.
102 2004 532 2087 Von Marie Holzer.
794 2032 1690 2086 Ein anderer spielt mit tollen Abergläubischen,
795 2071 1643 2124 Vielleicht mit Sonne, Sternen irgend wer, -
72 2066 785 2129 Schnitzler hat den Grillparzerpreis be¬
784 2108 1624 2168 Mit Menschenseelen spiele ich. Ein Sinn
94 2120 784 2177 eine Siegesnachricht tragen es die
796 2133 1644 2202 Wird nur von dem gefunden, der ihn sucht.
93 2156 788 2223 alle Welt. Denn er ist der Reifsten
790 2185 1702 2242 Es fließen in einander Traum und Wachen,
96 2207 782 2266 unendlich viel gegeben. In jeder sei¬
793 2223 1662 2278 Wahrheit und Lüge. Sicherheit ist nirgends.
84 2246 787 2312 n liegt ein Problem von wundersamer
790 2257 1659 2331 Wir spielen immer, wer es weiß — ist klug.“
89 2296 790 2367 steht hoch darüber, auf einer hohen,
894 2328 1769 2410 Und dann im Grünen Kakadu: „Sein
94 2333 794 2399 e, weit über der Parteien Haß und
790 2371 1765 2441 spielen... kennen Sie den Unterschied so genau —
83 2383 767 2440 n. Ein gütiger, abgeklärter Mensch —
791 2395 1770 2475 Chevalier?“ Ein Dichter und noch mehr ein
86 2415 786 2486 des Wortes höchster, siegreichster Be¬
795 2444 1778 2521 Zweifler — ein Seher — den das Leben aus schil¬
786 2492 1773 2575 lernden Märchenaugen anblickt und deren tiefstes
84 2489 794 2568 Gestalten seiner Bücher ziehen mir
796 2556 1274 2624 Dunkel ergründen will.
69 2550 792 2602 Ele. Der arme, kleine Leutnant Gustl,
902 2559 1788 2658 Im „Zwischenspiel“ wird uns die Geschichte
80 2590 802 2655 liches Empfinden in Widerstreit liegt
802 2632 1779 2694 einer Ehe vorgeführt, die auf Freiheit, auf Wahr¬
80 2639 797 2708 henen Ehrbegriffen, dies Schwanken
797 2665 1779 2741 haftigkeit aufgebaut ist und wo die beiden Ehe¬
85 2679 797 2737 sicht und Pflicht — und endlich dieser
802 2708 1782 2778 gatten sich frei geben, in dem Moment wo der
84 2725 797 2783 fluß, der plötzliche Tod des Beleidigers
801 2744 1786 2831 Mann fühlt, daß er eine andere liebt. Die Frau
85 2768 789 2824 Gespenster, die Räuber seiner Schein¬
809 2793 1785 2869 ist verzweifelt — und schweigt. Und dann — nach¬
79 2811 798 2865 nichts als ein böser Spuk gewesen.
803 2841 1788 2908 dem das Zwischenspiel bei ihm vorüber, will er zu
73 2853 802 2918 Beria Garlan. Die langsam erwachende
807 2880 1778 2959 seiner Frau zurückkehren, die durch einen neuen
84 2898 796 2954 ich Glück in dem Herzen der jungen
804 2925 1777 2997 Erfolg als Bühnenkünstlerin ihm in erne# em¬
82 2944 804 3005 sie ihm entgegengeht — suchend, ta¬
813 2978 1795 3042 Lichte erstrahlt. Aber sie will nicht — sie will ihm
78 2981 802 3048 och unentwegt— wie die große Liebe
809 3014 1796 3091 Freundin sein — nichts weiter, wie sies ausge¬
76 3026 808 3094 acht — sie emporträgt über alle klein¬
816 3053 1787 3132 macht, sie will sich treu bleiben, „denn worin wären
81 3071 807 3133 en Bedenken, und dann der kurze
813 3101 1780 3175 wir jetzt besser, als all die Anderen, die wir ver¬
77 3111 799 3179 Ihr kaum zum Bewußtsein kam — kaum
962 3157 1008 3197 7
85 3156 804 3215 ffüllte und an den sie doch unzählige,
812 3164 970 3235 achten?“
910 3166 1796 3247 Und trotzdem geht er nicht. Mann und Fraus
80 3196 814 3263 Hoffnungen knüpfte und dann die kalte
815 3227 1788 3303 stehen sich gegenüber, vor Welt und Menschen ge¬
89 3241 808 3314 sie ihm nichts bedeutet als eine kurze
805 3275 1791 3350 hören sie einander an — trotz ihrer Kompromisses
85 3287 807 3356 fast allen Arbeiten Schnitzlers: Lie¬
612 3314 655 3353 7
811 3331 1805 3396 und trotzdem wie — wie grausam wirkt hier — die
85 3326 808 3391 ld, Märchen, Die griechische Tänzerin,
78 3353 807 3444 unden, in allen zeichnet er die deutsche
806 3380 1091 3447 Leidenschaft.
882 3401 1787 3476 Und dann — besteht sie auf dem Auseinander¬
89 3418 818 3484 Grundzug die Treue ist. Im Manne
819 3446 1783 3528 gehen — er ist verzweifelt und geht — aber wir
83 3457 808 3519 enschaft und Vernunft in ewigem
84 3498 807 3560 ist beider Sklave und schwankt hin und
816 3505 1366 3575 ahnen, daß er wiederkommt.
896 3519 1781 3604 Die Frau ist die Starke. Sie hat sich durch
80 3541 816 3611 os — ohne den Schwerpunkt zu fin¬
819 3574 1790 3650 Jahrtausende alle Zucht in der Gewalt, sie kann
84 3585 781 3647 au aber nimmt selbst eine Liebelei —
810 3630 1793 3708 schweigen und leiden — sie kann schweigen und sich
174 3626 821 3702 - ein Intermezzo ernst — die ist!
87 3675 633 3746 hrem ganzen Herzen dabei.
821 3683 984 3752 sehnen.
905 3685 1798 3783 Die ganze Kraft der Liebe liegt in der Beherr¬
92 3694 822 3779 einmal irgendwo eine wie mir dünkt
85 3759 815 3821 Charakterisierung der mitteleuropäi¬
823 3755 974 3836 schung!
900 3775 1798 3862 Unsere ganze Gesellschaft und Geselligkeit ist
90 3803 819 3876 Die Italienerin sagt: Er hai mich ge¬
821 3833 1804 3907 auf Höflichkeit aufgebaut, einer verfeinerten Form
89 3839 814 3910 mich verraten, ich werde mich rächen,
89 3900 816 3953 Die Spanierin: Ich werde ihn töten.
825 3874 1795 3951 der Lüge. Warum soll oder kann es im Kleinen an¬
81 3933 808 3992 hin: Ich werde mich mit einem anderen
817 3919 1807 3994 ders sein als im Großen? Ist ein Zusammenleben
92 3972 807 4045 Engländerin: Gut, daß er mich nicht
828 3970 1794 4039 überhaupt möglich auf Wahrhaftigkeit gegründet,
824 4015 1807 4086 absoluter Wahrhaftigkeit? Wenn man alles sagen
85 4020 817 4087 t. Und die Deutsche: Ich hab ihn ge¬
91 4056 1800 4130 mich verraten — ich werde beten, daß würde was uns durch die Seeele zieht, immer, wäre
821 4102 1786 4163 es nicht oft eine Entweihung — oft eine Grausam¬
92 4117 205 4170 verde.
737 4130 805 4186 Sie
