3392 4256
1202 240 1727 341 box 40/2
231 269 1128 364 Grillnarzer-Preis
1077 1193 1459 1292 Telephon 12801.
322 1330 396 1403 8
818 1384 1449 1482 atean
316 1400 818 1494 S ME
343 1458 390 1506 825
324 1464 1463 1555 0 l. österr. behördl. konz. Unternehmen für Zeitungs-Ausschnitte
329 1539 407 1582 60
487 1530 1365 1636 Wien, I., Concordiaplatz 4.
711 1614 1136 1674 Vertretungen
329 1640 1464 1722 0 in Berlin, Budapest, Chicago, Christiania, Genf, Kopen¬
312 1688 1474 1774 hagen, London, Madrid, Mailand, Minneapolis, New-Vork,
321 1716 368 1755 *
428 1734 1442 1807 Paris, Kom, San Francisco, Stockholm, St. Petersburg.
750 1780 1138 1853 (Quclienangabe ohne Gewahr.)
327 1847 384 1894 —
327 1850 820 1940 4 Ausschnitt aus:
821 1833 1512 1944 Neues Tagblatt, Stuttgart
332 1920 411 1967 555
317 1906 852 2023 Evom :    1908
438 2043 1399 2158 *Der Grillparzer=Preis ist, wie die Wiener Blätter
333 2075 1401 2184 melden, für dieses Jahr vom Preisgericht, das aus den Herren
332 2129 1401 2232 Direktor Schlinther, Dr. Burckhardt, Prof. Erich Schmidt.
334 2171 1405 2253 Hevesi und Professor Minor bestand, einstimmig Artbur
478 2219 1397 2311 Wer für seine Komödie „Zwischenspiel“ zuerkannt
329 2218 1387 2352 worn Damit erledigt sich die verfrühte Meldung des
324 2299 1399 2379 Lok.=Anz. von gestern, der Wildenbruch als preisgetrönfen¬
323 2326 1400 2427 Dichier der „Rabensteinerin“ gefeiert hat. Schnitzlers „Zwischei¬
316 2361 1388 2480 spiel“ ist unstreitig die feinsinnigste dramatische Gabe, die ##X
324 2400 1402 2514 Dichters Feder entflossen. Vielleicht entschließt sich nun auch?
323 2448 1267 2547 unsere Hofbühne, die Dichtung des Wieners zu geben.
2556 568 2945 650 Telephon 12801.
1815 675 1885 751 5
1818 745 1880 787 0
1881 732 2928 833 WELTNRETTTEIENNGH
1806 807 1893 854 —
1816 821 2954 896 O l. österr. behördl. konz. Unternehmen für Zeitungs-Ausschnitte
1975 884 2847 970 Wien, I., Concordiaplatz 4.
1805 964 1903 1019 2
2210 957 2622 1022 Vertretungen
1849 1017 2942 1095 9 in Berlin, Budapest, Chicago, Christiania, Genk, Kopen¬
1807 1046 2960 1113 hagen, London, Madrid, Mailand, Minncapolis, New-Vork,
1919 1087 2915 1141 Paris, Rom, San Francisco, Stockholm, St. Petersburg.
2223 1135 2613 1192 (Quelienangabe ohne Gewähr.)
1851 1185 2342 1268 Ausschnitt aus
2110 1173 3035 1341 NARpRAZER TAGRLATT
1830 1262 1895 1310 525
1811 1301 2039 1360 E vom:
1948 1363 2919 1468 Theater, Kunst und Zurraluk.
2067 1506 2788 1597 Der Grillparzer=Preis.
2099 1581 2748 1664 (Eine unangenehme überraschung.)
1950 1618 2954 1700 [Das Preisgericht, das über die Verleihung des Grill¬
1900 1679 2950 1766 Patzer=Preises von 5000 K zu erkennen hatte, hat eine
1925 1727 2955 1794 sonderbare Entscheidung getroffen. Die Preisrichter,
1922 1773 2953 1840 Professor Minor, Direktor Schlenther, Hofrat Burck¬
1911 1815 2952 1892 hard, Ludwig Hevesi und Professor Erich Schmidt, haben,
1922 1861 2965 1930 wie gemeldet, den Grillparzer=Preis Dr. Artur Schnitz¬
1913 1901 2973 1976 er für sein am Burgtheater seinerzeitfh
1924 1949 2966 2026 „wischenspiel“ zuerkannt; und dies, da sie nicht
1936 1996 2960 2073 schlüssig werden konnten, ob sie Schonherr für das
1933 2041 2976 2126 Drama „Familie“ oder Ernst v. Wildenbruch für das
1933 2093 2967 2153 „Drama „Die Rabensteinerin“ mit dem Preise auszeich¬
1926 2122 2950 2226 Inen sollten .... Die Verirrung des Preisrichterkolle¬
1940 2168 2964 2265 giums ist doppelt bedauerlich, weil würdige Stücker
1928 2212 2970 2284 arischer Dichter vorlagen, die sich mit voller Berechtigung
1943 2257 2970 2326 uim den Preis bewarben. Aber gerade diese fanden vor##
1947 2292 2963 2385 den Augen der Richter keine Gnade, und Anträge, die sich
1942 2347 2976 2427 für die Zuerteilung des Preises an Wildenbruch und
1943 2385 2969 2460 Schönherr einsetzten, blieben in der Minderheit. Es läßte
1944 2447 2997 2517 sich nicht ermessen, inwiefern im Kollegium persönlichen
1948 2474 2985 2560 Sympathien mitsprachen, gewiß aber ist, daß die Ent¬
1953 2528 2971 2601 cheidung einem literarischen Willkürakte sehr ähnlich
1960 2556 3023 2640 icht, durch den der Wert des Grillparzer=Preises em###
1950 2628 2400 2713 #indlich gedrückt wird.
2402 2632 2957 2703 — —.—
1983 2689 2973 2748 übrigens — hören wir die „Zeit": „Diese Entschei¬
1937 2718 2961 2780 dung kommt um so überraschender, als bis
1937 2773 2943 2835 vor kurzem noch Wildenbruch mit der „Rabensteinerin“
1938 2817 2958 2885 als der sichere Preisträger galt. Aber der Vorschlag
1940 2865 2957 2918 Xonnte nicht die Mehrheit der Preisrichter finden. Man
1952 2907 2947 2965 ab dabei vielleicht auch der Erwägung Raum, daß der
1952 2949 2961 3009 Preis nun schon viermal nach Deutschland gegangen ist.
1952 2990 2957 3041 DDreimal bekam ihn Gerhart Hauptmann für seine
1959 3036 2959 3103 Stücke „Der arme Heinrich", „Hannele" und „Fuhr¬
1938 3074 2960 3147 mann Henschel", und einmal Otto Erich Hartleben für
1950 3128 2970 3183 eine Offizierstragödie „Rosenmontag“. Als nun offen¬
1939 3167 2967 3230 ##r wurde, daß Wildenbruch die Mehrheit nicht erlangen
1943 3213 2952 3269 skönne, schlug Burgtheaterdirektor Dr. Schlenther die
1948 3258 2958 3297 Verleihung des Preises an Schönherr für dessen Schau¬
1947 3295 2957 3363 sviel „Familie“ vor. Doch auch dieser Vorschlag stieß auf
1940 3342 2955 3404 Gegnerschaften, und die Bemühungen des Dr. Schlenther
1926 3367 2952 3450 blieben ohne Erfolg. Nun machte der Vorsitzende des
1927 3434 2959 3471 Kollegiums, Prof. Jakob Minor, den Vorschlag, den
1927 3472 2966 3545 Grillparzer=Preis Artur Schnitzler für dessen mit Erfolg
1929 3515 2965 3575 gegebene Komödie „Zwischenspiel“ zu verleihen. Und
1932 3563 2840 3618 auf diesen Vorschlag einigte man sich schließlich.“
1985 3602 2950 3649 Bezeichnend bleibt schließlich auch die Selbstein¬
1923 3637 2960 3712 schätzung, die der Preisbeteilte Artur Schnitzler der
1935 3689 2952 3750 Entscheidung entgegenbringt. „Sie setzen mich,“ erklärte
1933 3734 2966 3794 Schnitzler einem Journalisten, der ihm die Nachricht
1935 3763 2968 3832 überbrachte, „in das höchste Erstaunen. Ich hätte
1921 3822 2954 3890 nicht geglaubt, daß der Preis mir verliehen werden
1922 3864 2951 3930 würde.“ Mit dieser Auffassung befindet er sich wohl in
1921 3902 2966 3969 vollster übereinstimmung mit den weitesten Kreisen
1925 3952 2199 4021 Deutschlands.
