3392 4352
219 179 1084 245 Erna: Nenn's so — sich von ihm erobern
130 218 1066 284 lassen, oder vielmehr ihn erobern, probieren, ob
123 271 1075 343 man überhaupt das noch imstande ist, ob ich
124 314 1082 376 heute noch denselben Eindruck auf ihn nachen
135 365 1060 437 könnte, wenn er mich jetzt erst im Leben träfe —
120 407 1079 486 lach, das war ein prächtiger Einfall von den
122 455 1072 534 Grillparzerpreisrichtern, Arthur Schnitzler den Preis
124 507 1071 586 zu geben und gerade=echenspiel“
131 568 1064 634 denn sonst wäre ich gar nicht zu dem Stück ge¬
128 608 1073 683 gangen — die Leute haben mir so krauses Zeug
129 658 1073 732 davon gesprochen — und ich hätte diese erlösende
125 702 1076 764 Anregung nicht bekommen — ich hätte mich, wer
128 753 1064 819 veiß wie lang, mit der quälenden Sehnsucht
132 811 1069 863 herumgeschleppt und wer weiß, auf was für ge¬
128 854 1073 928 fährliche Gedanken ich dabei noch hätte kommen
133 903 1068 981 önnen — aber so, Gottlob — und wie herrlich
129 950 1068 1022 s sich trifft, daß gerade der Fasching vor der Türe
133 1000 1063 1077 var, ich also den geraden Weg vor mir hatte —
194 1056 1061 1119 Uelly (immer lächelnd): Auf Abwege zu gehen —.
199 1104 1055 1173 Erna (ebenfalls lachend): Am Arme des mit¬
142 1142 481 1212 huldigen Gatten —
1103 169 2043 233 Ihnen sonst fast ein Rendezvons geben müssen.
1189 220 2055 300 Oowald: Mir, gnädige Frau? Dann gehe
1100 263 1921 326 ich lieber und lasse es darauf ankommen.
1176 327 2049 381 Uelly: Bemühen Sie sich nicht mit galanten
1094 363 2048 438 Floskeln, Sie unverbesserlichster aller treuen Ehe¬
1092 410 1264 467 männer
1329 426 2054 490 die Sache betrifft Erna selbst. Ich
1099 473 1985 523 muß Ihnen ein Geheimnis von ihr verraten.
1191 510 1998 589 Gowald (leicht erschreckend): Doch nichts
1081 556 1561 625 nichts Beunruhigendes?
1168 615 2042 691 Uelly: Nun, wie man's nimmt. Auf die
1088 670 1711 735 Redoute will sie morgen gehen.
1176 723 2038 786 Oowald (lachend): Weil ich hingehe? Natürlich,
1091 775 2011 840 um mich zu kontrollieren. Die liebe Eifersucht —
1085 820 2021 888 na, da strapaziert sie sich wirklich unnötigerweise —
1172 870 2039 949 Uelly: Nein, es ist was anderes — eine Er¬
1087 920 1579 985 oberung will sie machen.
1178 968 2038 1052 Oowald (wieder erschreckend): Was? — Das
1073 1021 1553 1083 ist doch nur ein Scherz
1172 1067 2042 1128 Uelly: Nein, völliger Ernst, sie ist fest ent¬
1074 1129 2051 1206 schlossen und würde sich sehr unglücklich fühlen,
1075 1168 1628 1237 wenn es ihr nicht gelänge.
2083 173 2361 224 Ehemann geger
2604 188 2646 236 te1
2739 183 3001 246 kann. Provo¬
2066 218 3020 277 zierend geradezu! „Es gibt nur eine einzige Erna.“
2067 263 3043 339 Na, warte es gibt doch nicht auch bloß einen
2060 307 3038 377 einzigen gelben Domino. Wuchs und Stimme haben
2061 363 3027 429 wir ziemlich gleich wa# het uns oft geuug für
2059 404 3034 470 Schwestern gehalten — na, und das bißchen
2070 463 3033 537 „Seelenparfüm“ wird auch zur Not zu beschaffen
2055 502 3030 585 sein. (Mit ähnlichem lüsternen Sinnen, wie Erna vorher.)
2061 551 3018 629 Da hätte ich ja so was, wie den Reiz der verbo¬
2055 603 3042 674 teuen Frucht — dieser Ehemann hat noch immer den
2064 649 3019 710 Liebhaber nicht abgestreift, er hat all das Verfüh¬
2063 704 3028 773 rerische von so einem — warum auch hat Erna
2052 760 3026 823 auf den Einfall kommen müssen — es ist so was
2063 798 3035 877 Stachelndes darin — sie ist nur selbst Schuld,
2055 851 3017 919 wenn — (sich heftig emporrichtend) was „wenn“ —?
2061 896 3033 953 Ich bin's ja, die sich den Spaß macht und die
2061 950 3015 1021 also wohl zu bestimmen weiß, wie weit er zu gehen
2054 986 2147 1045 hat
2202 1005 3017 1064 ich nehme dir nur den gelben Domino
2059 1044 3011 1122 weg, Erna, sonst nichts, sonst wahrhaftig nichts —
2172 1196 2886 1255 Fortsetzung des Textes auf der 8. Seite.
2096 1330 3077 1388 Chambre separée in dem Redoutenrestaurant.
2095 1398 3087 1450 Oswald zieht die, nur schwach widerstrebende
2086 1443 3080 1508 Nelly herein, die im gelben Domino, mit der
2315 1484 2878 1551 Larve vor dem Gesicht ist.
2196 1550 3078 1604 Oswald (in leidenschaftlicher Aufregung): Komm'
2090 1591 3082 1669 komm' berauschendes Doppelwesen, das ich kenne
2095 1645 3089 1713 und doch nicht kenne, das mir vorkommt, als hätten
2101 1691 3083 1757 wir schon Jahre lang in intimster Vertrautheit ge¬
2096 1749 3077 1795 lebt und doch, als atmete ich heute zum erstenmale
2099 1789 3082 1841 deine Nähe — wie wenn man ein liebgewordenes,
2103 1836 3085 1895 dem Ohre vertrautes Lied in ganz neuer Tonart
2102 1891 3087 1950 singen hört — meine Pulse hämmern, wie in
2099 1949 3078 1994 wilder Leidenschaft und doch ist so was still Ge¬
2102 1984 3079 2042 mütliches dabei — ein rasendes Begehren nach Nie¬
2095 2035 3077 2095 besessenem und doch was Eigentumssicheres, rauben
2104 2082 3075 2137 könnte ich dich in gewaltsamer Lust, wenn ich dich
2098 2136 3074 2192 nicht schon besäße — ich habe dich ja — (drückt
2093 2181 2685 2239 sie leidenschaftlich an die Brust).
2198 2223 3085 2280 Uelly (ebenfalls in solcher Aufregung): Ich bin
2099 2264 3081 2323 nicht die, die du in mir erkannt zu haben glaubst,
2102 2321 3086 2378 ich bin eine andere, eine ganz andere — laß mich,
2096 2372 2389 2438 laß mich —
2195 2389 3100 2482 Gowald: Du bist die und eine andere, zwei
2100 2454 3091 2546 Glückseligkeiten in einer — ich bin der Narr
2100 2516 3088 2587 nicht, dich zu lassen, das nicht auszugenießen —
2101 2563 3097 2617 und ebensowenig bist du die Närrin, die Stunde
2088 2614 3086 2682 zu verlieren — ich fühl's an deinen brennenden
2092 2648 3081 2729 Lippen, an deinem klopfenden Herzen, das ja den
2099 2713 2875 2788 schönen Busen schier zersprengen will -
2190 2896 3071 2975 Nelll (am nächsten Vormittag, noch in ihrem
2093 2950 3069 3023 Bette, sich dehnend und streckend): Ach, das war ent¬
2101 2996 3074 3060 zückend schlecht von mir — der arme Kerl hat
2105 3048 3078 3107 mich in seinem Liebestaumel erst recht für Erna
2095 3106 3014 3159 gehalten — ich habe ihn und sie betrogen
2104 3137 3081 3208 das war recht häßlich — (in schwelgerischem Nach¬
2099 3207 3081 3276 genießen) aber schön war's — so habe ich mir
2099 3245 3073 3300 als freie Witwe selbst doch einen Bissen verbotene
2108 3297 2433 3369 Frucht verschafft
2193 3439 3075 3508 Ernn (ebenfalls noch in ihrem Bette, den Kopf in
2094 3477 3077 3553 die Pölster wühlend): Entsetzlich — ich muß eine
2103 3533 3074 3594 Doppelgängerin haben, und während ich im
2101 3574 3081 3645 Maskengewühl nach ihm herumgeirrt bin, ist er in
2098 3627 3073 3684 ihren Armen gewesen und hat geglaubt, mich in
2101 3680 3074 3736 den Armen zu halten; er hat offenbar zu erraten
2107 3725 3075 3793 geglaubt, daß ich mir mit ihm auf der Redoute
2104 3770 3078 3855 einen Spaß machen wollte — und der liebe,
2107 3823 3081 3885 gute Mann ist so gewöhnt, nur mich überall zu
2105 3874 3070 3941 suchen und zu sehen — und ich darf ihn nicht
2100 3901 3077 3987 einmal über den Irrtum aufklären, denn so einen
2102 3984 3077 4036 Irrtum begeht ein Mann dann erst um so leichter
2097 4004 3082 4090 auch noch ein anderes Mal — und an dem Allen
2110 4067 3082 4143 sind nur Schnitzler und der Grillparzerpreis
2110 4128 2242 4195 schuld
