3344 4352
2069 241 2159 306 —
1280 306 1727 417 box 40//2
214 298 1137 413 Griilparzer-Preis
1225 1612 1885 1769 eerecheten en de lhgtusgnsluce
1902 1623 2253 1776 Sen
784 1763 1878 1827 oder werden jene unseligen Kräfte seiner Volksnatur
105 1737 765 1828 in aufregendes Moment aus
1901 1756 3009 1827 stärksten und drohendsten Seemacht, die England je
108 1827 759 1892 tfernt. Es ist in der That
784 1812 1884 1878 es auf dem Wege des Ehrgeizes weitertreiben, der
1899 1815 3005 1886 besessen hat, und wir haben unsere Armut und Schwäche
791 1871 1886 1931 ihm so oft schon verderblich wurde. Freilich Waldeck¬
1904 1866 3002 1947 nur zu sehr erkennen müssen.... Als Ideal der für
102 1870 759 1937 en, was so sans gene ge¬
1903 1903 3014 1991 uns nötigen Seemacht können wir bezeichnen: die
783 1928 1908 1983 Rousseau spricht vernünftig und besonnen. Minister
131 1921 763 1981 werden könnte. Die weiße
793 2020 1885 2085 stets, daß sie ins Winterbierhaus passen. Dazu kommt, daß
1910 2019 3005 2094 also noch gar nichts über ein Stück, über einen Autor.
111 2026 568 2113 Uparzerpreis.
795 2073 1889 2130 gerade der „Rosenmontag“ alle Qualitäten hat, die der
1912 2072 3007 2135 Woran soll sich nun das Publikum halten? Es fühlt
154 2097 276 2152 Von
796 2116 1893 2179 Wiener an einem guten Stücke wünscht: er sieht so aus, als
1906 2118 3001 2181 selbst, daß die Zahl der Aufführungen nichts bedeutet,
113 2119 477 2215 nn Bahr (Wien).
794 2172 1883 2226 ob er eigentlich verboten werden müßte, und ist doch
1913 2167 2997 2233 und daß es ungerecht wäre, den Wert eines Stückes
128 2186 752 2274 wird für das „relativ beste“
798 2220 1890 2286 in jedem Hoftheater möglich, so stark, daß er prickelt,
1908 2210 3002 2276 nach den Tantiemen zu berechnen, die es trägt. Es
798 2267 1879 2325 und doch harmlos; er thut modern und hat doch die
107 2264 769 2328 das in den letzten drei Jahren
1912 2267 3002 2329 findet ferner, daß man sich auch auf die Presse nicht
109 2312 761 2379 deutschen Bühne gegeben worden
1901 2311 3007 2371 verlassen kann, weil ihr Urteil dem Spiele von Haß
787 2320 1892 2377 gute, alte herzzerbrechende Handlung; und er hat
110 2360 768 2428 al Hartleben für den „Rosen¬
1898 2363 3009 2411 und Liebe nicht immer entrückt sein soll. Es
798 2361 1893 2422 Rollen, in welchen sich die Schauspieler auszeichnen
790 2412 1893 2470 können. Dafür muß man dankbar sein, und so wird
1909 2411 2998 2474 hat also das Bedürfnis nach einer „höheren Instanz“,
104 2398 764 2475 arüber ist man nun in Wien in
113 2459 770 2523 enn man findet die Entscheidung
796 2460 1893 2515 man gegen seine Berufung zur höchsten litterarischen
1903 2462 3009 2525 die sich durch den Lärm nicht betäuben, von der Laune
106 2508 760 2574 um“, will aber nichts gegen sie
795 2508 1895 2574 Ehre, die der Oesterreicher zu vergeben hat, öffentlich
1904 2507 3007 2562 der Menge nicht hinreißen läßt, sondern auf die Sache
798 2557 1217 2620 nichts sagen. Aber —
108 2554 540 2621 leben sehr gern hat.
1914 2552 3001 2615 selbst hört und also fähig ist, auszugleichen und gut
837 2599 1883 2665 Aber man ärgert sich. Man ärgert sich, weil man
104 2581 772 2667 s sehr beliebt, mehr als irgend
1909 2601 3012 2660 zu machen, was der Zufall verschuldet hat, vielleicht
1905 2652 3002 2718 sogar mit einer leisen Absicht gegen diejenigen, die
795 2651 1892 2703 die Empfindung hat, es sei dadurch der eigentliche
107 2649 761 2719 Autor. Er hai Goethe heraus¬
1904 2696 2208 2761 Glück haben.
792 2693 1895 2764 Sinn dieses Preises verletzt worden, und weil man
107 2703 764 2769 aben eine rein ausgefeilte Form
1950 2741 2999 2806 Es hätte es darum zum Beispiel ganz in der
795 2748 1889 2805 einen besseren Kandidaten für ihn zu haben glaubt.
104 2751 772 2818 nanisten zu, der in jedem ge¬
1910 2785 3010 2857 Ordnung gefunden, wenn man nach der „Erziehung
795 2797 1882 2860 Man ärgert sich und muß doch dabei lachen, weil es
116 2800 770 2858 steckt. Er verhält sich kritisch
792 2849 1884 2903 der Zufall will, daß dieser andere Kandidat aus einem
121 2849 762 2916 Größen imponieren ihm nicht,
1904 2861 2998 2914 zur Ehe“, welche die Kenner entzückte, ohne die Menge
795 2899 1881 2965 Grunde ausgeschlossen worden ist, der Hartleben und
1914 2896 3006 2951 anzuziehen, Hartleben durch einen Preis mit dem
98 2900 775 2952 t er, er ist auch ein „Ver¬
1920 2945 3009 3011 stärkeren Erfolge vieler schlechter Stücke ausgesöhnt
792 2948 1744 3005 gerade den „Rosenmontag“ ganz ebenso trifft.
112 2942 764 3004 feld sich einmal stolz genannt
1915 2993 3007 3053 hätte. Es nimmt ihm keineswegs übel, daß er beim
825 2985 1887 3042 Welchen Sinn kann es haben, unter den vielen
112 2991 769 3056 unserem ewig räsonnierenden,
1906 3038 3009 3098 „Rosenmontag“ einmal den Forderungen und Bedürf¬
796 3037 1883 3106 Stücken, die in drei Jahren mit Erfolg gegeben worden,
103 3037 760 3113 hißvergnügten Geiste. Er muß
1902 3085 3010 3148 nissen der Menge etwas nachgegeben hat; es begreift,
782 3090 1885 3150 eines durch einen Preis auszuzeichnen? Doch offen¬
117 3090 766 3165 n gefallen, weil er auf allen
1914 3137 3012 3194 daß auch ein Dichter einmal einen Erfolg haben will,
792 3138 1881 3191 bar nur den: das Urteil der Menge zu korrigieren.
110 3128 775 3205 fast wie ein Franzose, tanzen
1920 3184 3004 3248 selbst auf seine Kosten. Aber warum er für diesen
799 3187 1882 3258 Aufgeführt werden Stücke aller Art, gute und
102 3179 770 3255 ener schmeicheln sich, Artisten zu
793 3226 1880 3292 schlechte, von Dichtern und von Fabrikanten. Wir
1916 3234 3010 3302 Erfolg, gerade für ihn, auch noch litterarisch besonders
109 3238 774 3301 Wien gewesen, und seine ganze
1914 3281 3003 3342 belohnt werden soll, will es nicht einsehen. Das
789 3280 1889 3341 wissen, daß der Wert eines Stückes mit seinem
100 3284 776 3353 he Art, die jeden gleich duzt, ist
1919 3327 2999 3390 Gericht, meint es, könnte sich dann eigentlich die lange
792 3334 1883 3391 Erfolge gar nichts zu thun hat. Ganz schlechte Stücke
102 3328 767 3396 mmer eine angenehme Salvator¬
1908 3375 3006 3438 Arbeit ersparen und einfach sagen: Wer sich ausweisen
104 3382 778 3437 ein Maupassant, mit dem man
795 3368 1892 3445 gefallen sehr, aber es kommt sogar vor, daß auch
798 3425 3011 3508 einmal ein gutes gefällt. Nach dem Erfolge weiß man! kann, in den letzten drei Jahren die höchsten Tantiemen
106 3432 791 3516 ener aber verlangt von Dichtern
