3344 4352
1305 282 1754 378 box 40/2
131 296 1155 385 6. Grillparzer-Preis
1074 1459 1473 1545 Telephon 12801.
338 1578 396 1635 82
780 1565 1057 1663 FINTAsh
325 1624 396 1654 1n
330 1650 404 1692 O
1196 1548 1469 1723 Sli
767 1626 1086 1715 MIEANE
314 1680 408 1719 —
313 1661 618 1758 * MAnnun
324 1719 1476 1790 O l. österr. behördl. konz. Unternehmen für Zeitungs-Ausschnitte
337 1788 406 1836 66
488 1803 1371 1879 Wien, I., Concordiaplatz 4.
730 1865 1157 1928 Vertretungen
321 1868 416 1923 4
335 1914 1478 1971 00 in Berlin, Budapest, Chicago, Christiania, Genf, Kopen¬
327 1956 1471 2021 ## hagen, London, Madrid, Mailand, Minneapolis, New-Vork,
325 1970 372 2003 24
428 1982 1438 2059 Paris, Rom, San Francisco, Stockholm, St. Petersburg.
329 2021 377 2060 4
737 2035 1142 2095 (Oucllenangabe ohne Gewahr.)
326 2108 1357 2180 * Ausschnitt aus: Der Samstag, Wien
339 2134 404 2194 2
336 2182 417 2215 50
330 2210 545 2266 E vom:
751 2278 1278 2368 jüngste Verleihung
582 2332 1269 2413 1des Grillparzer=Preises. In
581 2382 1284 2471 Oder kürzlich stattgehabten Sitzung der
597 2416 1278 2485 Akademie der Wissenschaften wurde
592 2462 1290 2527 das Erkenntnis des Preisgerichtes für
598 2495 1282 2563 den Grillparzer=Preis publiziert. Dieses
593 2535 1293 2595 Erkenntnis wurde einstimmig gefällt.
603 2575 1284 2635 Der Preis wurde Dr. Arthur Schnitzler
606 2600 1290 2683 zuerkannt und zwar für sein, ein
603 2652 1297 2714 Repertoirestück des Burgtheaters bil¬
593 2689 1278 2764 dendes Bühnenwerk: „Zwischenspiel.“
604 2739 1294 2795 Der Grillparzer=Preis, der so oft in
596 2769 1290 2830 das Ausland gewandert ist, wurde so¬
615 2814 1304 2874 mit diesmal einem österreichischen
609 2844 1301 2916 Dichter zuerkannt. Das Preisgericht
610 2882 1307 2945 besteht aus den Herren Professor
610 2910 1309 3003 Minor, Direktor Dr. Schlenther, hof“
729 3055 1306 3127 rat Dr. Burckhardt, Ludwig
730 3087 1306 3165 hevest und professor Erich
742 3137 1308 3214 Schmidt. Der preis ist nach je
741 3170 1317 3251 drei Jahren, immer am 15. Ja¬
749 3208 1316 3281 nuar, als dem Geburtstage des
742 3249 1315 3322 Dichters, zu vergeben, und zwar
752 3287 1322 3369 nach dem Stiftsbriefe „für das
750 3317 1321 3399 relativ beste deutsche dramatt¬
750 3361 1327 3447 sche werk, das im Laufe des
758 3403 1328 3487 letzten Trienniums auf einer
757 3443 1328 3523 namhaften deutschen Bühne zur
760 3486 1335 3565 Aufführung gelangte und nicht
762 3521 1341 3606 schon von einer anderen Seite
762 3556 1355 3645 ausgezeichnet wurde.“ Derpreis
758 3603 1352 3695 beläuft sich auf 5000 Kronen.
2695 234 3094 335 Telephon 12801.
1966 369 2013 436 8
1943 408 3082 530 P uinnsntKeng
1966 499 3100 569 ∆ l. österr. behordl. konz. Unternehmen für Zeitungs-Ausschnitte
1965 568 2036 616 6
2129 558 3003 654 Wien, I., Concordiaplatz 4.
2359 643 2778 702 Vertretungen
1945 646 2050 693 —
1969 682 3097 742 0 in Berlin, Budapest, Chicago, Christiania, Gent, Kopen¬
1965 748 1998 778 4
1952 723 3104 795 # hagen, London, Madrid, Mailand, Minneapolls, New-Vork,
2061 764 3077 822 Paris, Rom, San Francisco, Stockholm, St. Petersburg.
1977 795 2010 834 7
2369 813 2767 875 (Quellenangabe ohne Gewahr.)
1969 858 2461 938 & Ausschnitt aus:
2213 848 3053 1009 Sltespe Volits Toftung. Wie
1977 975 2181 1040 1 vom:
2206 997 2848 1105 Der Oriparzer-Preis.
2030 1076 3030 1180 Artur Schniulers, Zwischenspiel“ preisgekrönt.
2103 1164 3032 1228 Ein Außenseiter hat im Endrennen als Erster die
2037 1206 3035 1271 Schranken passiert — würde man sagen können, wenn
2024 1258 3035 1297 es sich um ein sportliches Ereignis handelte. Und man
2030 1295 3031 1356 könnte auch gar nicht behaupten, Artur Schnitzler
2033 1342 3027 1381 hahe mit seinem „Zwischenspiel“ gesiegt, wie er
2026 1376 3035 1443 wollte, denn er dachie gar nicht daran, daß man ihm
2032 1422 3034 1487 just für dieses Bühnenwerk den Preis zuerkennen würde.
2034 1474 3027 1533 Der Tichter selbst hätte das unerwartete Ergebnis eher
2031 1512 3039 1562 verstanden, wenn der „Ruf des Lebens“ bis zu den.
2029 1556 3025 1619 Preisrichtern gedrungen wäre. Das Preisgericht, bestehend
2034 1600 3031 1664 aus den Herren Hofrat Dr. Burckhard, Ludwig
2035 1645 3032 1697 Hevessy, Professor Dr. Minor, Burgtheater¬
2027 1687 3030 1754 „Direktor Dr. Schlenther und Professor Erich
2040 1727 3031 1789 Schmidt (Berlin), hat gestern nachmittags die Schluß¬
2051 1772 3019 1826 sitzung für die Verleihung des Grillparzer=Preises im
2036 1813 3030 1887 Betrage von 5000 Kronen abgehalten. Dieser Preis ist
2036 1863 3023 1912 nach der Bestimmung des Stifters „für das relativ
2037 1906 3021 1962 beste deutsche dramatische Werk ausgesetzt, das im Laufe
2046 1951 3037 2008 der letzten drei Jahre auf einer namhaften deutschen
2041 1995 3033 2050 Bühne zur Aufführung gelangt und nicht schon von
2041 2038 3027 2094 einer anderen Seite durch einen Preis ausgezeichnet
2039 2075 2276 2139 worden ist“.
2112 2097 3074 2181 Im ganzen kamen 94 Bühnenwerke in Betracht. 2#
2040 2156 3037 2229 „Favorit“ war Wildenbruch mit seinem Ritterstück
2048 2208 3040 2251 „Die Rabensteinerin“, aber auch Schön¬
2048 2250 3029 2303 herrs „Familie“ wurde stark gewettet; der Vor¬
2037 2286 3043 2355 schlag. Wildenbruch zu prämieren, fand jedoch nicht die
2044 2348 3045 2390 entschiedene Mehrheit; ebenso stieß der Vorschlag, den Preis #
2034 2385 3037 2433 Schönherr zu verleihen, auf unüberwindliche Schwierig¬
2042 2411 3055 2485 keiten, worauf man sich, einem Vorschlag Professor
2039 2474 3042 2522 Minors zustimmend, auf Schnitzlers „Zwischen¬
2043 2508 3047 2562 spiel“ einigte, für welches Werk die Preisrichter ein¬
2044 2554 2406 2613 hellig stimmten.
2120 2593 3035 2652 Der Grillparzer=Preis war schon viermal nach Deutsch¬
2046 2647 3053 2708 land gewandert, dreimal erhielt ihn Gerhart Haupt¬
2039 2681 3045 2747 mann und einmal Otto Erich Hartleben. In
2045 2728 3044 2785 Oesterreich war der Preis bisher nur ein einzigesmal ge¬
2037 2761 3040 2830 blieben. Er wurde 1887 Anzengruber für sein
2038 2811 2756 2869 Drama „Heimg'funden“ verliehen.
2117 2862 3035 2908 Das preisgekrönte Werk Schnitzlers wurde zum ersten¬
2045 2901 3049 2961 mal am Burgtheater und zwar am 12. Oktober 1905
2041 2943 3051 3002 aufgeführt. Im ganzen wurde es bis zum 6. September 1907
2039 2976 3058 3033 17 mal gegeben. Im „Zwischenspiel“ wird der Grundsat
2041 3036 3053 3084 ausgeführt: „Spiel' nicht mit der Gattin Herz. denn sie
2046 3053 3056 3114 fühlt wie Du den Schmerz.“ Der Kapellmeister Amadeus
2049 3106 3051 3181 Adams hat seine Gemahlin, eine schöne, berühmte Sängerin,
2049 3159 3040 3217 satt bekommen, und da er sich in eine kleine, flotte Gräfin
2042 3196 3039 3253 vernarrte, schlägt er der Gattin vor, von nun ab nur noch
2050 3232 3046 3304 ihr Kamerad zu sein. Geliebt haben wir uns genug, leben
2040 3284 2898 3350 wir jetzt wie zwei gute Freunde miteinander,
2709 3292 3112 3388 reerrt8
2055 3378 3080 3462 seigentlich nichts mehr zu sagen, aber ebenso
2076 3431 3072 3478 wenig zu verhehlen haben. Die tief verletzte
2087 3464 2373 3526 Gaitin geht
2375 3477 2518 3526 auf
2517 3474 3056 3536 diesen Vorschlag scheinbar
2080 3486 3063 3585 ein. Als der „Kamerad“ jedoch bei der Gräfin sich einen
2079 3547 3063 3615 Korb holt, die Gemahlin hingegen bei einem Fürsten
2073 3593 3059 3664 Lohenstein leichtes Spiel hätte, wenn sie nur wollte, er¬
2078 3640 3068 3717 wacht in dem „Kameraden“ die Eisersucht und er möchte
2074 3670 3062 3749 wieder aufhören, die Rolle des platonischen Ehemannes zu
2071 3706 3068 3806 spielen. Nun aber hat sie ihn satt und der Herr Kapell¬
2083 3768 3071 3844 meister muß sich damit begnügen, im Ehestandskonzert den
2081 3816 3069 3879 Brummbaß zu spielen. In den Hauptroilen waren die
2071 3853 3058 3925 Damen Witt, Haeberle und Kallina und die
2074 3900 2972 3964 Herren Kainz, Treßler und Korff beschäftigt.
2143 3947 3054 4002 Herr Artur Schnitzler war gestern ungemein über¬
2065 3996 3061 4051 rascht, als er von der seinem Werke zuteil gewordenen
2066 4026 3064 4095 Auszeichnung Kenntnis erhielt. Ja, was er schnitzt, weiß
2065 4064 2478 4133 soft auch lein Schnitzler.
