3344 4352
216 258 1751 364 Grillparzer-Preis box 40/2
1054 1087 1437 1170 Telephon 12801.
289 1250 1448 1365 S MTTTSAn
304 1338 1465 1415 O l. österr. behördl. konz. Unternehmen für Zeitungs-Ausschnitte
308 1402 383 1446 60
463 1403 1358 1497 Wien, I., Concordiaplatz 4.
288 1479 388 1535 2
693 1479 1132 1535 Vertretungen
361 1514 1448 1588 in Berlin, Budapest, Chicago, Christiania, Genf, Kopen¬
298 1583 1457 1639 hagen, London, Madrid, Mailand, Minneapolis, New-Vork,
402 1598 1430 1669 Paris, Rom, San Francisco, Stockholm, St. Petersburg.
693 1648 1111 1713 MOnellenangabe ohne Gewahr.)
302 1696 375 1755 *
330 1700 786 1785 6 Ausschnitt aus
793 1720 1436 1827 Leipziger Tagblatt
311 1762 382 1824 15
288 1775 859 1877 E vom: 27. 1. W. 5
834 1830 981 1914 1
915 1890 1067 1970 —
516 2015 1181 2113 Beuilleion.
580 2116 1116 2193 Wiener Theater.
529 2182 1130 2272 Von Ludwig Hirschfeld.
1080 2237 1474 2306 Wien, 23. Januar.
243 2278 1505 2359 Das bemerkenswerteste Ereignis der letzten Theaterwochen, das auf
173 2330 1509 2399 den ersten Blick gar kein Theaterereignis zu sein scheint, ist die Ver¬
185 2366 1432 2431 leihung des Grillparzerpreises an Arthur Schnitz
191 2410 1382 2458 Seit Anzengruber ist kein österreichischer Dichter dieser G
186 2444 1507 2503 teilhaftig geworden, und von diesem Standpunkte aus ist der Entschluß
185 2485 1507 2537 der Preisrichter gewiß ein löblicher und erfreulicher zu nennen. Minder
179 2531 1508 2585 erfreulich ist es aber, zu hören, in welcher Art diese Zuerkennung er¬
182 2559 1515 2613 folgte. Schnitzler, unser Bester, erscheint da gleichsam als Lückenbüßer,
182 2602 1515 2651 als ein Ersatzmann aus dem Hintergrunde, auf den man sich im letzten
185 2640 1503 2684 Augenblick hastig besann, weil sich die Juroren über Wildenbruch und
180 2691 1518 2732 Schönherr nicht einigen konnten. Noch bedenklicher mutet die Moti¬
192 2702 1521 2763 vierung des Schiedsspruches an. Die Ehrung gilt seiner im vorigen
1377 2729 1523 2793 Nicht
183 2751 1370 2806 Jahre am Burgtheater aufgeführten Komödie „Zwischenspiel“
183 2791 1514 2844 ihm selbst, dem kräftigsten und echtesten des ganzen jungen Wien, nicht
195 2819 1511 2878 seinen schönsten und stärksten Leistungen, der „Liebelei“, „Der lebendigen
197 2859 1521 2910 Stunden oder dem „Schleier der Beatrice". Von der Existenz dieser
193 2886 1524 2952 Werke scheint die Kommission in den ganzen letzten zehn Jahren nichts
191 2933 1521 2986 bemerkt zu haben. Jetzt besann sie sich plötzlich auf ihre österreichische
178 2975 1515 3022 Pflicht und Schuldigkeit, und in aller Eile wurde die Komödie „Zwischen¬
190 3004 1516 3067 spiel“ preisgekrönt, und dadurch als das Beste hingestellt, was in den
188 3044 1518 3106 letzten drei Jahren auf deutschen Bühnen zur Aufführung gelangt ist,
199 3103 1504 3145 wie es im Stiftungsbriefe heißt. Nun ist aber gerade Zwischenspiel“
197 3105 1511 3176 eine zwar sehr feine und geistreiche, aber dennoch schwache Arbeit,
186 3154 1516 3215 namentlich in dramatischer und theatralischer Hinsicht. Selbst für die
194 3203 1518 3257 Novellenform wäre dieses bißchen Ehebruchsfabel zu sein und zu körper¬
182 3240 1532 3289 los, die Art der psychologischen Behandlung zu spitzfindig und zu er¬
193 3265 1527 3327 müdend. Es wird hier nicht Ehebruch geschrieben, sondern doziert, und
178 3300 1521 3356 die Gestalten gebärden sich, als ob sie berufsmäßig Psychologie betreiben
180 3349 1517 3400 würden. Ohne Zweifel ist dieses Stück eines der schwächsten, das der
197 3379 1523 3437 mise und berühmte Arthur Schnitzler geschrieben hat. und die Begeiste¬
187 3429 1524 3467 rung der Preisrichter kann man sich nur aus einer gewissen Verlegen¬
196 3467 1522 3509 heit erklären, aus dem Unvermögen, dem Ausland irgendeine bemerkens¬
192 3492 1525 3552 werte österreichische, in den letzten drei Jahren entstandene dichterische
182 3535 1523 3587 Leistung vorzuführen. Es ist dies ein beschämendes Bewußtsein, das
187 3569 1515 3628 uns alle beherrscht: Publikum, Kritik, Theaterdirektoren, alle, die am
195 3602 1516 3668 Theater mit dem Geist, dem Gemüt oder der Tasche interessiert sind.
195 3647 1519 3700 Ueber die erschreckende Sterilität der österreichischen Literatur, insbeson¬
186 3692 1515 3734 dere der dramatischen, kann man sich keinen Moment täuschen, und alles,
195 3716 1518 3777 was wir dagegen tun, besteht in der Gründung von neuen Operetten¬
192 3756 1516 3817 bühnen, in der geschickt geschürten Begeisterung für dieses Genre und in
200 3802 1579 3859 der Unterbreitung von Majestätsgesuchen — in Sachen der Operette.)
285 3829 1297 3893 Ober wir befasfen und mit hen Jronanlan „nd #.a ##
721 3873 836 3945 ∆
2498 1371 2896 1466 Telephon 12801.
1827 1550 2888 1666 MONATTTSNNN
1752 1621 1823 1668 —
1766 1636 2897 1699 O l. österr. behördl. konz. Unternehmen für Zeitungs-Ausschnitte
1757 1699 1830 1744 60
1906 1691 2802 1787 Wien, I., Concordiaplatz 4.
2136 1772 2600 1844 Vertretungen
1749 1815 2903 1883 0 in Berlin, Budapest, Chicago, Christiania, Genf, Kopen¬
1748 1861 2902 1934 hagen, London, Madrid, Mailand, Minneapolis, New-Vork,
1860 1902 2872 1983 Paris, Rom, San Francisco, Stockholm, St. Petersburg.
1759 1928 1838 1968 0
2164 1948 2554 2011 (Quellenangabe ohne Gewühr.)
1827 1991 2201 2089 Ausschnitt aus
2203 1984 3039 2110 Wiener Algemeine Zeitung, Wient
1753 2047 1794 2104 2
1758 2078 1835 2122 335
1753 2110 1985 2178 E vom:
2339 2133 2660 2229 2 JAL. 1900
1910 2195 2952 2280 Won Gellparzer zu Schnitzker.] Unter diesem Titel
1799 2249 2936 2324 veröffentlicht heute das „Deutsche Volksblatt“ ein Feuilleton,
1815 2314 2946 2377 das sich in der bekannten Manier dieses edlen Organs darüber
1815 2374 2946 2427 ausläßt, daß ein Jude den Grillparzer=Preis bekommen hat,
1820 2412 2945 2478 Schnitzler, der Sohn eines eingewanderten ungarischen Juden.
1820 2456 2939 2522 Dal aber selbst für das „Deutsche Vorlsblatt“ die Konfession
1813 2509 2938 2561 Schnitzlers kein vollkommen stichhältiger Grund ist, dem
1821 2549 2948 2609 Dichter die Würdigkeit für den Grillparzer=Preis abzusprechen,
1810 2598 2946 2664 so muß natürlich seine schriftstellerische Tätigkeit in Grund und
1812 2653 2948 2712 Boden hinein verdammt werden. Das Blatt bezeichnet daher
1810 2695 2943 2767 Schnitzler als „den Pornographen, der die schlecht parfümierten
1810 2742 2944 2799 Kanapeegeschichten und Sexualanekdoten seines „Reigen“ aus
1817 2853 2955 2906 dem Champagnerrausch liederlicher Chambre separée¬
1818 2890 2956 2960 Stimmungen ihre Anregungen holte."Wir wollen uns natürlich
1813 2936 2943 2987 nicht der ganz überflüssigen Mühe unterziehen, den Literatur¬
1808 2968 2956 3059 gelehrten des „Deutschen Volksblatt“ gegenüber Schnitzler in
1820 3034 2962 3102 Schutz zu nehmen, Schnitzler, dessen künstlerischer Ruf viel zu
1811 3074 2955 3137 fest gegründet ist, als daß derartiges böswilliges Gekläffe über¬
1811 3127 2952 3193 haupt an ihn heranreichen würde. Wenn aber das „Deutsche
1806 3187 2950 3237 Volksblatt“ Schnitzler wieder einmal als Pornographen be¬
1815 3225 2945 3282 zeichnen will, so möge es sich doch darauf besinnen, daß es
1821 3268 2946 3332 sich mit einer solchen „Kritik“ selbst ins Gesicht schlägt. Einen
1812 3327 2957 3387 Pornographen kann Schnitzler nur derjenige nennen, dem
1813 3368 2959 3438 selbst nichts rein ist und der künstlerische Schlderungen,
1814 3419 2950 3474 die er rein nicht zu genießen versteht, in Pornographien ver¬
1816 3462 2941 3526 dreht. Das ist ein Zeichen für die Sinnesart! Gibt es doch
1812 3510 2960 3582 „seltsame Herrschaften“, die selbst Goethes „Faust“ als „un
1805 3559 2153 3627 sittlich“ bezeichnen.
