3436 4256
1380 267 1816 356 box 40//2
317 265 1229 374 Grillnarzer-Preis
1175 703 1558 787 Telephon 12801.
531 876 1568 978 WME BEITTETNSIN
433 958 1571 1028 O l. österr. behördl. konz. Unternehmen für Zeitungs-Ausschnitte
586 1020 1483 1096 Wien, I., Concordiaplatz 4.
425 1094 512 1161 4
815 1093 1251 1164 Vertretungen
464 1136 1563 1231 9 in Berlin, Budapest, Chicago, Christiania, Genf, Kopen¬
418 1183 1574 1249 hagen, London, Madrid, Mailand, Minneapolis, New-Vork,
530 1222 1559 1282 Paris, Rom, San Francisco, Stockholm, St. Petersburg.
831 1269 1235 1329 (Quellenangabe ohne Gewahr.
434 1286 504 1331 00
420 1327 467 1375 1
425 1315 1552 1421 6 Ausschnitt aus: Greslauer Ceneral Anzeiger
460 1402 494 1424 12
649 1396 955 1475 17. 1 1908
410 1436 644 1501 E vom:
640 1468 703 1530 1
374 1568 1436 1664 — Nicht Wildenbruch, sondern Artur Schnitzler,, soll
375 1658 1433 1702 en diesjährigen Grillparzerpbeiserhalten. Die
382 1696 1443 1738 Neldung, daß Wildenbruch für sein Schauspiel. „Die
386 1731 1443 1777 kabensteinerin“, den Grillparzerpreis erhalten würde,
388 1766 1445 1810 par unrichtig. Das Preisgericht hat den Preis ein¬
390 1797 1460 1860 immig dem Wiener Dichter Artur Schnitzler für
395 1838 1446 1892 eine Komödie „Zwischenspiel“ zuerkannt. Wie mag nur
397 1877 1453 1937 ieerste falsche Nachricht, die mit solcher Bestimmtheit auf“
401 1915 790 1975 at, entstanden sein?
1168 2467 1549 2557 Telephon 12801.
401 2546 470 2617 8
427 2615 1534 2729 S M BTeSng
392 2728 1535 2808 O l. österr. behördl. konz. Unternehmen für Zeitungs-Ausschnitte
408 2751 470 2800 60
567 2769 1444 2854 Wien, I., Concordiaplatz 4.
780 2840 1214 2918 Vertretungen
402 2893 1540 2969 0 in Berlin, Budapest, Chicago, Christiania, Genf, Kopen¬
384 2946 1537 3010 hagen, London, Madrid, Mailand, Minneapolis, New-Vork,
494 2982 1513 3054 Paris, Rom, San Francisco, Stockholm, St. Petersburg.
808 3021 1196 3073 (Quelienangabe ohne Gewähr.)
386 3052 866 3143 ( Ausschnitt aus:
773 3095 1514 3233 Deutsom lagesterang, Sais
375 3169 578 3233 E vom
586 3204 791 3290 K
1268 3270 1399 3327 caen
460 3286 1645 3387 Der Grillparzer=Preis ist nun doch nicht Wildenbruch zuteil
402 3342 1633 3413 geworden, sondern Arthur Schnitzler hat ihn für sein „Zwi¬
404 3370 1624 3467 schenspiel“ erhalten. Also für ein in Wien, Berlin und anders¬
397 3413 1021 3501 wi sanft durchgefallenes Stück.
2585 1175 2989 1263 Telephon 12801.
1934 1344 2970 1478 Mine Wznlug
1842 1446 1925 1505 2
1853 1425 2982 1545 O l. österr. behördl. konz. Unternehmen für Zeitungs-Ausschaitte
2014 1480 2893 1592 Wien, I., Concordiaplatz 4.
2238 1571 2683 1644 Vertretungen
1922 1606 3000 1707 in Berlin, Budapest, Chicago, Christiania, Genf, Kopen¬
1845 1657 3005 1773 hagen, London, Madrid, Mailand, Minneapolis, New-Vork,
1964 1694 2968 1790 Paris, Rom, San Francisco, Stockholm, St. Petersburg.
2271 1753 2662 1826 (Quelienangabe ohne Gewühr.)
1878 1759 1947 1800 0
1868 1805 2347 1898 * Ausschnitt aus:
2424 1812 2937 1930 anor Zöitung
1873 1873 1950 1952 8
1869 1915 2214 2010 E vom: 17.
1994 2035 2909 2127 — Künft, Wissenschaft und Literatur.
1858 2092 3116 2182 * Vom Grillparzer =Preis. Vierundneunzig
1813 2146 3103 2207 Bühnenwerke lagen dem Kollegium, das über die Zuerkennung des
1811 2206 3111 2254 Grillparzerpreises zu entscheiden hatte, zur Beurteilung vor. Die Be¬
1817 2230 3110 2298 ratungen erforderten eine ganze Reihe von Sitzungen der Preisrichter, da
1825 2273 3114 2336 sich die Juroren — Prof. Dr. Minor, Hofrat Dr. Burckhard, Prof.
1813 2311 3101 2382 Dr. Erich Schmidt=Berlin, Direktor Dr. Paul Schlenther und
1824 2356 3100 2415 Schriftsteller Ludwig Hevesi — lange Zeit nicht einigen konnten. Nach
1819 2401 3115 2454 der Bestimmung des Stifters ist der Grillparzer=Preis für das relativ
1821 2440 3112 2497 beste dramatische Werk deutscher Sprache ausgesetzt, das im letzten
1831 2475 3118 2535 Triennium auf einer namhaften deutschen Bühne zur Aufführung gelangt
1826 2516 3116 2581 und nicht schon von einer anderen Seite durch einen Preis ausgezeichnet
1824 2555 3059 2606 worden ist. Die Zuerkennung des Preises an Arthur Schnitzl¬
1829 2576 3116 2663 für sein „Zwischenspiel“ erfolgte einstimmig,
1830 2647 3113 2702 Schmidt seine Stimme schriftlich abgegeben hatte. Wildenbruchs „Raben¬
1832 2696 3120 2738 steinerin“ kam bei der letzten Beratung nicht mehr in Frage, dagegen ver¬
1841 2725 3129 2779 lautet, daß sich namentlich Schlenther für Schönherrs „Familie“, die mit
1833 2771 3125 2827 in Konkurrenz gezogen war, eingesetzt hat. Mit Arthur Schnitzler erhält
1842 2848 3133 2916 wieder ein Oesterreicher den Grillparzer=Preis, den seit seiner Stiftung
2530 2898 2615 2932 108•
1853 2898 3126 2949 überhaupt bisher nur einmal, nämlich 1607, ein österreichischer Dichter,
1841 2934 3135 2999 Ludwig Anzengruber, erhalten hat. Aus der Geschichte des Grillparzer¬
1857 2973 3124 3036 Preises ist zu erwähnen, daß das erste Mal die Stiftung 1875 an Adolf
1850 3019 3126 3072 Wilbrandt für seine Tragödie „Gracchus, der Volkstribun“ zufiel. 1878,
1843 3057 3130 3112 1884 und 1893 wurde der Preis nicht verliehen. Unter den Preisträgern
1854 3102 3131 3155 finden wir Wildenbruch im Jahre 1881 mit seinem Trauerspiel „Harold“.
1835 3139 3130 3187 1887, wie bereits erwähnt, Anzengruber; Wilbrandt erhielt den Preis
1841 3167 3139 3244 zum zweiten Male 1890 für seinen „Meister von Palmyra“. Gerhart
1840 3218 3130 3281 Hauptmann war dreimal Preisträger: 1896 für „Hannele“, 1899 für den
1841 3266 3133 3326 „Fuhrmann Henschel" und 1905 für sein Schauspiel „Der arme
1843 3299 3128 3362 Heinrich“. 1902 wurde einstimmig Otto Erich Hartleben für den „Rosen¬
1845 3341 3133 3409 montag“ ausgezeichnet. Unter den früheren Preisrichtern finden sich von
1846 3380 3144 3444 bekannten Namen: Dingelstedt, Laube, Wilhelm Scherer, Wilbrandt#
1849 3432 2923 3482 Hermann Hettner, Ludwig Speidel und Heinrich Bulthaupt.
2737 3464 3156 3535 Ma# #.Siwirh.
2213 3471 2692 3525 „ ( f. „: „ 00 7
2724 3492 2841 3568 S
