3344 4352
210 341 1122 443 Grillparzer-Preis
222 1786 1310 1843 verdient zu haben, soll noch etwa fünftausend Kronen
230 1847 604 1906 dazu bekommen.
256 1898 1312 1950 Und nun hatten wir einen Kandidaten, für den uns
224 1938 1312 2003 gerade eine solche Korrektur des Glücks, in welcher
216 1988 1308 2043 allein wir den Sinn eines litterarischen Preises sehen
214 2056 1307 2100 können, gerecht und notwendig schien: Schnitzler.
224 2093 1304 2142 Schnitzler hat sich in den letzten drei Jahren ganz
226 2145 1318 2198 merkwürdig entwickelt. Er hat viel mehr gehalten als
218 2191 1318 2240 er versprach. Er hätte es leicht gehabt, durch sein
228 2229 1315 2281 glänzendes Talent zu verblüffen und bethören. Es ist
229 2280 1307 2334 ihm aber wichtiger gewesen, sich rein und ruhig aus¬
228 2332 1305 2390 zubilden. Wir haben kaum einen, der ernster an sich
222 2376 1315 2433 gearbeitet hätte, mit Leidenschaft um innere Zucht
223 2437 1314 2480 bemüht, selbst wenn er dafür auf den äußeren Erfolg
222 2471 1314 2536 verzichten müßte. Er hat aber arge Feinde, die
224 2518 1321 2581 durchaus seinen Ruf zerstören wollen. Aus ganz un¬
227 2569 1322 2622 litterarischen Gründen: weil er Jude ist, weil seine
232 2617 1319 2674 Art einer Prinzessin mißfallen haben soll, und weil
230 2667 1312 2738 sich die Offiziere über seine Novelle „Leutnant Gustl“
235 2732 1318 2775 geärgert haben. Nun, das könnte ja auch anderswo
235 2771 1320 2819 vorkommen. Aber österreichisch ist es, einem Menschen,
228 2817 1314 2865 der einem nicht paßt, einfach das Talent abzustreiten.
223 2872 1315 2916 Nicht etwa zu sagen: Die Gesinnungen dieses Dichters
229 2907 1316 2976 sind falsch, ich halte sie für gefährlich, ich will
241 2963 1318 3020 ihnen widersprechen, sondern zu dekretieren: er ist
235 3002 1326 3062 kein Dichter. Man fragt eben bei uns niemals
226 3055 1310 3109 nach der Sache, sondern immer nur nach der Person,
239 3100 1326 3163 und seit seine Person „oben“ nicht mehr beliebt ist,
241 3145 1322 3210 sollen auf einmal auch seine Werke nichts mehr gelten.
229 3216 1320 3259 Da hätten wir nun gewünscht, daß mit Autorität aus¬
235 3246 1328 3310 gesprochen worden wäre: Dies alles geht uns nichts
233 3296 1324 3370 an, der Mann mag falsche Ansichten haben, aber er
232 3343 1333 3403 kann mehr, als die anderen können; wir haben
228 3400 1334 3455 nicht über seine Gesinnung, sondern über seine
237 3446 1340 3511 Leistung zu richten; mag jene schlecht sein, diese
1274 343 1715 436 box 40/2
1344 1776 2422 1844 ist gut; vielleicht wird ihn einst der Teufel holen,
1330 1829 2427 1890 aber merkt euch, Leute, es ist ein Dichter, den
1343 1892 2421 1938 er holt! Dies hätten wir gewünscht, und wir haben
1336 1928 2430 1990 es eigentlich erwartet. Dann hätten wir doch die
1347 1975 2429 2034 Beruhigung gehabt, daß es noch eine Stelle giebt, der
1350 2035 2421 2089 die Sache gilt, während ja so wirklich diejenigen Recht
1353 2081 2430 2132 behalten, welche behaupten, es komme bei uns gar
1342 2111 2430 2185 nicht darauf an, etwas zu leisten, sondern nur darauf,
1344 2182 2239 2234 sich beliebt zu machen und nicht anzustoßen.
1391 2207 2425 2274 Man erzählt, daß von den Preisrichtern über den
1349 2264 2422 2328 „Fall Schnitzler“ lange beraten worden sei. Der Wert
1344 2309 2424 2374 seiner „Lebendigen Stunden“ sei zugestanden worden.
1335 2372 2416 2417 Nur habe man sich gegen ihn auf die „Affaire Gustl“
1347 2408 2432 2476 berufen. Die Novelle „Leutnant Gustl“ hat nämlich
1345 2457 2426 2525 viele Offiziere empört. Das hätte natürlich nichts
1357 2507 2432 2574 gemacht, wenn Schnitzler nicht Militärarzt gewesen
1345 2558 2430 2621 wäre. Dies wurde benützt, um ihn vor die mili¬
1356 2616 2439 2665 tärische Behörde zu ziehen; er hat es abgelehnt,
1352 2652 2432 2718 sich hier zu verantworten, so wurde ihm die Charge
1358 2713 2433 2760 aberkannt. Das Argument der Preisrichter war
1350 2755 2442 2805 nun: man kann einem, dem die Charge aberkannt
1359 2796 2443 2859 worden ist, nicht einen Preis zuerkennen. Deshalb
1354 2851 2430 2905 entschieden sie für den „Rosenmontag“, der — das ist
1363 2902 2440 2961 der Spaß — dieselben Offiziere ganz ebenso empört
1363 2941 2434 3001 hatte. Schnitzler bekam den Preis nicht, weil er sich
1359 2993 2432 3045 in einer Novelle gegen den militärischen Geist vergangen
1360 3053 2428 3107 hat. Deswegen bekam ihn Hartleben für ein Stück,
1364 3090 2431 3152 das sich ganz ebenso gegen den militärischen Geist
1354 3146 2438 3196 vergeht. Der Unterschied war nur: dort hatte es einen
1359 3187 2432 3246 öffentlichen Skandal gegeben, hier nicht; und bei uns
1370 3246 2432 3295 ist von jeher alles erlaubt, nur zum Skandal darf es
1358 3291 2446 3351 nicht kommen. Hartleben hat sich also eigentlich den
1362 3331 2434 3384 Grillparzerpreis nur dadurch verdient, daß er nicht der
1363 3385 1994 3451 österreichischen Armee angehört.
1850 3443 1960 3494 62
2600 1774 3270 1857 Wolzogens „Novitäten=Abe
2939 1838 3042 1897 Von
2844 1889 3146 1959 Alfred Herr.
2452 1959 3270 2022 (Uährend Wolzogen und Fräulein Seeman
2455 2019 3274 2087 grunde klimperten — sie saßen nebeneinan
2456 2070 3279 2125 ihre Mandolinen in der Hand — sang He
2461 2120 3271 2175 hübsche Venezianerweise von Bogumil Zep
2472 2165 3281 2221 spricht von einem „Novitäten=Abend“, ich will
2473 2211 3258 2264 Deutsch fortzwitschern. Also: war das die
2467 2255 3267 2318 Abends?“ Es war nicht die Signatur des
2476 2306 3265 2367 Pantomime von Carl von Levetzow (wofür
2465 2333 3275 2410 liegenden Ueberbrettls müßte gesagt werden:
2465 2413 3282 2466 Baron Carl von Levetzow) wurde gegeben: e
2470 2454 3273 2512 liert Weib, Kind, Geld . .. aber sein Geigen
2470 2506 3275 2561 so süß ist seines Alters Glück. Levetzow hat
2474 2549 3277 2603 Musikalische stärker betont in dieser Gattung des
2474 2591 3270 2653 dramas; immerhin: auch das war nicht die
2467 2651 3276 2706 Abends. Zum Schluß gab man „Steppke“ von
2471 2683 3272 2758 eine Episode, ein Sittenbild, ein Ausschnitt, e
2468 2749 3277 2796 eine Satire — mit sehr guten Beobachtunge
2470 2786 3272 2848 Uebertreibung. Eine „Rechnungsrätin Susecke
2465 2841 3269 2897 Name sagt genug wohl schon, die Heldin heiß
2465 2886 3273 2951 roth“ was auch zuviel ist; die unehelichen Zi
2469 2942 3265 2996 vorgeführt; Lehmann treibt mit Entsetzen Sch
2472 2995 3270 3043 ferner die Klapproths, er lasse die Suseck
2475 3027 3269 3084 auch das war nicht die Signatur des Abend
2517 3088 3275 3139 Straus und die Bradsky sind zurückgekehr
2481 3134 3263 3199 Setzungen dieses Tonsetzers; „ich bin nicht
2479 3177 3259 3242 sie; „didel, dudel“ sang sie; beides, sehr
2482 3221 3265 3285 war wieder nicht die Signatur des Abends.
2473 3273 3267 3329 Laura Seemann sang ein sächsisches Lied und
2484 3318 3259 3376 der Wiederholung: „Moder, ich will en Ding
2474 3375 3261 3430 sehr reizvoll in ihrer kühlen, ruhigen Sch
2468 3414 3262 3491 Hörer will hervorgeholt werden: sie bleib
