3392 4352
1231 266 1767 372 box 40/2
244 289 1162 372 Grillparzer-Preis
1131 972 1534 1054 Telephon 12801.
475 1130 1510 1237 Kine WnSnhnn
453 1223 1528 1275 I. österr. behördl. konz. Unternehmen für Zeitungs-Ausschnitte
536 1277 1426 1375 Wien, I., Concordiaplatz 4.
773 1353 1186 1419 Vertretungen
386 1399 1508 1454 0 in Berlin, Budapest, Chicago, Christiania, Genf, Kopen¬
363 1441 1520 1508 hagen, London, Madrid, Mailand, Minneapolis, New-Vork,
381 1484 458 1530 0
462 1494 1487 1542 Paris, Rom, San Francisco, Stockholm, St. Petersburg.
782 1530 1183 1587 (Quellenangabe ohne Gewähr.)
377 1559 930 1656 5 Ausschnitt HüsSCE
361 1640 444 1683 135
361 1675 583 1739 E vom:
737 1671 1449 1750 Neues Wiener Abendblatt
1013 1740 1195 1841 Wien
480 1826 1443 1950 Theater, Kunit und Titeratur.
548 1936 1369 2037 Verleihung des Grillparzer=Preises.
534 2008 1466 2090 In der heute Nachmittags stattgehabten Sitzung
434 2053 1469 2137 der Akademie der Wissenschaften wurde — um
462 2092 940 2172 ¾2 Uhr Nachmittags
956 2124 1012 2160 —
1010 2115 1460 2194 das Erkenntnis des
427 2141 1477 2251 Preisgerichtes für den Grillparzer¬
423 2189 940 2260 Preis publiziert.
527 2240 1452 2314 Dieses Erkenntnis wurde einstimmig ge¬
423 2287 1459 2391 fällt. Der Preis wurde Dr. Axthur Schnitzler
417 2341 1453 2425 zuerkannt und zwar für sein, ein Repertoirestua des
419 2366 1467 2465 Burgtheaters bildendes Bühnenwerk: „Zwischen¬
429 2423 652 2509 spiel“.
879 2458 1044 2525 Ser
538 2511 1480 2571 Der Grillparzer=Preis, der so oft in das Aus¬
442 2565 1479 2626 land gewandert ist, wurde somit diesmal einem
452 2612 1491 2657 österreichischen Dichter zuerkannt. Aus
446 2660 1483 2720 der Tatsache, daß der Preis einstimmig zuerkannt
446 2705 1509 2748 worden ist, geht hervor, daß die in den letzten:
451 2754 1475 2804 Tagen verbreitet gewesenen Gerüchte über starke
452 2798 1475 2858 Meinungsdifferenzen im Preisgerichte unbegründet
454 2844 1488 2912 waren. Zur Prüfung waren dem Preisgerichte
447 2890 1022 2971 94 Dichterwerke vorgelegen.
540 2968 1470 3060 Das Preisgericht besteht aus den Herren Professor
437 3022 1479 3104 Minor, Direktor Dr. Schlenther, Hofrat Dokton
446 3086 1473 3149 Burckhardt, Ludwig Hevesi und Professor Erick
442 3132 687 3208 Schmidt.
553 3160 1475 3228 Der Preis ist nach je drei Jahren, immer an
438 3227 1457 3291 15. Jänner, als dem Geburtstage des Dichters, zu ver¬
447 3264 1481 3332 geben, und zwar nach dem Stiftsbriefe „für das relatir
447 3321 1480 3375 beste deutsche dramatische Werk, das im Laufe des letzten
446 3363 1482 3425 Trienniums auf einer namhaften deutschen Bühne zur
442 3402 1482 3484 Aufführung gelangte und nicht schon von einer anderen
440 3454 967 3538 Seite ausgezeichnet wurde.“
539 3474 1290 3562 Der Preis beläuft sich auf 5000 Kronen.
535 3533 1479 3602 Die letzte Preisverteilung fand am 15. Jänner 1905
433 3572 1479 3658 statt. Damals wurde Gerhart Hauptmann für sein
444 3634 1480 3683 Drama: „Der arme Heinrich“ ausgezeichnet. In der Be¬
432 3666 1483 3732 gründung hieß es: „Der Dichter hat einen spröden, der
439 3718 1471 3770 dramatischen Behandlung scheinbar unzugänglichen Stoff
445 3760 1469 3823 mit erstaunlicher Dichterkraft und Sprachgewalt behandelt
442 3818 1487 3885 und die deutschen Bühnen durch eine Dichtung vornehmen
437 3844 782 3938 Stils bereichert.“
2403 137 2634 183 retunge
1903 160 3000 244 0 in Berlin, Budapest, Chicago, Christiania, Genf, Kopen¬
1874 195 3002 285 hagen, London, Madrid, Mailand, Minneapolis, New-Vork,
1873 237 1961 284 0
1967 242 2976 331 Paris, Rom, San Francisco, Stockhiolm, St. Petersburg.
1883 277 1955 320 0
2272 284 2672 346 (quelienangabe ohne Gewähr.)
1855 305 2338 403 — Ausschnift aus:
2228 366 2422 434 31
1853 429 2082 484 E vom:
2367 416 2459 494 55
2664 451 3146 586 Sulkahle Wi.
1871 626 3009 720 Die Verleihung des Grillparzer-Preises.
2087 709 2793 789 Artur Schnitzler preisgekrönt.
1947 759 2992 841 Gestern, am 117. Geburtstage Grillparzers, fand die
1866 807 2991 887 Juerkennung des seinen Namen tragenden Pmises statt.
1882 848 2999 912 Die utscheidung des Preisgerichtes ist geeignet, allgemeines
1886 906 3001 959 Erstäunen oder vielmehr allgemeine Entrüstung hervor¬
1877 943 3000 996 zurufen: Den Grillvarzer=Pr.is 1908 erhielt — Artur
1983 980 2995 1032 nitzLer für sein vor drei Jahren in Burgtheater
1885 1010 3000 1089 auseführtes modernes Schauspiel „Zwischenspiel“
1886 1056 3007 1116 Dif Jury bestand aus den Herren Direktor Dr. Schlenther,
1880 1122 2986 1175 Hofrat Professor Dr. Minor, Professor Dr. Erich
1890 1153 2998 1205 Schmidt (Berlin), Vertreter für Norddeutschland,
1883 1202 2992 1261 Hofrat Dr. Mar Burchard, Vertreter für
1889 1254 3000 1303 Süddeutschland, und Ludwig Hevesi (Wiener
1878 1284 2990 1351 „Konkordia“). Die Entscheidung wurde einhellig
2558 1320 2995 1387 längerem Kampfe
2408 1333 2560 1386 nach
1881 1327 2360 1395 gefaßt, jedoch erst
1886 1366 3006 1429 und nachdem sich eine Minderbeit alkomodiert hatte. Denn
1892 1425 2995 1467 mit ebensolchen Chancen wie das „Zwischenspiel“ kam
1892 1449 2994 1513 Schönherrs „Familic“ in Betracht und außerdem
1882 1508 2991 1552 erforderte auch Wildenbruchs „Rabensteinerin“
2901 1545 2967 1578 ####7
1888 1546 2998 1596 Berücksichtiung; aber beide Stücke erhielten keine Majorna.,
1891 1590 2999 1642 erst als Minor das „Zwischen piel“ vorschlug, kam eine
1874 1636 2186 1703 solche zustande.
1968 1668 3001 1735 Die Preiszuerkennung bedeutet einen neuerlichen Sieg
1875 1721 2995 1771 der jüdischen Literaturclique, und zwar einen in jeder
1881 1760 2990 1815 Hinsicht unrühmlichen. Den Satzungen gemäß muß der
1869 1807 2995 1868 Preis verliehen werden an das „relmiv beste deutsche Drama,
1871 1860 2992 1914 das im Laufe der letzten drei Jahre an einer nam¬
1873 1896 2986 1947 haften Bühne mit Erfolg aufgeführt wurde“. Daß
1901 1937 2995 2003 as „Zwischenspiel“ Schnitz'ers dieses beüe Stück
1882 1979 2996 2022 wirklich sei, wird im Ernst memand behaupten
1891 2019 3000 2071 wollen. Beyerleins „Zapfenstreich“, Schönherrs „Sonn¬
1884 2064 2996 2111 wendtag" und „Familie“ besitzen zum mindesten die
1883 2119 2991 2169 gleichen Qualitäten. Was nun den angeblichen Erfolg des
1892 2155 2995 2207 „Zwischenspieles“ anbelangt, so war dieser zunächst ein er¬
1886 2198 2986 2250 künstelter, dann aber überhaupt nur möglich durch das
1898 2246 2994 2294 Interesse, das gewisse Kreise des Publikums dem Darstellen
1885 2282 2990 2333 der Haupirolle, Kainz, entgegenbringen. Au sich hätte der
1888 2334 3001 2387 durch und durch erzwungene Dialos über unnatürliche Dinge
1884 2373 2993 2424 nicht die geringste Wirkung geübt, wie dies denn auch an
1875 2425 2992 2472 anderen Bühnen als am Burgtheater der Fall war. Es
1890 2451 3002 2506 handelt sich also im günstiasten Falle um einen lokalen und
1895 2500 3006 2563 persönlichen Erfolg und wie verschwindend dieser war, läßt sich
1895 2560 2994 2602 araus entnehmen, daß sich heute, kaum 2½ Jahre nach der
1891 2587 2989 2648 Premiere, kein Mensch so recht des Stückes entsinnen kann.
1888 2640 3000 2693 Niemand dachte bei der Kandidatur um den Grillparzer-Preis
1894 2676 3008 2732 an das „Zwischenspiel“. Herrn Hofrat Minor, dem
1895 2715 2990 2769 fanatischen Förderer alles Jüdischen, blieb dies vorbehalten.
1888 2761 2997 2806 Und so kam eine materielle Ungerechtigkeit zustande; denn
1932 2802 3004 2858 chönherrs „Familie“ erfüllt genau die gleichen Vor¬
1874 2837 2604 2912 dingungen wie das „Zwischenspiel“
1969 2864 2986 2947 Es wäre also unter gleichen Verhältnissen die Ent¬
1864 2933 3000 2998 scheidung durch die Erwägung zu beeinflussen gewesen.
1898 2975 2992 3030 welcher der beiden Autoren materull und intellektuell der
1893 3034 2993 3078 brämiierungswürdigere ist. Daß Schnißler, der in Tanliemen
1895 3064 2998 3115 chwimmende, von seiner jüdischen Liga verhätschelte Stück¬
1896 3108 2990 3166 schreiber, die 5000 K. nicht braucht, liegt auf der Hand.
1889 3158 2988 3215 Daß aber der Verfasser des obszönen Buches „Reigen“
1877 3203 2995 3258 mit dem Ehrennamen Grillparzer, mit dem Ruhme und
1886 3235 2992 3288 derWürde von Oesterreichs größtem Dichter nicht in Zu¬
1891 3282 2991 3344 sammenhang gebracht werden sollte, das hätte gerade ein
1897 3326 3003 3380 Professor der deutichen Lireraturgeschichte an der Universität
1889 3365 3098 3435 Wien in erster Linie erwigen sollen. Seine Pflicht wärt
1899 3422 2998 3465 es gewesen, wenn Schnitzler genannt wird, dagegen als
1897 3465 2994 3515 Lahrer der deutschen Literatur Oesterreichs ener isch zu
1891 3499 2994 3553 opponieren. Nun, er hat das Gegenteil getan und die
1888 3540 3000 3605 übrigen haben sich unter das kandinische Joch des Juden¬
1891 3584 3003 3635 tums in der Literatur willig gebeugt. Und
2765 3628 3000 3683 „Leutnant
1891 3623 2764 3681 o kam es, daß der Verfasser des
1901 3675 3007 3723 Gustl“, der degradierte und kassierte Militärarzt
1893 3710 3005 3767 Artur Schnitzler für ein ganz unbedeutendes Produkt mit
1886 3764 3010 3825 der Ehre und dem Gelde des Grillparzer=Preises aus¬
1898 3805 2689 3871 zezeichnet wurde. O du mein Oesterreich !
2425 3847 2471 3900 *
1971 3901 2999 3948 Den Grillparzer=Preis hat 1905 Haupimann für den
1901 3929 3004 3990 „Armen Heinrich“, 1902 Hartleben für „Rosen¬
1893 3973 3002 4027 montag“. 1899 Hauptmann sir „Fuhrmann
1892 4027 3013 4084 denschel“ und vorher für sein „Hanuelc“ erhalten.
1895 4067 3024 4125 Nun ist er zwar in Oesterreich geblieben, aber unter
1884 4110 2376 4163 beschämenden Umständen.
