3436 4320
-3 1492 72 1552 erw
-15 1563 75 1638 ler,
-10 1628 82 1686 Erl#
-17 1677 84 1733 rleb
-9 1763 88 1834 ahr
-16 1821 77 1896 eine
-4 1892 80 1971 wie
1353 227 1828 328 box 40/2
249 226 1212 366 Grillparzer-Preis
789 1025 3147 1110 hat nach Guy de Maupassant und den dänischen Er= die sich aus lächerlichen oder verachteten Anfängen empor¬
218 1053 791 1122 Unnatur. Aber noch zu
1960 1074 3139 1146 rang, plötzlich ministrabel wird. Jetzt werden auch die
781 1092 1969 1146 zählern, die seine Anzänge beeinflußten, viel Goethe ge¬
197 1097 796 1172 Anzengruber, aus dem die
1962 1118 3132 1182 Widerstrebenden langsam einsehen, daß man diesem
790 1148 1963 1211 lesen, und man merkt das an dem schönen, klaren, reifen
209 1148 789 1226 zwanzig andere, die die
1965 1171 3132 1235 Dichter, der längst schon in Hebbelscher und Ibsenscher
785 1186 1970 1257 Deutsch, in dem er seine letzten Erzählungen vorträgt.
226 1186 789 1271 dem Theater, so doch im
1959 1222 3132 1281 Richtung schürft, mit den beliebten Schlagworten „Süßes
788 1238 1956 1312 Anders steht es um den gewissen gesellschaftlichen Zug,
211 1246 794 1317 Novelle glänzend vertraten.
1960 1268 3136 1344 Mädel“ und „Müde Grazie“ (das eine in Wien, das
791 1287 1955 1352 den alle seine Werke haben und hoffentlich auch in Zu¬
227 1288 795 1359 nie aufgehört, gut zu
1968 1317 3136 1375 andere in Berlin zu verwenden) auf die Dauer nicht
796 1311 1967 1395 kunft haben werden. Noch wenn er Dinge erzählt, die
218 1338 787 1412 durch Laube verursachten
1973 1351 3149 1428 beikommen kann. Das konnte man übrigens zu keiner
786 1372 1963 1458 sich außerhalb der Gesellschaft und ziemlich weit vor der
205 1386 788 1455 zur Zeit des Naturalismus.
1972 1408 3137 1469 Zeit. Wohl ist Schnitzler, wie jeder, der sich an die
793 1414 1969 1484 Linie begeben haben, tut er es mit den Worten und den
232 1433 786 1506 kam, entschlossen, unsere
1972 1445 3145 1522 Goethesche Maxime des Erlebnisses hält, in einem gewissen
807 1476 1974 1534 Gebärden des Weltmannes. Gerade dasjenige, was man
245 1483 793 1552 dieser Stadt der alten
1976 1505 3146 1571 Alter vom erotischen Erlebnis als dem nächstliegenden
795 1517 1960 1596 mit einer gewissen Berechtigung dem deutschen Naturalis¬
210 1530 793 1595 uen unverfehens ein anderer.
1969 1557 3147 1629 ausgegangen. Aber er ist niemals darin untergegangen.
796 1563 1963 1630 mus und der Artistenkunst vorwarf, daß sie sich dem
214 1577 789 1655 ern Wien eroberte ihn. Und
1972 1609 3145 1678 Schon vor zehn Jahren hat er den „Blinden
804 1608 1974 1679 kulturellen Leben der Gegenwart verschlossen, konnte man
214 1626 795 1708 Wien, oder, nach ihrem
1964 1647 3151 1719 Geronimo“ geschrieben, eine seiner schönsten Novellen, und
804 1659 1968 1711 Schnitzler kaum jemals und kann man ihm mit den
553 1666 789 1736 Schnitzler.
207 1679 534 1744 nnt, Arthur
1977 1703 3135 1771 den „Lieutenant Gustl“, eine seiner stärksten. Und beide
799 1707 1973 1779 Jahren immer weniger nachsagen. Er liest alles, weiß
205 1707 788 1787 dukt des internationalen
1965 1741 3138 1813 sind so wenig erotisch, wie etwa der „Michael Kohlhaas“
803 1751 1965 1819 von allem, nimmt an jeder geistigen Errungenschaft teil.
219 1764 802 1844 in Wiener Tradition, ein
1976 1770 3149 1861 von Kleist. Daran darf man jetzt erinnern, jetzt, da der
793 1797 1963 1883 Noch seine schwächeren Werke, wie etwa das „Zwischen¬
215 1814 795 1897 eiß ja: die Kinder der
1984 1824 3151 1907 Umschwung erfolgt. Tür sein inneres Wesen und Schaffen
797 1847 1976 1925 spiel“ sind voll unruhiger Fragen und voll geistiger
214 1872 386 1943 htesten.
1989 1883 3142 1951 freilich bedeutet dieser Umschwung keinen. Vor zehn
805 1888 1961 1972 Entwicklungskeime. Oberflächlich angesehen, ist das ja
229 1891 803 1978 Richtung machte sich der
1979 1912 3144 1996 Jahren, noch vor fünf, hätte ihm die öffentliche Aner¬
806 1942 1975 2028 nur der eheliche Zwist zweier sehr verseinerter und wohl
216 1950 797 2016 gewanderten Naturalismus
1979 1981 3138 2043 kennung schaden können. Heute ist dies nicht mehr zu
802 1985 1969 2067 auch etwas überspannter Künstlermenschen, die miteinander
210 2002 805 2081 Gesell in dieser Stadt der
1976 2025 3152 2082 befürchten. Seitdem er die Höhe des vierzigsten Lebens¬
813 2038 1975 2111 verheiratet sind, sich fliehen, sich finden, und gerade weil
212 2050 800 2124 er auszudrücken lernte, so
1983 2072 3156 2136 jahres überschritten hat, strebt sein Talent ins Weite. Die
799 2090 1978 2156 sie sich zur Unzeit gefunden haben, am Ende doch ver¬
221 2097 795 2164 deres: In Gesellschaft gehen.
1982 2112 3153 2184 Einzelerlebnisse schießen zusammen, verbinden sich ihm
803 2126 1977 2209 lieren. Eine ziemlich komplizierte Geschichte, die aber
219 2148 793 2227 ch die Richtung des natura¬
1982 2159 3152 2226 zum Weltbild; und er zieht die Summe seines
805 2165 1976 2260 keinen, der von Hebbel kommt, befremden kann. Denn
250 2187 799 2254 das ist Schnitzler. Nach
1975 2212 3145 2283 dichterischen Lebens. Er geht jetzt den „Einsamen Weg¬
799 2222 1975 2314 die Cäcilie der letzten Szene ist nur eine Schwester der
231 2239 799 2323 deutsche Schriftsteller und
2944 2253 3157 2323 ja sein
1977 2273 2953 2328 und den „Weg ins Freie“. So heißt
1477 2277 1981 2344 Darüber hinaus aber
802 2285 1405 2354 Rhodope und Mariamne.
218 2293 808 2352 einzige, in dessen Werken
1976 2310 3155 2381 neuer Roman, sein erster großer Roman, der be¬
804 2308 1984 2392 bedeutet dieses Lustspiel (das „Zwischenspiel“ ist
660 2341 797 2397 bloß
498 2342 645 2396 keine
253 2341 472 2408 verkehrt,
1981 2356 3151 2434 zeichnenderweise gerade in dem Augenblick zu er¬
799 2375 1980 2448 eigentlich ein Lustspiel, aber ein so feines, daß
220 2382 800 2461 sehr primitive Art entsteht,
2626 2399 3153 2465 für sein dramatisches
1983 2411 2606 2475 scheinen beginnt, da ihm
804 2407 1983 2494 man gar nicht merkt, daß es eines ist) noch viel mehr:
236 2432 801 2503 Duchessen des französischen
1979 2437 3141 2516 Bemühen endlich die verdiente Auszeichnung wird. Wer
811 2457 1970 2528 Es bedeutet den Kampf zweier vornehmer Gegenwarts¬
222 2481 805 2554 ner Deutsch übersetzt. Dabei
1984 2499 3146 2565 weiß, wie weit er noch gehen wird, wer weiß wohin?
815 2513 1980 2587 menschen um die neue Form der Ehe. Es besitzt bei
227 2518 818 2603 ösische Einfluß auf Schnitzler
1986 2552 3147 2606 Bei Dichtern kann man wohl manchmal sagen, woher sie
811 2564 1981 2629 aller scheinbaren Leichtigkeit, ja Frivolität, einen großen
242 2580 804 2651 ie größer als derjenige, den
1987 2596 3148 2658 kommen, aber nie, wohin sie gehen; und auch der Erfolg
818 2622 1988 2675 sittlchen Ernst. Vielleicht war das die Meinung der
232 2621 809 2695 Piener Gesellschaft übte, in
1981 2642 3149 2706 vermag sie nicht immer zu finden. Denn Dichter sind wie
810 2652 1984 2717 Preisrichter, als sie gerade dieses Werk des Wiener
240 2668 806 2759 Französisch sprach und gut
1993 2684 2646 2772 das Glück: Immer anderswo.
809 2706 1278 2789 Dichters auszeichneten.
246 2710 811 2791 nimmt dieser französische
892 2724 1995 2818 Jedenfalls bedeutet diese Wahl oder diese Ernennung
228 2763 817 2838 s mit den Jahren ab und
2488 2760 3117 2871 Raoul Auernheimer.
238 2771 2022 2898 em Schwinden begriffen. Er einen Umschwung. Das ist, wie wenn eine junge Parxtei.
