3344 4352
725 307 813 366 ze
254 301 1184 401 GrillnarPreis
1337 289 1797 376 box 40//2
2000 218 2192 289 —
2690 455 3083 550 Telephon 12801.
2143 511 2231 553 —
1950 514 1999 581 *
2218 569 2550 676 SI
2003 590 2200 683 Minr
1922 636 2001 682 —
2155 633 3042 735 K
1931 691 3069 781 O l. österr. behordl. konz. Unternehmen für Zeitungs-Ausschnitte
1923 714 2010 755 6
2080 737 2965 844 Wien, I., Concordiaplatz 4.
2319 824 2746 898 Vertretungen
1959 858 3061 964 in Berlin, Budapest, Chicago, Christiania, Genf, Kopen¬
1899 894 3057 997 hagen, London, Madrid, Mailand, Minneapolis, New-Vork,
1921 940 1983 979 0
2006 944 3032 1040 Paris, Rom, San Francisco, Stockholm, St. Petersburg.
2317 998 2712 1070 Gnelleuangabe ohne Gewähr.
1906 1013 2267 1119 6 Ausschnitt,
2271 1051 2713 1138 tee Wiener
2850 1060 3161 1149 platt, Wien
1889 1123 2124 1189 E vom:
2322 1123 2617 1201 16 1. 1248—
1986 1330 3016 1438 Verleihung des Grikparzer=Preises an Arthur
2371 1403 2613 1488 Schnitzler.
2118 1475 3004 1552 Der Grillparzer=Preis, um den diesmal mehr
2005 1538 3007 1584 als hundert Autoren in Bewerbung standen, wurde
2001 1590 3010 1645 gestern trotz der im Curatorium, das zugleich als
2007 1625 2991 1694 Preisrichter=Collegium zu fungiren hatte, au
2861 1670 2975 1725 mi
1999 1676 2747 1733 getauchten Meinungsverschiedenheiten
1999 1712 2982 1785 Stimmeneinhelligkeit Dr. Arthu
2013 1759 2991 1822 Schnitzler für sein Bühnenwerk. „Zwischen.
2000 1800 3011 1861 nehen, einer Dichtung, die zum
2005 1851 2698 1916 R#rivire des Burgtheaters gehört.
2125 1880 3017 1950 Das aus den Herren Director Dr. Paul
1999 1941 3003 2004 [Schlenther, Hofrath Dr. Burckhard
2015 1974 3000 2050 Schriftsteller Ludwig Hevesi und Professorf
2015 2035 3001 2092 Erich Schmidt bestehende Preisrichter=Collegium¬
2008 2078 2993 2135 i# Mittags unter Vorsitz des Hofrathes Professors
2006 2127 3007 2177 Minor zur Berathung zusammen und erkannten
2008 2178 3011 2236 den Pleis nach mehrstündiger lebhafter Debatte, in
2014 2213 3006 2281 der auch für Schönherr und Wildenbruch
2010 2263 2863 2322 plaidirt worden sein soll, Schnitzler zu.
2133 2291 3008 2367 Unmittelbar nach der Sitzung des Preis¬
2015 2348 3012 2396 richter = Collegiums, die in einem Saale der
2001 2383 3009 2451 Universität statigefunden hatte, trat die philosophisch¬
2011 2429 3013 2503 historische Classe der Akademie der Wissenschaften
2005 2478 3009 2554 zzu einer Sitzung zusammen, in welcher Hofrath
2015 2522 3020 2587 Dr. Jacob Minor über die getroffene Ent¬
2016 2559 3021 2629 scheidung der Preisrichter referirie. Nach dem aus¬
2021 2606 3010 2684 führlichen Referate wurde die Entscheidung des
2028 2650 3016 2726 Preisrichter= Collegiums von der philosophisch¬
2021 2720 3009 2769 historischen Classe der Akademic der Wissenschaften
2026 2746 3011 2809 einstimmig genehmigt und Arthur
2016 2792 3015 2869 Schnitzler sonach der Grillparzer=Preis end¬
2021 2843 2349 2918 giltig zuerkannt.
2135 2917 3010 3002 Der Grillparzer=Preis, den diesmal also doch
2028 2992 3008 3050 ein „österreichischer Dichter davontrug,
2026 3030 3005 3093 wird“ von je drei zu drei Jahren am 15. Jänner,
2022 3076 3013 3130 demh Geburtstage Grillparzer's, verliehen. Zuletzt
2009 3125 3046 3203 Fbekam ihm Hartleben für „Roseu
2024 3173 2295 3248 montag“.
2138 3250 3021 3316 Ueber den Verlauf der Sitzung gehen uns
2025 3311 3030 3374 folgende Mittheilungen zu: Den Vorsitz führte Hof¬
2021 3365 3029 3408 rath Minor, der eine Zuschrift Erich Schmidi's
2027 3397 3032 3467 vorlegte, welcher sein Fernbleiben entschuldigte. Un¬
2032 3443 3025 3488 aufschiebbare Berufsgeschäfte hatten ihn zurückgehalten
2021 3471 3036 3537 in Berlin. Erich Schmidt übertrug diesmal sein
2026 3524 3031 3590 Stimmrecht nicht auf einen Wiener Preisrichter,
2024 3579 3032 3636 sendern hatte eine wohlmotivirte Kundgebung ein¬
2030 3605 3035 3664 geschickt, die sich eingebend mit Arthur Schnitzler be¬
2034 3656 2238 3714 schäftigte.
2149 3658 3031 3738 Es entspann sich eine sehr bewegte Debatte.
2027 3732 3031 3796 Einhundert sechsundachtzig Bühnen¬
2029 3773 3023 3842 werke lagen der Jury vor. Alle möglichen Namen
2036 3817 3027 3870 tauchten auf und verschwanden. Man nannte
2032 3852 3039 3923 Vollmöller, Hirschfeld, Halbe, Bern¬
2031 3896 3028 3962 stein, Bahr, Wildenbruch, Schönherr,
2040 3947 2476 4010 Fulda und Andere.
2137 3960 3035 4054 Wildenbruch war rasch abgethau. Er hatte
2027 4022 3031 4087 der Jahren den Grillparzer=Preis mit seiner Dichtung
2045 4068 3030 4130 „Harold“ davongetragen. Diesmal mußie er wegen
2037 4097 3034 4179 der „Rabensteinerin“ eine herle Kritik erfohren.
2476 4152 3027 4202 wnede geltend gemacht, sein
2043 4159 2444 4204 Ganne Schönsterr
