3392 4256
737 260 792 310 2
1338 239 1818 335 box 40/2
308 250 1339 332 GPrei
1070 974 1472 1053 Telephon 12801.
353 1068 401 1119 7
337 1099 400 1141 1
360 1139 1468 1242 Minre eemn
327 1225 1474 1303 ● l. österr. behördi. konz. Unternehmen für Zeitungs-Ausschnitte
497 1288 1363 1357 Wien, I., Concordiaplatz 4.
711 1354 1152 1425 Vertretungen
378 1412 1463 1460 in Berlin, Budapest, Chicago, Christiania, Genf, Kopen¬
318 1422 398 1488 *
320 1451 1477 1511 ## hager, London, Madrid, Mailand, Minneapolis, New-Vork,
426 1495 1434 1550 Paris, Rom, San Francisco, Stockholm, St. Petersburg.
746 1534 1131 1582 (Quellenangabe ohne Gewähr.)
882 1569 1487 1641 Schwäbischer Merkur
321 1580 371 1628 4
335 1585 812 1654 6 Ausschnitt aus:
1050 1629 1329 1708 Stuttgart
331 1653 382 1700 2u0
634 1653 925 1743 17. 161 1900
307 1697 558 1768 vom:
360 1742 1443 1818 Wien 15. Jan. Wie bereits mitgeteilt, ist der Grill¬
291 1805 1433 1849 parzerpreis dem Dichten Arthur Schnitlerin Wien
294 1856 1440 1903 für seine Komödie 4Zwischenspiel“ zurt#mt worden. Damit
294 1892 1450 1951 erhält wieder ein„Oestreicher den Grillparzerpreis, den seit
300 1934 1439 2011 seiner Stiftung überhaupt bisher nur einmal, nämlich im Jabr
292 1979 1429 2015 1887, ein Inläudec, Ludwig Anzengruber, davongetragen hat.
293 2011 1446 2078 Zuletzt standen, (Wit die N. Fr. Pr. meldet, von den 94 Bühnen¬
290 2064 1432 2114 werken, die den Preisrichtern zur Beurteilung vorlagen, uii
375 2107 1442 2160 in Diskussihn, Schnitzlers „Zwischenspiel“ und Schön¬
286 2158 1442 2200 b##rs Tragödie „Famitie“. Wildenbruchs „Die Rabensteinerin“
280 2191 1442 2259 Am heute in der Schlußsitzung der Juroren nicht in Frage.
294 2230 1440 2289 Dagegen verlautet, daß sich namentlich Direktor Dr. Schlen¬
296 2277 1436 2327 ther für Schönherr eingesetzt habe, welchem Vorschlag ein
301 2317 1437 2377 zweiter der Preisrichter ursprünglich beigepflichtet habe. Schließ¬
299 2363 1439 2414 lich stimmten aber auch diese beiden Herren den übrigen
302 2405 1439 2442 Preisrichtern zu, die sich für Schnitzlers „Zwischenspiel“ ale
304 2444 1439 2502 Preisstück erklärten, und es wurde die Einstimmigkeit der Inry
297 2483 1450 2543 erzielt. Ueber die Preisträger der früheren Jahre berichtet die
293 2527 1446 2587 N. Fr. Pr.: Zum erstenmal wurde der Grillpaczerpreis in der
297 2570 1450 2632 Hühe von 1500 fl. am 15. Januar 1875 einstimmig Adolf
293 2625 1434 2673 Wilbrandt für seine Tragödie „Gracchus, der Volkstribun“ ver¬
296 2662 1443 2716 liehen. Im Jahr 1878 wurde der Preis nicht vergeben. Im
306 2708 1432 2759 Jahr 1881 erhielt den Preis gleichfalls in der Höhe von 1500 fl.
296 2743 1446 2799 Ernst v. Wildenbruch für sein Trauerspiel „Harold“ mit
300 2786 1436 2841 Stimmenmehrheit. 1884 fiel die Preiszuerkennung aus. 1887
301 2837 1440 2887 wurde einstimmig Ludwig Anzengruber für seine Wiener Weih¬
292 2887 1437 2927 nachtskomödie „Heimg'funden“ ausgezeichnet. Der Preis belrug da¬
297 2918 1439 2968 mals bereits 1800 fl. Im J. 1890 wurde der Preis in der Höbe von
291 2956 1438 3014 1800 fl., diesmal mit Stimmenmehrheit, neuerdings Adolf
296 3003 1436 3050 Wilbrandt für seinen „Meister von Palmyra“ zuerkannt. Im
295 3047 1446 3112 Jahr 1893 fand keine Preisverteilung statt. Im Jahr 1896
296 3099 1439 3143 erhielt Gerhart Hauptmann für seine Tragödie „Hannele“ mit
306 3134 1451 3187 Stimmenmehrheit den Preis, der in diesem Jahre 2400 fl.
291 3172 1450 3237 betrug. Die nächste Preiszuerkennung im Jahre 1899 brachte
297 3219 1440 3276 wieder Gerhart Hauptmann den Preis von 2400 fl. einstimmig
293 3270 1454 3320 für seinen „Fuhrmann Heuschel“. Im Jahre 1902 wurde ein¬
293 3309 1443 3359 stimmig Otto Erich Hartleben für „Rosenmontag“ ausgezeichnet
298 3347 1448 3407 Die letzte Preisverleihung fand im Jahr 1905 statt. Der
304 3389 1453 3433 Preis in der Höhe von 5000 Kr. wurde einstimmig Gerhart
296 3440 1443 3494 Hauptmann für das Schauspiel „Der arme Heinrich“ zu¬
298 3460 1448 3531 erkannt. Unter den früheren Preisrichtern der Grillparzer¬
297 3519 1445 3572 Preisstiftung befanden sich unter anderen Franz v. Dingelstedl,
306 3566 1441 3612 Heinrich Laube, Josef v. Weilen, Robert Zimmermann, Johannes
298 3606 1454 3663 Nordmann, Wilhelm Scherer, Adoif Wilbrandt, Hermann
293 3648 1452 3695 Hettner, Josef Bayer, Alfred Frhr. v. Berger, Ludwig Speidel,
316 3689 1448 3766 Heinrich Bulthaupt, Wilhelm Ritter v. Hartelund-Friedtich Uhl.
2492 1533 2863 1641 Telephon 12801.
1768 1688 1804 1760 5
1731 1718 2856 1853 S OMsPKEEerarettnng
1733 1816 1818 1867 —
1750 1818 2877 1914 O l. österr. behördl. konz. Unternehmen für Zeitungs-Ausschnitte
1753 1896 1822 1944 66
1907 1869 2786 1973 Wien, I., Concordiaplatz 4.
2145 1954 2562 2018 Vertretungen
1744 1974 1840 2036 4
1775 1982 2882 2108 0 in Berlin, Budapest, Chicago, Christiania, Genf, Kopen¬
1746 2037 2892 2130 hagen, London, Madrid, Mailand, Minneapolis, New-Vork,
1847 2074 2863 2142 Paris, Rom, San Francisco, Stockholm, St. Petersburg.
2165 2125 2559 2198 Muellenangabe ohne Gewam.)
1755 2188 3002 2269 7 Ausschnitt aus: Naues Wiener Tagblati
1767 2270 2271 2370 E vom: 1
1925 2368 2854 2450 * Ueber die erfolgte Zuerkennung des Grill¬
1814 2425 2864 2500 sparzer=Preises an Arthur Schnitzler wurde
1814 2471 2840 2542 gestern auf amtlichem Wege folgendenAnzes#ffent¬
1812 2528 2843 2593 flicht: „Das statutenmäßig eingesetzte Preisgericht, be¬
1817 2556 2853 2631 stehend aus den Herren Hofrat Dr. Jakob Minor,
1818 2617 2832 2671 Hofrat Dr. Max Burckhard, Dr. Paul Schlenther
1815 2662 2838 2722 Ludwig Hevesi und Professor Dr. Erich Schmidt#
2777 2714 2858 2752 —
1815 2740 2837 2802 in Berlin, hat den am 15. Jänner d. J. zum neunten
1808 2791 2824 2861 Mal zur Verteilung bestimmten, von Franz Grill¬
1810 2841 2829 2905 parzer „für das relativ beste deutsche
1801 2882 2839 2947 dramatische Werk, welches im Laufe des letzten
1807 2914 2826 3000 Trienniums auf einer namhaften deutschen Bühne zur
1812 2978 2836 3019 Aufführung gelangt ist und nicht schon von einer anderen
1809 3025 2823 3073 Seite durch einen Preis ausgezeichnet worden ist“ ge¬
1810 3053 2855 3121 stifteten Preis im Betrage von 5000 K. dem Dichter —
1811 3108 2825 3185 Arthur Schnitzler in Wien für sein Drama:
1814 3155 2454 3225 „Zwischenspiel“ einstimmig
2684 3166 2814 3224 Die
2457 3159 2687 3226 zuerkannt.
1804 3199 2819 3264 philosophisch=historische Klasse der
1801 3251 2817 3315 kaiserlichen Akademie der Wissen¬
1801 3289 2817 3363 schaften, welcher durch den Stiftbrief die Verwaltung
1806 3334 2817 3398 des Stiftungsfonds übertragen ist, hat daher am heutigen
1793 3373 2832 3451 Tage obige Summe flüssig gemacht und dem genannten
1795 3422 2815 3507 Dichter zur Verfügung gestellt. Wien, am 116. Geburts¬
1798 3471 2517 3552 tage Grillparzers, den 15. Jänner 1908.“
