<?xml version="1.0" encoding="UTF-8" standalone="yes"?>
<PcGts xmlns="http://schema.primaresearch.org/PAGE/gts/pagecontent/2013-07-15" xmlns:xsi="http://www.w3.org/2001/XMLSchema-instance" xsi:schemaLocation="http://schema.primaresearch.org/PAGE/gts/pagecontent/2013-07-15 http://schema.primaresearch.org/PAGE/gts/pagecontent/2013-07-15/pagecontent.xsd">
    <Metadata>
        <Creator>prov=University of Rostock/Institute of Mathematics/CITlab/Gundram Leifert/gundram.leifert@uni-rostock.de:name=ONB_Newseye_GT_M1+(htr_id=10810)::::v=2.4.2
prov=University of Rostock/Institute of Mathematics/CITlab/Tobias Gruening/tobias.gruening@uni-rostock.de:name=de.uros.citlab.module.baseline2polygon.B2PSeamMultiOriented:v=2.4.2
prov=University of Rostock/Institute of Mathematics/CITlab/Tobias Gruening/tobias.gruening@uni-rostock.de:name=/mnt/transkribus/LA/DEA/URO/LA_news_onb_att.pb:de.uros.citlab.segmentation.CITlab_LA_ML:v=2.4.2
Transkribus</Creator>
        <Created>2019-10-07T20:31:35.816+02:00</Created>
        <LastChange>2019-10-09T06:32:42.155+02:00</LastChange>
        <TranskribusMetadata docId="224441" pageId="9574664" pageNr="46" tsid="16624440" status="IN_PROGRESS" userId="40391" imgUrl="https://files.transkribus.eu/Get?id=PNUEPTLWPDIFHRIWYDSMQWNF&amp;fileType=view" xmlUrl="https://files.transkribus.eu/Get?id=YFWUUNINSNFUFQAVXSPOVZMQ" imageId="6206728"/>
    </Metadata>
    <Page imageFilename="224441_0046.jpeg" imageWidth="3392" imageHeight="4320">
        <ReadingOrder>
            <OrderedGroup id="ro_1711442505881" caption="Regions reading order">
                <RegionRefIndexed index="0" regionRef="r1"/>
                <RegionRefIndexed index="1" regionRef="r2"/>
                <RegionRefIndexed index="2" regionRef="r3"/>
            </OrderedGroup>
        </ReadingOrder>
        <TextRegion orientation="0.0" id="r1" custom="readingOrder {index:0;}">
            <Coords points="279,341 279,3760 1486,3760 1486,341"/>
            <TextLine id="r1l1" custom="readingOrder {index:0;}">
                <Coords points="317,365 890,391 1219,364 1167,307 1006,309 959,354 863,309 615,309 563,353 401,302 318,309"/>
                <Baseline points="325,361 369,361 413,361 458,361 502,361 546,361 591,361 635,362 679,362 724,362 768,362 812,363 857,363 901,363 945,364 990,364 1034,364 1078,365 1123,365 1167,366 1212,366"/>
                <TextEquiv>
                    <Unicode>GrDarzereis</Unicode>
                </TextEquiv>
            </TextLine>
            <TextLine id="r1l2" custom="readingOrder {index:1;}">
                <Coords points="1046,1306 1153,1326 1213,1317 1224,1329 1435,1320 1436,1286 1376,1264 1320,1256 1273,1277 1194,1247 1149,1261 1048,1254"/>
                <Baseline points="1054,1295 1079,1294 1104,1294 1129,1294 1154,1295 1179,1296 1204,1297 1229,1298 1254,1300 1279,1301 1304,1303 1329,1304 1354,1305 1379,1305 1404,1305 1429,1304"/>
                <TextEquiv>
                    <Unicode>Telephon 12801.</Unicode>
                </TextEquiv>
            </TextLine>
            <TextLine id="r1l3" custom="readingOrder {index:2;}">
                <Coords points="403,1344 587,1350 619,1365 639,1350 675,1378 705,1359 807,1359 809,1331 405,1314"/>
                <Baseline points="410,1341 436,1342 462,1343 488,1344 514,1346 540,1348 566,1349 592,1351 618,1352 644,1354 670,1355 696,1357 722,1358 748,1358 774,1358 800,1357"/>
                <TextEquiv>
                    <Unicode></Unicode>
                </TextEquiv>
            </TextLine>
            <TextLine id="r1l4" custom="readingOrder {index:3;}">
                <Coords points="317,1368 353,1367 355,1365 360,1367 362,1365 366,1369 373,1369 372,1325 362,1326 356,1320 350,1322 347,1319 336,1324 323,1314 315,1315"/>
                <Baseline points="324,1363 366,1362"/>
                <TextEquiv>
                    <Unicode>*2</Unicode>
                </TextEquiv>
            </TextLine>
            <TextLine id="r1l5" custom="readingOrder {index:4;}">
                <Coords points="311,1384 321,1384 325,1389 331,1386 348,1387 352,1392 361,1384 366,1389 373,1389 375,1365 331,1364 323,1355 313,1352"/>
                <Baseline points="319,1378 366,1381"/>
                <TextEquiv>
                    <Unicode>—</Unicode>
                </TextEquiv>
            </TextLine>
            <TextLine id="r1l6" custom="readingOrder {index:5;}">
                <Coords points="288,1443 298,1442 312,1451 317,1449 320,1452 332,1448 352,1448 362,1438 377,1434 377,1404 362,1400 349,1387 328,1387 297,1405 288,1405"/>
                <Baseline points="296,1443 333,1442 370,1443"/>
                <TextEquiv>
                    <Unicode>*</Unicode>
                </TextEquiv>
            </TextLine>
            <TextLine id="r1l7" custom="readingOrder {index:6;}">
                <Coords points="787,1473 804,1463 841,1463 815,1334 804,1338 759,1335"/>
                <Baseline points="792,1464 832,1456"/>
                <TextEquiv>
                    <Unicode></Unicode>
                </TextEquiv>
            </TextLine>
            <TextLine id="r1l8" custom="readingOrder {index:7;}">
                <Coords points="342,1469 360,1462 395,1486 770,1489 771,1461 734,1442 707,1462 645,1438 620,1446 551,1401 413,1402 343,1449"/>
                <Baseline points="349,1463 374,1459 400,1456 426,1455 452,1454 478,1456 504,1458 530,1460 556,1463 582,1465 608,1468 634,1471 660,1473 686,1474 712,1474 738,1474 764,1471"/>
                <TextEquiv>
                    <Unicode>GE</Unicode>
                </TextEquiv>
            </TextLine>
            <TextLine id="r1l9" custom="readingOrder {index:8;}">
                <Coords points="280,1481 291,1478 313,1496 324,1489 356,1491 371,1488 370,1463 349,1463 333,1448 303,1454 295,1463 279,1462"/>
                <Baseline points="287,1481 312,1480 337,1480 363,1479"/>
                <TextEquiv>
                    <Unicode>—</Unicode>
                </TextEquiv>
            </TextLine>
            <TextLine id="r1l10" custom="readingOrder {index:9;}">
                <Coords points="843,1495 1382,1516 1416,1509 1417,1427 1217,1419 1098,1438 1033,1418 984,1465 924,1416 843,1442"/>
                <Baseline points="850,1475 878,1478 906,1479 934,1481 962,1482 990,1482 1018,1483 1046,1483 1074,1482 1102,1482 1130,1482 1158,1481 1186,1481 1214,1481 1242,1481 1270,1481 1298,1482 1326,1483 1354,1485 1382,1487 1410,1490"/>
                <TextEquiv>
                    <Unicode>ErSeN</Unicode>
                </TextEquiv>
            </TextLine>
            <TextLine id="r1l11" custom="readingOrder {index:10;}">
                <Coords points="294,1524 1424,1557 1399,1515 1301,1507 295,1500"/>
                <Baseline points="302,1519 357,1521 413,1523 469,1524 525,1526 580,1528 636,1530 692,1531 748,1533 803,1535 859,1537 915,1539 971,1541 1026,1543 1082,1544 1138,1546 1194,1548 1249,1550 1305,1551 1361,1553 1417,1555"/>
                <TextEquiv>
                    <Unicode>O l. österr. behördl. konz. Unternehmen für Zeitungs-Ausschnitte</Unicode>
                </TextEquiv>
            </TextLine>
            <TextLine id="r1l12" custom="readingOrder {index:11;}">
                <Coords points="300,1558 308,1558 320,1569 323,1566 324,1568 332,1566 347,1571 362,1558 368,1562 375,1562 374,1529 345,1526 327,1528 323,1525 309,1537 299,1536"/>
                <Baseline points="307,1561 337,1561 367,1559"/>
                <TextEquiv>
                    <Unicode>70</Unicode>
                </TextEquiv>
            </TextLine>
            <TextLine id="r1l13" custom="readingOrder {index:12;}">
                <Coords points="453,1597 1331,1642 1333,1571 455,1539"/>
                <Baseline points="460,1594 503,1597 546,1599 589,1602 633,1603 676,1605 719,1607 762,1608 806,1609 849,1610 892,1611 935,1613 979,1614 1022,1615 1065,1616 1108,1618 1152,1619 1195,1621 1238,1623 1281,1625 1325,1627"/>
                <TextEquiv>
                    <Unicode>Wien, I., Concordiaplatz 4.</Unicode>
                </TextEquiv>
            </TextLine>
            <TextLine id="r1l14" custom="readingOrder {index:13;}">
                <Coords points="670,1661 994,1693 1038,1679 1068,1687 1106,1674 1107,1660 1005,1649 915,1615 839,1638 779,1618 671,1626"/>
                <Baseline points="677,1658 703,1661 729,1663 756,1665 782,1666 808,1668 835,1669 861,1669 888,1670 914,1670 940,1671 967,1671 993,1672 1019,1673 1046,1674 1072,1676 1099,1678"/>
                <TextEquiv>
                    <Unicode>Vertretungen</Unicode>
                </TextEquiv>
            </TextLine>
            <TextLine id="r1l15" custom="readingOrder {index:14;}">
                <Coords points="291,1695 1424,1731 1302,1686 291,1674"/>
                <Baseline points="298,1700 353,1702 409,1703 465,1705 521,1707 577,1709 633,1711 689,1712 745,1715 801,1717 857,1719 912,1721 968,1722 1024,1724 1080,1726 1136,1728 1192,1729 1248,1730 1304,1731 1360,1732 1416,1733"/>
                <TextEquiv>
                    <Unicode>0 in Berlin, Budapest, Chicago, Christiania, Genf, Kopen¬</Unicode>
                </TextEquiv>
            </TextLine>
            <TextLine id="r1l16" custom="readingOrder {index:15;}">
                <Coords points="282,1759 1374,1790 1428,1753 284,1703"/>
                <Baseline points="290,1745 346,1745 403,1745 459,1746 516,1746 572,1748 629,1749 685,1751 742,1752 798,1755 855,1756 911,1758 968,1761 1024,1763 1081,1765 1137,1767 1194,1769 1250,1770 1307,1771 1363,1772 1420,1773"/>
                <TextEquiv>
                    <Unicode># hagen, London, Madrid, Mailand, Minneapolis, New-Vork,</Unicode>
                </TextEquiv>
            </TextLine>
            <TextLine id="r1l17" custom="readingOrder {index:16;}">
                <Coords points="290,1790 310,1792 312,1789 320,1793 341,1791 361,1778 369,1778 368,1754 352,1756 349,1753 342,1756 311,1754 302,1761 289,1759"/>
                <Baseline points="297,1783 329,1783 361,1781"/>
                <TextEquiv>
                    <Unicode>0</Unicode>
                </TextEquiv>
            </TextLine>
            <TextLine id="r1l18" custom="readingOrder {index:17;}">
                <Coords points="369,1776 1145,1830 1399,1802 369,1758"/>
                <Baseline points="376,1780 426,1781 477,1783 528,1784 579,1785 629,1787 680,1788 731,1790 782,1792 832,1793 883,1795 934,1797 985,1798 1035,1800 1086,1803 1137,1805 1188,1807 1238,1809 1289,1812 1340,1815 1391,1818"/>
                <TextEquiv>
                    <Unicode>Paris, Rom, San Francisco, Stockholm, St. Petersburg.</Unicode>
                </TextEquiv>
            </TextLine>
            <TextLine id="r1l19" custom="readingOrder {index:18;}">
                <Coords points="287,1818 294,1818 320,1831 338,1827 359,1828 359,1794 344,1794 336,1790 324,1793 314,1790 308,1790 305,1793 303,1790 287,1791"/>
                <Baseline points="294,1821 323,1819 352,1821"/>
                <TextEquiv>
                    <Unicode>00</Unicode>
                </TextEquiv>
            </TextLine>
            <TextLine id="r1l20" custom="readingOrder {index:19;}">
                <Coords points="694,1827 762,1840 809,1829 854,1841 1090,1837 1090,1817 1017,1802 979,1817 897,1797 866,1812 812,1796 695,1800"/>
                <Baseline points="702,1823 727,1826 752,1827 778,1828 803,1829 829,1829 854,1830 879,1830 905,1830 930,1830 956,1830 981,1831 1006,1832 1032,1834 1057,1837 1083,1840"/>
                <TextEquiv>
                    <Unicode>(Guchnohne ##nähr.</Unicode>
                </TextEquiv>
            </TextLine>
            <TextLine id="r1l21" custom="readingOrder {index:20;}">
                <Coords points="732,1858 772,1862 799,1882 825,1871 846,1883 1027,1871 1028,1838 986,1844 955,1831 853,1841 810,1828 760,1839 733,1831"/>
                <Baseline points="740,1853 765,1854 791,1854 816,1855 842,1856 867,1857 893,1858 918,1859 944,1859 969,1860 995,1861 1021,1862"/>
                <TextEquiv>
                    <Unicode>Mülchter N</Unicode>
                </TextEquiv>
            </TextLine>
            <TextLine id="r1l22" custom="readingOrder {index:21;}">
                <Coords points="276,1869 292,1873 313,1868 327,1868 336,1872 347,1871 349,1827 316,1830 309,1824 296,1836 285,1830 278,1830"/>
                <Baseline points="284,1861 312,1861 340,1863"/>
                <TextEquiv>
                    <Unicode>—</Unicode>
                </TextEquiv>
            </TextLine>
            <TextLine id="r1l23" custom="readingOrder {index:22;}">
                <Coords points="1100,1892 1235,1872 1259,1888 1318,1878 1334,1893 1407,1881 1447,1892 1492,1879 1493,1844 1414,1812 1351,1827 1299,1810 1217,1826 1165,1814 1146,1831 1121,1814 1102,1819"/>
                <Baseline points="1108,1864 1133,1866 1158,1867 1183,1868 1208,1870 1234,1871 1259,1873 1284,1873 1309,1875 1334,1875 1360,1876 1385,1876 1410,1876 1435,1876 1460,1875 1486,1873"/>
                <TextEquiv>
                    <Unicode>Sto Nachrichten</Unicode>
                </TextEquiv>
            </TextLine>
            <TextLine id="r1l24" custom="readingOrder {index:23;}">
                <Coords points="277,1907 375,1891 526,1913 621,1894 728,1911 756,1907 757,1866 703,1847 628,1859 569,1842 552,1858 488,1843 454,1857 416,1838 395,1853 371,1843 338,1871 277,1875"/>
                <Baseline points="284,1894 309,1891 335,1887 361,1885 387,1884 413,1883 439,1883 465,1883 491,1884 517,1885 542,1886 568,1887 594,1888 620,1890 646,1890 672,1891 698,1891 724,1891 750,1890"/>
                <TextEquiv>
                    <Unicode>6 Ausschnitt aus:</Unicode>
                </TextEquiv>
            </TextLine>
            <TextLine id="r1l25" custom="readingOrder {index:24;}">
                <Coords points="276,1948 283,1949 295,1943 312,1945 314,1949 317,1946 343,1942 347,1946 353,1946 357,1917 345,1915 334,1905 328,1908 298,1904 292,1896 282,1896"/>
                <Baseline points="285,1927 316,1937 347,1935"/>
                <TextEquiv>
                    <Unicode>15</Unicode>
                </TextEquiv>
            </TextLine>
            <TextLine id="r1l26" custom="readingOrder {index:25;}">
                <Coords points="605,1974 694,1969 720,1983 767,1976 795,1986 811,1979 859,1997 899,1977 901,1948 855,1928 845,1933 828,1917 768,1938 734,1924 608,1921"/>
                <Baseline points="612,1963 637,1963 662,1964 688,1965 713,1966 739,1967 764,1969 790,1971 815,1973 841,1976 866,1978 892,1981"/>
                <TextEquiv>
                    <Unicode>17 1 1908</Unicode>
                </TextEquiv>
            </TextLine>
            <TextLine id="r1l27" custom="readingOrder {index:26;}">
                <Coords points="272,2000 287,1996 305,2003 327,1992 346,1993 356,1983 367,1994 411,1990 426,2000 486,1995 487,1962 462,1955 444,1960 381,1948 365,1954 345,1944 314,1948 303,1942 274,1949"/>
                <Baseline points="279,1982 304,1983 329,1983 354,1984 379,1984 404,1986 429,1988 454,1991 479,1994"/>
                <TextEquiv>
                    <Unicode>E vom:</Unicode>
                </TextEquiv>
            </TextLine>
            <TextLine id="r1l28" custom="readingOrder {index:27;}">
                <Coords points="1242,2069 1258,2070 1264,2062 1276,2060 1286,2064 1303,2060 1320,2066 1327,2060 1349,2061 1357,2052 1366,2051 1365,2024 1349,2021 1340,2027 1333,2022 1317,2025 1310,2018 1297,2027 1276,2010 1266,2014 1250,2009 1240,2011"/>
                <Baseline points="1249,2055 1276,2053 1304,2053 1331,2052 1359,2051"/>
                <TextEquiv>
                    <Unicode>—</Unicode>
                </TextEquiv>
            </TextLine>
            <TextLine id="r1l29" custom="readingOrder {index:28;}">
                <Coords points="484,2079 552,2088 572,2076 635,2083 679,2069 833,2062 831,2039 640,2057 606,2040 589,2056 558,2047 549,2058 483,2057"/>
                <Baseline points="491,2083 516,2080 542,2077 568,2075 593,2072 619,2071 645,2069 670,2068 696,2066 722,2064 747,2062 773,2060 799,2058 825,2055"/>
                <TextEquiv>
                    <Unicode>A112 —</Unicode>
                </TextEquiv>
            </TextLine>
            <TextLine id="r1l30" custom="readingOrder {index:29;}">
                <Coords points="723,2094 762,2092 781,2107 813,2089 843,2099 884,2084 938,2089 950,2085 949,2058 907,2062 895,2056 885,2065 833,2069 813,2062 764,2071 721,2066"/>
                <Baseline points="729,2081 755,2081 782,2081 809,2080 836,2078 862,2077 889,2075 916,2073 943,2071"/>
                <TextEquiv>
                    <Unicode>—</Unicode>
                </TextEquiv>
            </TextLine>
            <TextLine id="r1l31" custom="readingOrder {index:30;}">
                <Coords points="471,2179 754,2167 782,2142 1270,2139 1349,2105 1348,2077 1043,2070 468,2120"/>
                <Baseline points="478,2163 521,2160 564,2158 607,2155 651,2152 694,2151 737,2148 780,2146 824,2145 867,2142 910,2140 953,2138 997,2136 1040,2133 1083,2130 1126,2128 1170,2125 1213,2121 1256,2118 1299,2114 1343,2109"/>
                <TextEquiv>
                    <Unicode>Literatur und Wissenschaft</Unicode>
                </TextEquiv>
            </TextLine>
            <TextLine id="r1l32" custom="readingOrder {index:31;}">
                <Coords points="483,2222 1345,2180 1382,2141 1144,2128 1078,2158 774,2146 658,2184 480,2179"/>
                <Baseline points="490,2216 534,2214 578,2211 622,2209 667,2207 711,2205 755,2202 800,2199 844,2197 888,2195 933,2192 977,2190 1021,2187 1065,2185 1110,2182 1154,2179 1198,2177 1243,2175 1287,2172 1331,2170 1376,2168"/>
                <TextEquiv>
                    <Unicode>B-r. Zur Verleihung des Grillparzerpreises an</Unicode>
                </TextEquiv>
            </TextLine>
            <TextLine id="r1l33" custom="readingOrder {index:32;}">
                <Coords points="438,2259 1376,2211 1374,2183 1299,2163 851,2217 436,2218"/>
                <Baseline points="445,2259 491,2257 537,2255 583,2253 629,2251 676,2248 722,2246 768,2243 814,2240 860,2238 907,2235 953,2232 999,2229 1045,2227 1091,2223 1138,2221 1184,2218 1230,2215 1276,2212 1322,2209 1369,2205"/>
                <TextEquiv>
                    <Unicode>Artur Schnitler schreiot man uns aus Wien: Der</Unicode>
                </TextEquiv>
            </TextLine>
            <TextLine id="r1l34" custom="readingOrder {index:33;}">
                <Coords points="452,2316 984,2273 1100,2294 1161,2261 1271,2284 1391,2221 449,2268"/>
                <Baseline points="458,2301 504,2298 550,2295 597,2293 643,2290 689,2288 736,2285 782,2282 828,2279 875,2277 921,2274 967,2271 1014,2269 1060,2266 1106,2264 1153,2261 1199,2258 1245,2256 1292,2253 1338,2251 1385,2249"/>
                <TextEquiv>
                    <Unicode>Wiener wirs Täum seine Genugtnung unterdrücken</Unicode>
                </TextEquiv>
            </TextLine>
            <TextLine id="r1l35" custom="readingOrder {index:34;}">
                <Coords points="394,2390 1303,2377 1339,2367 1338,2298 943,2307 823,2348 393,2342"/>
                <Baseline points="400,2378 446,2378 493,2378 539,2377 586,2377 633,2376 679,2375 726,2373 772,2372 819,2371 866,2369 912,2368 959,2366 1005,2365 1052,2364 1099,2363 1145,2362 1192,2362 1238,2362 1285,2362 1332,2363"/>
                <TextEquiv>
                    <Unicode>können, daß das höchste Ehrenzeichen unserer Lit</Unicode>
                </TextEquiv>
            </TextLine>
            <TextLine id="r1l36" custom="readingOrder {index:35;}">
                <Coords points="390,2417 1356,2409 1219,2359 390,2387"/>
                <Baseline points="397,2419 444,2419 492,2418 539,2418 587,2417 635,2416 682,2415 730,2414 777,2413 825,2412 873,2410 920,2409 968,2408 1015,2407 1063,2406 1111,2405 1158,2404 1206,2403 1253,2403 1301,2403 1349,2403"/>
                <TextEquiv>
                    <Unicode>ratur endlich wieder einem Wiener zugefallen ist.</Unicode>
                </TextEquiv>
            </TextLine>
            <TextLine id="r1l37" custom="readingOrder {index:36;}">
                <Coords points="399,2461 1338,2447 1337,2412 1251,2400 398,2420"/>
                <Baseline points="406,2458 452,2456 498,2456 544,2454 590,2454 637,2452 683,2452 729,2451 775,2450 821,2449 868,2448 914,2447 960,2446 1006,2446 1052,2445 1099,2444 1145,2443 1191,2443 1237,2442 1283,2441 1330,2440"/>
                <TextEquiv>
                    <Unicode>Dieser vornehme und nachdenklich lächelnde Poet,</Unicode>
                </TextEquiv>
            </TextLine>
            <TextLine id="r1l38" custom="readingOrder {index:37;}">
                <Coords points="395,2503 1344,2474 1204,2436 394,2460"/>
                <Baseline points="403,2496 449,2496 496,2495 543,2494 589,2493 636,2492 683,2491 729,2490 776,2489 823,2488 870,2487 916,2486 963,2485 1010,2484 1056,2482 1103,2481 1150,2480 1196,2478 1243,2477 1290,2475 1337,2474"/>
                <TextEquiv>
                    <Unicode>dessen=durch Grazie gemilderter Tiefsinn die Wiener</Unicode>
                </TextEquiv>
            </TextLine>
            <TextLine id="r1l39" custom="readingOrder {index:38;}">
                <Coords points="397,2530 1342,2514 1341,2473 397,2505"/>
                <Baseline points="405,2538 451,2537 498,2536 544,2534 591,2533 637,2532 684,2531 730,2530 777,2528 823,2527 870,2526 916,2525 963,2524 1009,2522 1056,2521 1102,2520 1149,2519 1195,2518 1242,2518 1288,2517 1335,2516"/>
                <TextEquiv>
                    <Unicode>Literatur im Auslande so schön repräsentiert, hat</Unicode>
                </TextEquiv>
            </TextLine>
            <TextLine id="r1l40" custom="readingOrder {index:39;}">
                <Coords points="405,2578 1241,2556 1357,2580 1341,2518 404,2541"/>
                <Baseline points="412,2578 458,2576 505,2575 552,2573 599,2572 646,2571 693,2570 739,2569 786,2567 833,2566 880,2565 927,2564 974,2563 1021,2562 1067,2561 1114,2559 1161,2557 1208,2556 1255,2553 1302,2551 1349,2549"/>
                <TextEquiv>
                    <Unicode>sich das goldene Vließ des Dramatikers redlich ver¬</Unicode>
                </TextEquiv>
            </TextLine>
            <TextLine id="r1l41" custom="readingOrder {index:40;}">
                <Coords points="394,2618 1250,2608 1338,2593 1337,2558 393,2586"/>
                <Baseline points="400,2614 446,2613 493,2611 539,2610 586,2609 632,2608 679,2607 725,2607 772,2606 818,2605 865,2604 912,2604 958,2603 1005,2602 1051,2600 1098,2599 1144,2597 1191,2596 1237,2594 1284,2591 1331,2588"/>
                <TextEquiv>
                    <Unicode>dient — vielleicht weniger gerade für seine Komö¬</Unicode>
                </TextEquiv>
            </TextLine>
            <TextLine id="r1l42" custom="readingOrder {index:41;}">
                <Coords points="1259,2612 1266,2613 1274,2611 1282,2622 1285,2620 1289,2622 1296,2620 1303,2626 1310,2624 1319,2625 1320,2608 1313,2607 1302,2601 1299,2602 1297,2599 1293,2600 1287,2597 1280,2599 1270,2586 1263,2585"/>
                <Baseline points="1267,2611 1312,2618"/>
                <TextEquiv>
                    <Unicode>7#</Unicode>
                </TextEquiv>
            </TextLine>
            <TextLine id="r1l43" custom="readingOrder {index:42;}">
                <Coords points="404,2652 1373,2643 1362,2591 1302,2620 404,2624"/>
                <Baseline points="411,2655 458,2654 506,2653 554,2652 601,2651 649,2650 697,2648 744,2647 792,2646 840,2644 888,2643 935,2642 983,2641 1031,2639 1078,2639 1126,2638 1174,2637 1221,2637 1269,2636 1317,2636 1365,2636"/>
                <TextEquiv>
                    <Unicode>die „Zwischenspiel“, die pramiiert wurde, als fr</Unicode>
                </TextEquiv>
            </TextLine>
            <TextLine id="r1l44" custom="readingOrder {index:43;}">
                <Coords points="396,2697 1355,2679 1354,2640 1177,2633 396,2653"/>
                <Baseline points="403,2697 450,2694 497,2692 544,2690 591,2688 639,2687 686,2685 733,2684 780,2684 827,2682 875,2682 922,2681 969,2681 1016,2680 1063,2679 1111,2679 1158,2678 1205,2677 1252,2676 1299,2675 1347,2673"/>
                <TextEquiv>
                    <Unicode>jene anderen Dramen, von denen der Preis früher</Unicode>
                </TextEquiv>
            </TextLine>
            <TextLine id="r1l45" custom="readingOrder {index:44;}">
                <Coords points="407,2741 1252,2726 1342,2683 406,2700"/>
                <Baseline points="414,2734 460,2732 506,2730 552,2729 598,2727 644,2726 690,2725 736,2724 782,2723 828,2722 874,2721 920,2721 966,2720 1012,2719 1058,2718 1104,2717 1150,2716 1196,2715 1242,2713 1288,2711 1335,2709"/>
                <TextEquiv>
                    <Unicode>nichts wissen wollte: für die „Lebendigen Stunden“</Unicode>
                </TextEquiv>
            </TextLine>
            <TextLine id="r1l46" custom="readingOrder {index:45;}">
                <Coords points="404,2775 1351,2751 1350,2724 1293,2717 403,2741"/>
                <Baseline points="410,2772 456,2771 503,2770 550,2769 596,2768 643,2767 690,2766 736,2765 783,2763 830,2762 877,2761 923,2759 970,2758 1017,2757 1063,2756 1110,2755 1157,2754 1203,2753 1250,2753 1297,2752 1344,2752"/>
                <TextEquiv>
                    <Unicode>den „Grünen Kakodu“ den Einsamen Weg“ vor</Unicode>
                </TextEquiv>
            </TextLine>
            <TextLine id="r1l47" custom="readingOrder {index:46;}">
                <Coords points="404,2825 1352,2784 1351,2756 1263,2753 403,2783"/>
                <Baseline points="410,2813 456,2811 503,2809 550,2808 596,2806 643,2805 690,2804 736,2803 783,2802 830,2801 877,2800 923,2799 970,2798 1017,2797 1063,2796 1110,2795 1157,2793 1203,2792 1250,2790 1297,2788 1344,2787"/>
                <TextEquiv>
                    <Unicode>allem für den „Schleier der Beatrice“, der zur Un¬</Unicode>
                </TextEquiv>
            </TextLine>
            <TextLine id="r1l48" custom="readingOrder {index:47;}">
                <Coords points="410,2855 1354,2842 1353,2791 409,2823"/>
                <Baseline points="416,2851 462,2850 509,2848 555,2846 602,2845 648,2844 695,2843 741,2842 788,2841 834,2840 881,2839 928,2839 974,2838 1021,2837 1067,2835 1114,2834 1160,2833 1207,2832 1253,2830 1300,2828 1347,2827"/>
                <TextEquiv>
                    <Unicode>ehre des deutschen Theaters noch immer nicht seine</Unicode>
                </TextEquiv>
            </TextLine>
            <TextLine id="r1l49" custom="readingOrder {index:48;}">
                <Coords points="391,2888 1131,2887 1326,2875 1355,2841 391,2864"/>
                <Baseline points="399,2890 446,2889 493,2888 541,2887 588,2886 636,2885 683,2884 731,2883 778,2881 826,2880 873,2879 920,2878 968,2876 1015,2875 1063,2874 1110,2873 1158,2872 1205,2870 1253,2870 1300,2869 1348,2868"/>
                <TextEquiv>
                    <Unicode>Auferstehung gefeiert hat. Nach Hauptmann</Unicode>
                </TextEquiv>
            </TextLine>
            <TextLine id="r1l50" custom="readingOrder {index:49;}">
                <Coords points="390,2941 1359,2917 1368,2870 389,2903"/>
                <Baseline points="397,2931 445,2929 493,2928 541,2926 590,2925 638,2924 686,2923 734,2921 783,2920 831,2918 879,2918 927,2917 976,2915 1024,2914 1072,2913 1120,2912 1169,2911 1217,2911 1265,2910 1313,2909 1362,2909"/>
                <TextEquiv>
                    <Unicode>und Hartleben wurd diesmal die Königskrö¬</Unicode>
                </TextEquiv>
            </TextLine>
            <TextLine id="r1l51" custom="readingOrder {index:50;}">
                <Coords points="408,2971 1362,2942 1339,2909 408,2942"/>
                <Baseline points="416,2970 465,2969 514,2968 564,2966 613,2965 663,2963 712,2962 761,2960 811,2959 860,2957 910,2956 959,2954 1009,2953 1058,2951 1107,2950 1157,2949 1206,2948 1256,2947 1305,2946 1355,2946"/>
                <TextEquiv>
                    <Unicode>nung Schnitzler zuteil, Wildenbruch, der in¬</Unicode>
                </TextEquiv>
            </TextLine>
            <TextLine id="r1l52" custom="readingOrder {index:51;}">
                <Coords points="405,3010 1287,3000 1368,2952 404,2969"/>
                <Baseline points="411,3007 458,3006 506,3005 553,3005 601,3003 648,3002 696,3001 743,3000 791,2999 838,2998 886,2997 933,2995 981,2993 1028,2992 1076,2990 1123,2989 1171,2987 1218,2986 1266,2985 1313,2983 1361,2982"/>
                <TextEquiv>
                    <Unicode>seinen Fehlern und Tugenden so durchaus Unöster¬</Unicode>
                </TextEquiv>
            </TextLine>
            <TextLine id="r1l53" custom="readingOrder {index:52;}">
                <Coords points="405,3048 1381,3023 1371,2990 1172,2985 404,3010"/>
                <Baseline points="413,3045 461,3044 509,3043 557,3042 605,3041 653,3041 701,3039 749,3038 797,3037 845,3036 893,3034 941,3033 989,3032 1037,3031 1085,3030 1133,3029 1181,3028 1229,3026 1277,3025 1325,3025 1373,3024"/>
                <TextEquiv>
                    <Unicode>reichische, unterlag und freudig nehmen wir Wiener</Unicode>
                </TextEquiv>
            </TextLine>
            <TextLine id="r1l54" custom="readingOrder {index:53;}">
                <Coords points="404,3074 566,3096 1370,3062 1369,3028 403,3049"/>
                <Baseline points="411,3085 458,3085 506,3084 553,3083 601,3082 649,3081 696,3080 744,3079 791,3078 839,3077 887,3076 934,3074 982,3073 1029,3072 1077,3070 1125,3069 1172,3068 1220,3066 1267,3065 1315,3064 1363,3063"/>
                <TextEquiv>
                    <Unicode>mit Schnitzler alle zugleich jene Auszeichnung in</Unicode>
                </TextEquiv>
            </TextLine>
            <TextLine id="r1l55" custom="readingOrder {index:54;}">
                <Coords points="408,3118 1358,3116 1357,3073 1281,3064 407,3077"/>
                <Baseline points="415,3122 461,3122 508,3122 555,3122 602,3121 649,3120 695,3119 742,3118 789,3117 836,3115 883,3114 929,3113 976,3111 1023,3110 1070,3109 1117,3107 1163,3106 1210,3105 1257,3103 1304,3103 1351,3102"/>
                <TextEquiv>
                    <Unicode>Empfang: denn iihre Entscheidung stellt fest, daß</Unicode>
                </TextEquiv>
            </TextLine>
            <TextLine id="r1l56" custom="readingOrder {index:55;}">
                <Coords points="409,3177 1332,3154 1367,3150 1366,3116 407,3118"/>
                <Baseline points="415,3163 462,3162 509,3161 556,3160 603,3159 651,3158 698,3157 745,3156 792,3155 839,3153 887,3152 934,3150 981,3150 1028,3148 1075,3147 1123,3145 1170,3144 1217,3143 1264,3142 1311,3141 1359,3141"/>
                <TextEquiv>
                    <Unicode>wir doch schließlich auch wer sind — mehr vielleicht,</Unicode>
                </TextEquiv>
            </TextLine>
            <TextLine id="r1l57" custom="readingOrder {index:56;}">
                <Coords points="420,3220 1318,3192 1370,3152 418,3171"/>
                <Baseline points="427,3205 473,3203 520,3200 567,3199 614,3197 661,3195 707,3194 754,3193 801,3192 848,3191 895,3190 941,3189 988,3189 1035,3188 1082,3187 1129,3187 1175,3185 1222,3184 1269,3182 1316,3181 1363,3179"/>
                <TextEquiv>
                    <Unicode>als wir seibst aus uns machen. Dies ist ja die Auf¬</Unicode>
                </TextEquiv>
            </TextLine>
            <TextLine id="r1l58" custom="readingOrder {index:57;}">
                <Coords points="427,3249 866,3252 946,3219 1174,3242 1327,3224 1374,3186 426,3216"/>
                <Baseline points="433,3245 479,3242 526,3239 573,3237 619,3235 666,3234 713,3233 759,3232 806,3231 853,3230 900,3230 946,3230 993,3229 1040,3228 1086,3228 1133,3226 1180,3225 1226,3223 1273,3221 1320,3218 1367,3215"/>
                <TextEquiv>
                    <Unicode>gabe des Grillparzerpreises: Er stellt fest, acht be¬</Unicode>
                </TextEquiv>
            </TextLine>
            <TextLine id="r1l59" custom="readingOrder {index:58;}">
                <Coords points="423,3285 1360,3254 1359,3223 1195,3221 422,3251"/>
                <Baseline points="430,3280 476,3279 522,3278 568,3277 614,3276 660,3275 706,3274 753,3273 799,3272 845,3271 891,3270 937,3269 983,3268 1029,3267 1076,3266 1122,3265 1168,3264 1214,3262 1260,3261 1306,3260 1353,3258"/>
                <TextEquiv>
                    <Unicode>dächtig dem Ruhwe nach, er qnittiert ihn. Da wird</Unicode>
                </TextEquiv>
            </TextLine>
            <TextLine id="r1l60" custom="readingOrder {index:59;}">
                <Coords points="421,3328 1362,3301 1333,3263 420,3286"/>
                <Baseline points="427,3318 473,3317 519,3316 566,3315 612,3315 659,3314 705,3313 751,3312 798,3311 844,3310 891,3309 937,3308 983,3307 1030,3305 1076,3304 1123,3303 1169,3301 1215,3299 1262,3298 1308,3296 1355,3294"/>
                <TextEquiv>
                    <Unicode>der Wunsch rege, daß es neben ihm auch einen</Unicode>
                </TextEquiv>
            </TextLine>
            <TextLine id="r1l61" custom="readingOrder {index:60;}">
                <Coords points="421,3362 1367,3333 1355,3302 1233,3297 420,3321"/>
                <Baseline points="429,3361 475,3359 522,3357 568,3356 615,3354 661,3353 708,3352 754,3351 801,3350 847,3349 894,3348 940,3347 987,3346 1033,3345 1080,3343 1126,3342 1173,3341 1219,3339 1266,3337 1312,3334 1359,3331"/>
                <TextEquiv>
                    <Unicode>Preis gäbe für die Ringenden, Kämpfenden, Unter¬</Unicode>
                </TextEquiv>
            </TextLine>
            <TextLine id="r1l62" custom="readingOrder {index:61;}">
                <Coords points="423,3404 1322,3387 1364,3379 1363,3345 421,3361"/>
                <Baseline points="429,3403 475,3400 521,3397 568,3395 614,3393 660,3391 707,3390 753,3388 799,3387 846,3386 892,3385 938,3384 985,3383 1031,3382 1077,3382 1124,3380 1170,3379 1216,3378 1263,3376 1309,3374 1356,3372"/>
                <TextEquiv>
                    <Unicode>gebenden, für die nicht Arrivierten, die im unkünst¬</Unicode>
                </TextEquiv>
            </TextLine>
            <TextLine id="r1l63" custom="readingOrder {index:62;}">
                <Coords points="423,3435 1143,3433 1384,3392 422,3403"/>
                <Baseline points="431,3438 478,3436 525,3434 572,3433 620,3431 667,3430 714,3429 762,3428 809,3427 856,3425 904,3424 951,3423 998,3422 1045,3421 1093,3420 1140,3419 1187,3417 1235,3416 1282,3414 1329,3412 1377,3411"/>
                <TextEquiv>
                    <Unicode>lerischen Bühnentreiben unserer Tage keine Ge¬</Unicode>
                </TextEquiv>
            </TextLine>
            <TextLine id="r1l64" custom="readingOrder {index:63;}">
                <Coords points="422,3480 1331,3468 1365,3462 1364,3419 421,3440"/>
                <Baseline points="429,3480 475,3478 521,3476 568,3474 614,3472 661,3470 707,3469 753,3468 800,3466 846,3466 893,3464 939,3464 985,3463 1032,3461 1078,3461 1125,3460 1171,3459 1217,3458 1264,3457 1310,3456 1357,3455"/>
                <TextEquiv>
                    <Unicode>legenheit haben, ihre Schöpfungen zu offenbaren,</Unicode>
                </TextEquiv>
            </TextLine>
            <TextLine id="r1l65" custom="readingOrder {index:64;}">
                <Coords points="427,3520 1369,3505 1368,3470 1307,3457 426,3483"/>
                <Baseline points="435,3519 481,3517 527,3515 573,3513 620,3512 666,3511 712,3509 759,3508 805,3507 851,3506 898,3505 944,3504 990,3503 1036,3501 1083,3500 1129,3499 1175,3498 1222,3497 1268,3495 1314,3494 1361,3492"/>
                <TextEquiv>
                    <Unicode>ihre Kräfte zu entwickeln. Vielleicht findet sich die¬</Unicode>
                </TextEquiv>
            </TextLine>
            <TextLine id="r1l66" custom="readingOrder {index:65;}">
                <Coords points="436,3570 1368,3546 1367,3506 434,3519"/>
                <Baseline points="443,3556 488,3554 534,3552 580,3551 626,3549 672,3549 718,3548 764,3547 810,3546 856,3545 902,3544 947,3543 993,3542 1039,3541 1085,3540 1131,3539 1177,3537 1223,3535 1269,3533 1315,3531 1361,3528"/>
                <TextEquiv>
                    <Unicode>sen Verzweifelnden, die durch die Feigheit und Be¬</Unicode>
                </TextEquiv>
            </TextLine>
            <TextLine id="r1l67" custom="readingOrder {index:66;}">
                <Coords points="424,3601 1365,3570 1364,3542 1266,3532 423,3572"/>
                <Baseline points="431,3595 477,3592 523,3591 569,3588 616,3587 662,3586 708,3585 755,3584 801,3583 847,3583 894,3582 940,3582 986,3581 1032,3580 1079,3579 1125,3578 1171,3577 1218,3575 1264,3573 1310,3570 1357,3567"/>
                <TextEquiv>
                    <Unicode>quemlichkeit der Theaterkaufleute in ihrem künst¬</Unicode>
                </TextEquiv>
            </TextLine>
            <TextLine id="r1l68" custom="readingOrder {index:67;}">
                <Coords points="422,3649 1369,3627 1367,3571 421,3600"/>
                <Baseline points="429,3633 475,3630 522,3628 568,3626 615,3625 662,3623 708,3623 755,3621 801,3620 848,3620 895,3619 941,3618 988,3618 1034,3617 1081,3616 1128,3616 1174,3615 1221,3613 1267,3613 1314,3611 1361,3609"/>
                <TextEquiv>
                    <Unicode>lerischen Leben behindert werden, ein Mäcenas, der</Unicode>
                </TextEquiv>
            </TextLine>
            <TextLine id="r1l69" custom="readingOrder {index:68;}">
                <Coords points="423,3674 1316,3661 1368,3630 422,3643"/>
                <Baseline points="429,3669 475,3669 522,3667 568,3666 615,3665 662,3664 708,3663 755,3662 801,3661 848,3660 895,3659 941,3658 988,3657 1034,3655 1081,3654 1128,3653 1174,3652 1221,3650 1267,3649 1314,3648 1361,3647"/>
                <TextEquiv>
                    <Unicode>einen Preis für die Stärksten unter den Nicht¬</Unicode>
                </TextEquiv>
            </TextLine>
            <TextLine id="r1l70" custom="readingOrder {index:69;}">
                <Coords points="423,3700 1375,3705 1374,3662 1286,3650 422,3682"/>
                <Baseline points="431,3712 477,3711 524,3710 571,3709 618,3707 665,3706 711,3705 758,3704 805,3703 852,3702 899,3700 945,3699 992,3698 1039,3697 1086,3696 1133,3694 1179,3693 1226,3692 1273,3691 1320,3689 1367,3688"/>
                <TextEquiv>
                    <Unicode>Aufgeführten stiftet. Dadurch wären dem deutschen</Unicode>
                </TextEquiv>
            </TextLine>
            <TextLine id="r1l71" custom="readingOrder {index:70;}">
                <Coords points="408,3767 712,3781 1166,3732 1342,3764 1439,3724 1307,3692 407,3716"/>
                <Baseline points="415,3750 465,3750 516,3750 567,3749 618,3748 669,3746 720,3744 770,3743 821,3741 872,3738 923,3737 974,3735 1025,3733 1076,3732 1126,3731 1177,3731 1228,3731 1279,3732 1330,3734 1381,3737 1432,3740"/>
                <TextEquiv>
                    <Unicode>Theater sicherlich neue und edle Künstler zu reitgun##</Unicode>
                </TextEquiv>
            </TextLine>
            <TextEquiv>
                <Unicode>GrDarzereis
Telephon 12801.

*2
—
*

GE
—
ErSeN
O l. österr. behördl. konz. Unternehmen für Zeitungs-Ausschnitte
70
Wien, I., Concordiaplatz 4.
Vertretungen
0 in Berlin, Budapest, Chicago, Christiania, Genf, Kopen¬
# hagen, London, Madrid, Mailand, Minneapolis, New-Vork,
0
Paris, Rom, San Francisco, Stockholm, St. Petersburg.
00
(Guchnohne ##nähr.
Mülchter N
—
Sto Nachrichten
6 Ausschnitt aus:
15
17 1 1908
E vom:
—
A112 —
—
Literatur und Wissenschaft
B-r. Zur Verleihung des Grillparzerpreises an
Artur Schnitler schreiot man uns aus Wien: Der
Wiener wirs Täum seine Genugtnung unterdrücken
können, daß das höchste Ehrenzeichen unserer Lit
ratur endlich wieder einem Wiener zugefallen ist.
Dieser vornehme und nachdenklich lächelnde Poet,
dessen=durch Grazie gemilderter Tiefsinn die Wiener
Literatur im Auslande so schön repräsentiert, hat
sich das goldene Vließ des Dramatikers redlich ver¬
dient — vielleicht weniger gerade für seine Komö¬
7#
die „Zwischenspiel“, die pramiiert wurde, als fr
jene anderen Dramen, von denen der Preis früher
nichts wissen wollte: für die „Lebendigen Stunden“
den „Grünen Kakodu“ den Einsamen Weg“ vor
allem für den „Schleier der Beatrice“, der zur Un¬
ehre des deutschen Theaters noch immer nicht seine
Auferstehung gefeiert hat. Nach Hauptmann
und Hartleben wurd diesmal die Königskrö¬
nung Schnitzler zuteil, Wildenbruch, der in¬
seinen Fehlern und Tugenden so durchaus Unöster¬
reichische, unterlag und freudig nehmen wir Wiener
mit Schnitzler alle zugleich jene Auszeichnung in
Empfang: denn iihre Entscheidung stellt fest, daß
wir doch schließlich auch wer sind — mehr vielleicht,
als wir seibst aus uns machen. Dies ist ja die Auf¬
gabe des Grillparzerpreises: Er stellt fest, acht be¬
dächtig dem Ruhwe nach, er qnittiert ihn. Da wird
der Wunsch rege, daß es neben ihm auch einen
Preis gäbe für die Ringenden, Kämpfenden, Unter¬
gebenden, für die nicht Arrivierten, die im unkünst¬
lerischen Bühnentreiben unserer Tage keine Ge¬
legenheit haben, ihre Schöpfungen zu offenbaren,
ihre Kräfte zu entwickeln. Vielleicht findet sich die¬
sen Verzweifelnden, die durch die Feigheit und Be¬
quemlichkeit der Theaterkaufleute in ihrem künst¬
lerischen Leben behindert werden, ein Mäcenas, der
einen Preis für die Stärksten unter den Nicht¬
Aufgeführten stiftet. Dadurch wären dem deutschen
Theater sicherlich neue und edle Künstler zu reitgun##</Unicode>
            </TextEquiv>
        </TextRegion>
        <TextRegion orientation="0.0" id="r2" custom="readingOrder {index:1;}">
            <Coords points="1382,246 1382,405 1804,405 1804,246"/>
            <TextLine id="r2l1" custom="readingOrder {index:0;}">
                <Coords points="1375,348 1429,370 1526,374 1563,352 1681,379 1752,358 1811,371 1812,323 1771,293 1704,317 1660,299 1623,303 1586,332 1402,296 1376,311"/>
                <Baseline points="1382,346 1408,347 1434,347 1461,348 1487,348 1513,350 1540,350 1566,351 1593,352 1619,353 1645,354 1672,354 1698,355 1724,355 1751,355 1777,354 1804,354"/>
                <TextEquiv>
                    <Unicode>box 40/2</Unicode>
                </TextEquiv>
            </TextLine>
            <TextEquiv>
                <Unicode>box 40/2</Unicode>
            </TextEquiv>
        </TextRegion>
        <TextRegion orientation="0.0" id="r3" custom="readingOrder {index:2;}">
            <Coords points="1801,955 1801,4024 2944,4024 2944,955"/>
            <TextLine id="r3l1" custom="readingOrder {index:0;}">
                <Coords points="2559,1004 2840,1014 2951,999 2951,962 2829,926 2772,949 2734,929 2717,944 2631,952 2560,931"/>
                <Baseline points="2566,975 2591,978 2616,980 2641,981 2666,983 2692,983 2717,984 2742,984 2767,984 2792,983 2818,983 2843,983 2868,983 2893,983 2918,984 2944,985"/>
                <TextEquiv>
                    <Unicode>Telephon 12801.</Unicode>
                </TextEquiv>
            </TextLine>
            <TextLine id="r3l2" custom="readingOrder {index:1;}">
                <Coords points="2247,1073 2255,1073 2259,1070 2264,1074 2277,1058 2294,1057 2297,1059 2310,1049 2317,1049 2316,1032 2300,1030 2298,1033 2288,1034 2281,1031 2272,1035 2259,1030 2257,1033 2244,1032"/>
                <Baseline points="2252,1056 2281,1052 2310,1052"/>
                <TextEquiv>
                    <Unicode>112</Unicode>
                </TextEquiv>
            </TextLine>
            <TextLine id="r3l3" custom="readingOrder {index:2;}">
                <Coords points="1808,1146 1987,1200 2926,1188 2927,1107 2749,1107 2642,1157 2572,1098 2494,1161 2407,1101 2341,1160 2198,1165 2062,1103 1809,1125"/>
                <Baseline points="1815,1151 1870,1155 1925,1159 1980,1162 2035,1166 2091,1168 2146,1171 2201,1173 2256,1176 2311,1177 2367,1178 2422,1179 2477,1179 2532,1179 2587,1178 2643,1176 2698,1174 2753,1171 2808,1167 2863,1162 2919,1157"/>
                <TextEquiv>
                    <Unicode>P Mnn eBerrrenrehnn</Unicode>
                </TextEquiv>
            </TextLine>
            <TextLine id="r3l4" custom="readingOrder {index:3;}">
                <Coords points="1804,1208 1814,1209 1818,1206 1825,1211 1833,1203 1845,1198 1864,1200 1870,1194 1876,1194 1886,1183 1895,1181 1888,1152 1869,1159 1853,1157 1832,1162 1825,1171 1816,1169 1811,1178 1798,1182"/>
                <Baseline points="1808,1197 1834,1191 1860,1191 1886,1173"/>
                <TextEquiv>
                    <Unicode>—</Unicode>
                </TextEquiv>
            </TextLine>
            <TextLine id="r3l5" custom="readingOrder {index:4;}">
                <Coords points="1810,1231 2878,1254 2945,1247 2946,1195 1810,1207"/>
                <Baseline points="1817,1232 1873,1231 1929,1231 1985,1231 2041,1231 2097,1231 2153,1231 2209,1232 2265,1232 2321,1233 2377,1233 2433,1233 2489,1234 2545,1234 2601,1234 2657,1234 2713,1234 2769,1234 2825,1233 2881,1233 2938,1232"/>
                <TextEquiv>
                    <Unicode>□ l. österr. behördl. konz. Unternehmen für Zeitungs-Ausschnitte</Unicode>
                </TextEquiv>
            </TextLine>
            <TextLine id="r3l6" custom="readingOrder {index:5;}">
                <Coords points="1964,1313 2732,1338 2842,1321 2843,1272 1965,1252"/>
                <Baseline points="1971,1303 2014,1304 2057,1304 2100,1305 2143,1305 2187,1306 2230,1306 2273,1306 2316,1306 2359,1306 2403,1307 2446,1307 2489,1307 2532,1307 2575,1307 2619,1307 2662,1307 2705,1307 2748,1308 2791,1308 2835,1309"/>
                <TextEquiv>
                    <Unicode>Wien, I., Concordiaplatz 4.</Unicode>
                </TextEquiv>
            </TextLine>
            <TextLine id="r3l7" custom="readingOrder {index:6;}">
                <Coords points="1807,1316 1818,1316 1828,1322 1841,1314 1862,1316 1876,1304 1895,1305 1894,1243 1887,1243 1872,1232 1865,1237 1834,1239 1821,1252 1805,1254"/>
                <Baseline points="1814,1308 1851,1304 1888,1306"/>
                <TextEquiv>
                    <Unicode>3</Unicode>
                </TextEquiv>
            </TextLine>
            <TextLine id="r3l8" custom="readingOrder {index:7;}">
                <Coords points="1801,1362 1819,1360 1844,1372 1854,1370 1858,1365 1862,1367 1879,1357 1886,1357 1884,1316 1836,1315 1824,1329 1815,1330 1811,1335 1800,1335"/>
                <Baseline points="1807,1353 1842,1349 1878,1350"/>
                <TextEquiv>
                    <Unicode>1</Unicode>
                </TextEquiv>
            </TextLine>
            <TextLine id="r3l9" custom="readingOrder {index:8;}">
                <Coords points="2198,1374 2367,1368 2380,1380 2399,1370 2510,1384 2561,1370 2577,1381 2638,1366 2638,1332 2198,1336"/>
                <Baseline points="2205,1363 2230,1363 2255,1363 2280,1363 2305,1363 2330,1363 2355,1364 2380,1365 2405,1365 2430,1365 2455,1366 2480,1366 2505,1366 2530,1366 2555,1366 2580,1365 2605,1365 2630,1364"/>
                <TextEquiv>
                    <Unicode>Vertretungen</Unicode>
                </TextEquiv>
            </TextLine>
            <TextLine id="r3l10" custom="readingOrder {index:9;}">
                <Coords points="1811,1419 2823,1429 2926,1422 2951,1378 1811,1399"/>
                <Baseline points="1818,1410 1874,1411 1930,1412 1986,1412 2043,1413 2099,1414 2155,1414 2212,1415 2268,1415 2324,1415 2381,1415 2437,1415 2493,1415 2549,1415 2606,1415 2662,1415 2718,1414 2775,1414 2831,1413 2887,1412 2944,1411"/>
                <TextEquiv>
                    <Unicode>0 in Berlin, Budapest, Chicago, Christiania, Genk, Kopen¬</Unicode>
                </TextEquiv>
            </TextLine>
            <TextLine id="r3l11" custom="readingOrder {index:10;}">
                <Coords points="1800,1441 1808,1441 1814,1436 1824,1445 1835,1448 1858,1443 1865,1445 1868,1442 1870,1445 1877,1445 1877,1417 1869,1415 1856,1421 1845,1411 1838,1418 1831,1418 1825,1422 1818,1419 1815,1421 1811,1417 1800,1418"/>
                <Baseline points="1807,1438 1839,1436 1871,1438"/>
                <TextEquiv>
                    <Unicode></Unicode>
                </TextEquiv>
            </TextLine>
            <TextLine id="r3l12" custom="readingOrder {index:11;}">
                <Coords points="1801,1467 2930,1469 2944,1423 1801,1442"/>
                <Baseline points="1807,1457 1863,1456 1920,1455 1976,1454 2033,1454 2089,1453 2146,1453 2202,1453 2259,1453 2315,1453 2372,1453 2428,1453 2485,1453 2541,1453 2598,1453 2654,1453 2711,1453 2767,1453 2824,1453 2880,1452 2937,1451"/>
                <TextEquiv>
                    <Unicode>## hagen, London, Madrid, Mailand, Minneapolis, New-Vork,</Unicode>
                </TextEquiv>
            </TextLine>
            <TextLine id="r3l13" custom="readingOrder {index:12;}">
                <Coords points="1905,1484 2923,1507 2830,1454 1905,1460"/>
                <Baseline points="1912,1487 1962,1488 2012,1490 2062,1491 2112,1491 2163,1491 2213,1491 2263,1491 2313,1491 2363,1490 2414,1490 2464,1490 2514,1490 2564,1489 2614,1490 2665,1490 2715,1491 2765,1492 2815,1493 2865,1496 2916,1498"/>
                <TextEquiv>
                    <Unicode>Paris, Rom, San Francisco, Stockholm, St. Petersburg.</Unicode>
                </TextEquiv>
            </TextLine>
            <TextLine id="r3l14" custom="readingOrder {index:13;}">
                <Coords points="1808,1495 1822,1493 1837,1504 1841,1502 1844,1505 1881,1499 1891,1504 1900,1504 1898,1485 1885,1485 1861,1465 1843,1466 1832,1470 1823,1479 1807,1480"/>
                <Baseline points="1816,1500 1841,1496 1866,1495 1892,1494"/>
                <TextEquiv>
                    <Unicode>00</Unicode>
                </TextEquiv>
            </TextLine>
            <TextLine id="r3l15" custom="readingOrder {index:14;}">
                <Coords points="2173,1550 2252,1550 2299,1533 2354,1548 2391,1530 2408,1542 2460,1531 2494,1547 2606,1533 2605,1508 2559,1497 2468,1509 2173,1504"/>
                <Baseline points="2180,1532 2206,1530 2232,1528 2258,1527 2284,1525 2310,1525 2337,1524 2363,1524 2389,1524 2415,1524 2441,1525 2468,1525 2494,1526 2520,1526 2546,1526 2572,1526 2599,1525"/>
                <TextEquiv>
                    <Unicode>(Quellenangabe ohne Gewähr.)</Unicode>
                </TextEquiv>
            </TextLine>
            <TextLine id="r3l16" custom="readingOrder {index:15;}">
                <Coords points="1813,1538 1824,1536 1834,1539 1835,1537 1852,1544 1865,1538 1872,1540 1885,1535 1883,1500 1875,1499 1871,1503 1855,1502 1848,1506 1845,1503 1834,1502 1823,1508 1820,1505 1811,1505"/>
                <Baseline points="1820,1536 1849,1532 1878,1534"/>
                <TextEquiv>
                    <Unicode>09</Unicode>
                </TextEquiv>
            </TextLine>
            <TextLine id="r3l17" custom="readingOrder {index:16;}">
                <Coords points="1794,1579 1802,1579 1804,1582 1811,1580 1817,1586 1824,1587 1844,1580 1868,1582 1876,1574 1883,1573 1883,1542 1874,1542 1866,1537 1852,1544 1836,1538 1814,1555 1794,1560"/>
                <Baseline points="1801,1575 1826,1575 1851,1574 1876,1574"/>
                <TextEquiv>
                    <Unicode>2</Unicode>
                </TextEquiv>
            </TextLine>
            <TextLine id="r3l18" custom="readingOrder {index:17;}">
                <Coords points="1879,1598 1983,1609 2005,1598 2026,1613 2065,1598 2218,1613 2254,1593 2285,1598 2285,1559 2198,1564 2123,1541 2106,1554 1980,1544 1939,1564 1880,1553"/>
                <Baseline points="1886,1590 1912,1590 1938,1590 1964,1590 1990,1590 2016,1590 2042,1591 2068,1592 2095,1593 2121,1593 2147,1594 2173,1595 2199,1596 2225,1596 2251,1596 2278,1596"/>
                <TextEquiv>
                    <Unicode>Ausschnitt aus:</Unicode>
                </TextEquiv>
            </TextLine>
            <TextLine id="r3l19" custom="readingOrder {index:18;}">
                <Coords points="1817,1638 1851,1639 1868,1635 1876,1636 1873,1582 1864,1583 1850,1579 1838,1582 1832,1588 1813,1588"/>
                <Baseline points="1824,1634 1869,1631"/>
                <TextEquiv>
                    <Unicode>*</Unicode>
                </TextEquiv>
            </TextLine>
            <TextLine id="r3l20" custom="readingOrder {index:19;}">
                <Coords points="1810,1661 1817,1660 1822,1656 1824,1658 1835,1657 1847,1660 1861,1657 1866,1652 1874,1651 1872,1629 1858,1627 1853,1631 1843,1633 1838,1639 1818,1637 1808,1639"/>
                <Baseline points="1816,1650 1841,1649 1867,1645"/>
                <TextEquiv>
                    <Unicode>##n</Unicode>
                </TextEquiv>
            </TextLine>
            <TextLine id="r3l21" custom="readingOrder {index:20;}">
                <Coords points="1949,1663 2385,1668 2800,1727 2931,1721 2935,1669 2250,1601 1952,1617"/>
                <Baseline points="1957,1655 2005,1655 2053,1656 2102,1657 2150,1658 2199,1661 2247,1663 2295,1665 2344,1668 2392,1671 2441,1674 2489,1677 2537,1681 2586,1685 2634,1689 2683,1693 2731,1697 2779,1702 2828,1706 2876,1711 2925,1715"/>
                <TextEquiv>
                    <Unicode>17 1. 19c8 Hänwurgel Fremndenblan</Unicode>
                </TextEquiv>
            </TextLine>
            <TextLine id="r3l22" custom="readingOrder {index:21;}">
                <Coords points="1798,1697 1823,1712 1883,1699 1901,1705 1942,1699 1958,1707 2016,1704 2016,1672 2004,1669 1963,1670 1932,1658 1922,1668 1897,1664 1891,1670 1869,1655 1798,1655"/>
                <Baseline points="1805,1696 1830,1695 1856,1694 1881,1693 1907,1693 1932,1693 1958,1693 1983,1696 2009,1698"/>
                <TextEquiv>
                    <Unicode>E vom:</Unicode>
                </TextEquiv>
            </TextLine>
            <TextLine id="r3l23" custom="readingOrder {index:22;}">
                <Coords points="1998,1762 2866,1818 2907,1784 2695,1745 1999,1740"/>
                <Baseline points="2006,1761 2050,1765 2095,1768 2139,1771 2184,1772 2229,1775 2273,1776 2318,1778 2363,1779 2407,1781 2452,1782 2497,1783 2541,1785 2586,1786 2631,1787 2675,1789 2720,1792 2765,1795 2809,1798 2854,1801 2899,1804"/>
                <TextEquiv>
                    <Unicode>Artur Schnitzler erhält den Grillparzer=</Unicode>
                </TextEquiv>
            </TextLine>
            <TextLine id="r3l24" custom="readingOrder {index:23;}">
                <Coords points="2126,1817 2259,1840 2305,1816 2497,1838 2663,1823 2727,1850 2873,1852 2891,1815 2127,1774"/>
                <Baseline points="2133,1815 2170,1814 2208,1814 2245,1814 2283,1815 2320,1816 2358,1817 2395,1819 2433,1820 2470,1822 2508,1824 2545,1826 2583,1828 2620,1830 2658,1831 2695,1833 2733,1834 2770,1836 2808,1837 2845,1837 2883,1838"/>
                <TextEquiv>
                    <Unicode>Diemit der wir der Mel¬</Unicode>
                </TextEquiv>
            </TextLine>
            <TextLine id="r3l25" custom="readingOrder {index:24;}">
                <Coords points="1938,1847 1945,1848 1954,1842 1961,1849 1979,1845 1987,1852 1992,1848 1998,1849 2004,1857 2006,1855 2019,1861 2022,1820 2008,1816 2004,1819 1995,1818 1990,1813 1985,1815 1981,1812 1975,1817 1970,1811 1953,1817 1940,1815"/>
                <Baseline points="1945,1844 1979,1844 2013,1848"/>
                <TextEquiv>
                    <Unicode>dung</Unicode>
                </TextEquiv>
            </TextLine>
            <TextLine id="r3l26" custom="readingOrder {index:25;}">
                <Coords points="1924,1806 2028,1814 2087,1859 2462,1854 2689,1885 2744,1856 2382,1817 2270,1838 1927,1758"/>
                <Baseline points="1932,1796 1972,1806 2012,1814 2052,1823 2092,1830 2133,1835 2173,1841 2213,1845 2253,1849 2293,1852 2334,1854 2374,1856 2414,1858 2454,1860 2494,1861 2535,1862 2575,1864 2615,1866 2655,1867 2695,1869 2736,1871"/>
                <TextEquiv>
                    <Unicode>wreideernher Miäter baegnien.</Unicode>
                </TextEquiv>
            </TextLine>
            <TextLine id="r3l27" custom="readingOrder {index:26;}">
                <Coords points="2752,1863 2776,1865 2788,1879 2806,1888 2822,1882 2831,1890 2855,1892 2869,1881 2889,1879 2890,1859 2851,1843 2842,1842 2820,1852 2807,1839 2779,1851 2754,1848"/>
                <Baseline points="2759,1874 2789,1873 2820,1876 2850,1880 2881,1882"/>
                <TextEquiv>
                    <Unicode>daß</Unicode>
                </TextEquiv>
            </TextLine>
            <TextLine id="r3l28" custom="readingOrder {index:27;}">
                <Coords points="1924,1892 2860,1931 2887,1881 1926,1849"/>
                <Baseline points="1932,1879 1979,1880 2026,1881 2073,1882 2121,1884 2168,1886 2215,1888 2263,1890 2310,1892 2357,1895 2405,1897 2452,1900 2499,1902 2546,1905 2594,1908 2641,1910 2688,1912 2736,1914 2783,1915 2830,1917 2878,1918"/>
                <TextEquiv>
                    <Unicode>Wildenbruch für seine „Rabensteine¬</Unicode>
                </TextEquiv>
            </TextLine>
            <TextLine id="r3l29" custom="readingOrder {index:28;}">
                <Coords points="1923,1915 1991,1934 2053,1915 2110,1939 2185,1916 2286,1952 2327,1938 2397,1952 2469,1938 2471,1911 1924,1884"/>
                <Baseline points="1930,1919 1956,1920 1983,1920 2009,1921 2036,1922 2063,1923 2089,1925 2116,1926 2142,1927 2169,1929 2196,1930 2222,1931 2249,1933 2275,1934 2302,1935 2329,1937 2355,1937 2382,1938 2408,1938 2435,1938 2462,1937"/>
                <TextEquiv>
                    <Unicode>kin“ den diesjährigen</Unicode>
                </TextEquiv>
            </TextLine>
            <TextLine id="r3l30" custom="readingOrder {index:29;}">
                <Coords points="2482,1941 2615,1950 2657,1970 2684,1951 2724,1963 2851,1962 2882,1953 2884,1926 2484,1910"/>
                <Baseline points="2490,1937 2515,1939 2541,1940 2567,1942 2592,1944 2618,1945 2644,1947 2670,1949 2695,1950 2721,1951 2747,1952 2773,1953 2798,1953 2824,1953 2850,1953 2876,1952"/>
                <TextEquiv>
                    <Unicode>Grillparzer¬</Unicode>
                </TextEquiv>
            </TextLine>
            <TextLine id="r3l31" custom="readingOrder {index:30;}">
                <Coords points="1915,1961 2891,2001 2892,1974 2810,1954 2475,1940 2434,1964 1917,1918"/>
                <Baseline points="1922,1964 1970,1963 2018,1962 2066,1963 2114,1964 2162,1965 2210,1968 2258,1970 2306,1973 2354,1976 2403,1978 2451,1981 2499,1984 2547,1987 2595,1989 2643,1991 2691,1992 2739,1993 2787,1993 2835,1992 2884,1991"/>
                <TextEquiv>
                    <Unicode>Preis erhalten sollte, hat sich als wohl¬</Unicode>
                </TextEquiv>
            </TextLine>
            <TextLine id="r3l32" custom="readingOrder {index:31;}">
                <Coords points="1922,2008 2607,2012 2788,2047 2892,2018 2642,1979 2344,1998 1924,1960"/>
                <Baseline points="1930,2002 1977,2002 2025,2003 2073,2004 2121,2005 2168,2007 2216,2009 2264,2010 2312,2013 2359,2015 2407,2018 2455,2020 2503,2022 2550,2025 2598,2027 2646,2029 2694,2031 2741,2034 2789,2035 2837,2037 2885,2038"/>
                <TextEquiv>
                    <Unicode>hngebracht erwiesen, denn nicht Wildenbruch,</Unicode>
                </TextEquiv>
            </TextLine>
            <TextLine id="r3l33" custom="readingOrder {index:32;}">
                <Coords points="1929,2052 2268,2067 2345,2041 2840,2087 2884,2046 2116,2011 2078,2035 1930,2005"/>
                <Baseline points="1936,2041 1985,2043 2034,2045 2084,2047 2133,2048 2183,2050 2232,2052 2281,2054 2331,2055 2380,2057 2430,2059 2479,2061 2529,2063 2578,2065 2627,2067 2677,2069 2726,2071 2776,2073 2825,2076 2875,2078"/>
                <TextEquiv>
                    <Unicode>sondern der Wiener Artur Schnitzler ist</Unicode>
                </TextEquiv>
            </TextLine>
            <TextLine id="r3l34" custom="readingOrder {index:33;}">
                <Coords points="1910,2081 2815,2121 2877,2115 2878,2078 1910,2050"/>
                <Baseline points="1916,2080 1963,2082 2011,2085 2059,2087 2107,2088 2154,2090 2202,2091 2250,2093 2298,2094 2345,2095 2393,2097 2441,2098 2489,2099 2536,2101 2584,2102 2632,2103 2680,2105 2727,2106 2775,2108 2823,2110 2871,2112"/>
                <TextEquiv>
                    <Unicode>nach den offiziellen Meldungen der Preis¬</Unicode>
                </TextEquiv>
            </TextLine>
            <TextLine id="r3l35" custom="readingOrder {index:34;}">
                <Coords points="1903,2121 1941,2128 1949,2121 1959,2131 1971,2124 1990,2132 2007,2128 2044,2141 2074,2126 2099,2138 2120,2132 2121,2102 2055,2093 2039,2100 2022,2084 2012,2094 1987,2088 1977,2097 1928,2084 1903,2099"/>
                <Baseline points="1910,2119 1935,2121 1961,2122 1986,2123 2012,2124 2037,2125 2063,2125 2088,2124 2114,2123"/>
                <TextEquiv>
                    <Unicode>räger.</Unicode>
                </TextEquiv>
            </TextLine>
            <TextLine id="r3l36" custom="readingOrder {index:35;}">
                <Coords points="2152,2130 2818,2163 2879,2151 2880,2123 2153,2102"/>
                <Baseline points="2160,2127 2195,2129 2231,2130 2266,2132 2302,2133 2337,2134 2373,2135 2408,2136 2444,2137 2479,2138 2515,2139 2551,2141 2586,2142 2622,2143 2657,2144 2693,2146 2728,2147 2764,2148 2799,2150 2835,2152 2871,2154"/>
                <TextEquiv>
                    <Unicode>Der 5000 Kronen betragende Preis</Unicode>
                </TextEquiv>
            </TextLine>
            <TextLine id="r3l37" custom="readingOrder {index:36;}">
                <Coords points="1898,2172 2878,2198 2859,2166 2748,2151 1900,2120"/>
                <Baseline points="1906,2163 1954,2164 2002,2165 2050,2166 2099,2167 2147,2168 2195,2170 2243,2171 2292,2173 2340,2174 2388,2176 2436,2178 2485,2179 2533,2181 2581,2183 2629,2184 2678,2186 2726,2188 2774,2189 2822,2191 2871,2193"/>
                <TextEquiv>
                    <Unicode>wurde Schnitzler für seine Komödie „Zwischen¬</Unicode>
                </TextEquiv>
            </TextLine>
            <TextLine id="r3l38" custom="readingOrder {index:37;}">
                <Coords points="1911,2199 2842,2246 2889,2222 2810,2193 1912,2160"/>
                <Baseline points="1918,2200 1966,2201 2014,2202 2062,2203 2110,2205 2158,2206 2206,2207 2255,2210 2303,2211 2351,2213 2399,2214 2447,2216 2495,2218 2543,2220 2592,2222 2640,2224 2688,2226 2736,2228 2784,2231 2832,2234 2881,2236"/>
                <TextEquiv>
                    <Unicode>spiel“ zutel, die wir aus eigener Anschauung</Unicode>
                </TextEquiv>
            </TextLine>
            <TextLine id="r3l39" custom="readingOrder {index:38;}">
                <Coords points="1909,2247 2828,2283 2878,2236 1910,2205"/>
                <Baseline points="1916,2237 1963,2240 2011,2242 2058,2244 2106,2246 2154,2248 2201,2249 2249,2251 2297,2252 2344,2253 2392,2254 2440,2256 2487,2257 2535,2259 2583,2260 2630,2262 2678,2264 2726,2266 2773,2268 2821,2271 2869,2273"/>
                <TextEquiv>
                    <Unicode>durch Aufführungen im hiesigen Schauspielhause</Unicode>
                </TextEquiv>
            </TextLine>
            <TextLine id="r3l40" custom="readingOrder {index:39;}">
                <Coords points="1898,2297 2731,2302 2878,2330 2880,2285 1900,2242"/>
                <Baseline points="1906,2277 1954,2279 2002,2281 2050,2283 2099,2285 2147,2287 2195,2289 2244,2290 2292,2292 2340,2294 2389,2295 2437,2297 2485,2299 2533,2300 2582,2302 2630,2304 2678,2305 2727,2307 2775,2309 2823,2310 2872,2311"/>
                <TextEquiv>
                    <Unicode>kennen gelernt haben. Jeder Freund des feinen</Unicode>
                </TextEquiv>
            </TextLine>
            <TextLine id="r3l41" custom="readingOrder {index:40;}">
                <Coords points="1902,2323 2838,2366 2872,2361 2874,2324 1904,2277"/>
                <Baseline points="1909,2316 1956,2318 2004,2320 2052,2322 2100,2324 2148,2326 2195,2328 2243,2329 2291,2331 2339,2333 2387,2334 2434,2336 2482,2337 2530,2339 2578,2341 2626,2343 2673,2344 2721,2347 2769,2348 2817,2351 2865,2353"/>
                <TextEquiv>
                    <Unicode>Wiener Pocten wird Schnitzler die Auszeichnung</Unicode>
                </TextEquiv>
            </TextLine>
            <TextLine id="r3l42" custom="readingOrder {index:41;}">
                <Coords points="1906,2364 2802,2400 2880,2363 1908,2327"/>
                <Baseline points="1914,2357 1961,2359 2009,2360 2057,2363 2105,2364 2153,2366 2201,2368 2249,2370 2297,2372 2345,2374 2393,2375 2440,2377 2488,2378 2536,2380 2584,2381 2632,2383 2680,2384 2728,2386 2776,2387 2824,2388 2872,2389"/>
                <TextEquiv>
                    <Unicode>gewiß gern gönnen, trotzdem kann man das Er¬</Unicode>
                </TextEquiv>
            </TextLine>
            <TextLine id="r3l43" custom="readingOrder {index:42;}">
                <Coords points="1907,2406 2877,2428 2785,2388 1909,2363"/>
                <Baseline points="1914,2396 1961,2398 2009,2400 2057,2402 2105,2404 2153,2406 2200,2408 2248,2409 2296,2411 2344,2413 2392,2415 2439,2417 2487,2419 2535,2420 2583,2422 2631,2424 2678,2425 2726,2427 2774,2428 2822,2430 2870,2431"/>
                <TextEquiv>
                    <Unicode>stannen nicht unterdrücken, daß gerade diese</Unicode>
                </TextEquiv>
            </TextLine>
            <TextLine id="r3l44" custom="readingOrder {index:43;}">
                <Coords points="1909,2446 2729,2483 2840,2477 2870,2437 1910,2405"/>
                <Baseline points="1916,2436 1963,2438 2010,2438 2057,2440 2105,2441 2152,2443 2199,2445 2246,2446 2294,2448 2341,2450 2388,2451 2435,2453 2483,2456 2530,2457 2577,2459 2624,2461 2672,2463 2719,2464 2766,2466 2813,2467 2861,2469"/>
                <TextEquiv>
                    <Unicode>schwächliche Arbeit des Dichters als des Preises</Unicode>
                </TextEquiv>
            </TextLine>
            <TextLine id="r3l45" custom="readingOrder {index:44;}">
                <Coords points="1902,2485 2883,2519 2884,2468 1903,2450"/>
                <Baseline points="1910,2477 1958,2478 2006,2479 2054,2481 2103,2482 2151,2484 2199,2485 2248,2487 2296,2489 2344,2490 2393,2492 2441,2494 2489,2496 2537,2497 2586,2499 2634,2501 2682,2503 2731,2505 2779,2507 2827,2509 2876,2510"/>
                <TextEquiv>
                    <Unicode>würdig erachtet wurde und nicht eins seiner</Unicode>
                </TextEquiv>
            </TextLine>
            <TextLine id="r3l46" custom="readingOrder {index:45;}">
                <Coords points="1895,2537 2037,2516 2859,2566 2860,2530 1896,2493"/>
                <Baseline points="1902,2520 1949,2521 1997,2521 2044,2522 2092,2523 2139,2524 2187,2526 2234,2527 2282,2528 2329,2530 2377,2532 2424,2534 2472,2535 2519,2537 2567,2539 2614,2540 2662,2541 2709,2543 2757,2543 2804,2544 2852,2545"/>
                <TextEquiv>
                    <Unicode>früher geschriebenen Werke, wie etwa der „Ein¬</Unicode>
                </TextEquiv>
            </TextLine>
            <TextLine id="r3l47" custom="readingOrder {index:46;}">
                <Coords points="1901,2563 2873,2614 2874,2562 2804,2548 2167,2528 2121,2552 2037,2516 1902,2543"/>
                <Baseline points="1908,2557 1958,2559 2008,2560 2059,2562 2109,2563 2160,2565 2210,2566 2261,2568 2311,2569 2362,2571 2412,2572 2463,2574 2513,2575 2564,2577 2614,2579 2665,2581 2715,2583 2766,2585 2816,2587 2867,2590"/>
                <TextEquiv>
                    <Unicode>same Weg, der „Grüne Kakadu“, die dichterisch</Unicode>
                </TextEquiv>
            </TextLine>
            <TextLine id="r3l48" custom="readingOrder {index:47;}">
                <Coords points="1894,2602 2778,2625 2779,2601 2648,2578 1896,2562"/>
                <Baseline points="1902,2592 1945,2594 1988,2595 2032,2598 2075,2599 2119,2600 2162,2602 2205,2604 2249,2605 2292,2607 2336,2608 2379,2609 2422,2611 2466,2612 2509,2614 2553,2616 2596,2618 2639,2620 2683,2622 2726,2624 2770,2626"/>
                <TextEquiv>
                    <Unicode>entschieden über dem „Zwischenspiel“ stehen.</Unicode>
                </TextEquiv>
            </TextLine>
            <TextLine id="r3l49" custom="readingOrder {index:48;}">
                <Coords points="1982,2644 2801,2681 2868,2669 2870,2627 1984,2600"/>
                <Baseline points="1989,2639 2032,2639 2076,2639 2119,2640 2163,2642 2207,2643 2250,2645 2294,2646 2337,2648 2381,2650 2425,2652 2468,2654 2512,2657 2555,2659 2599,2660 2643,2662 2686,2664 2730,2665 2773,2667 2817,2667 2861,2668"/>
                <TextEquiv>
                    <Unicode>Aus der eutsch idenden Sitzung des Preis¬</Unicode>
                </TextEquiv>
            </TextLine>
            <TextLine id="r3l50" custom="readingOrder {index:49;}">
                <Coords points="1898,2682 2708,2720 2868,2713 2870,2666 1899,2647"/>
                <Baseline points="1905,2674 1952,2676 2000,2677 2048,2679 2096,2680 2144,2682 2191,2683 2239,2685 2287,2687 2335,2689 2383,2691 2430,2692 2478,2694 2526,2696 2574,2699 2622,2700 2669,2702 2717,2704 2765,2706 2813,2708 2861,2710"/>
                <TextEquiv>
                    <Unicode>richterkollegiums verlautet noch, daß Schlen¬</Unicode>
                </TextEquiv>
            </TextLine>
            <TextLine id="r3l51" custom="readingOrder {index:50;}">
                <Coords points="1893,2721 2875,2763 2849,2704 1895,2679"/>
                <Baseline points="1901,2716 1949,2717 1997,2718 2046,2721 2094,2722 2143,2724 2191,2726 2239,2727 2288,2729 2336,2731 2385,2733 2433,2735 2481,2737 2530,2739 2578,2740 2627,2742 2675,2744 2723,2746 2772,2748 2820,2750 2869,2752"/>
                <TextEquiv>
                    <Unicode>ther als offenbar wurde, daß Wildenbrucht</Unicode>
                </TextEquiv>
            </TextLine>
            <TextLine id="r3l52" custom="readingOrder {index:51;}">
                <Coords points="1894,2752 2864,2807 2865,2765 2811,2751 2750,2774 1895,2720"/>
                <Baseline points="1901,2755 1948,2756 1996,2757 2044,2759 2092,2761 2140,2762 2187,2764 2235,2766 2283,2767 2331,2769 2379,2771 2426,2774 2474,2776 2522,2778 2570,2781 2618,2783 2665,2785 2713,2787 2761,2790 2809,2792 2857,2795"/>
                <TextEquiv>
                    <Unicode>die Mehrheit nicht erlangen konnte, die</Unicode>
                </TextEquiv>
            </TextLine>
            <TextLine id="r3l53" custom="readingOrder {index:52;}">
                <Coords points="1892,2801 2624,2836 2865,2815 1894,2753"/>
                <Baseline points="1900,2797 1947,2798 1995,2799 2043,2800 2091,2802 2139,2803 2187,2805 2235,2807 2283,2809 2331,2811 2379,2812 2426,2814 2474,2816 2522,2817 2570,2818 2618,2819 2666,2820 2714,2820 2762,2821 2810,2821 2858,2820"/>
                <TextEquiv>
                    <Unicode>Verleihung des Preises an Schoenherr</Unicode>
                </TextEquiv>
            </TextLine>
            <TextLine id="r3l54" custom="readingOrder {index:53;}">
                <Coords points="1879,2859 2817,2879 2884,2867 2885,2833 1880,2809"/>
                <Baseline points="1886,2843 1935,2843 1985,2843 2034,2843 2084,2844 2133,2845 2183,2846 2232,2848 2282,2849 2331,2851 2381,2853 2431,2855 2480,2857 2530,2858 2579,2860 2629,2862 2678,2863 2728,2864 2777,2866 2827,2867 2877,2868"/>
                <TextEquiv>
                    <Unicode>für dessen Schauspiel „Familie“ vorschlug Als auss</Unicode>
                </TextEquiv>
            </TextLine>
            <TextLine id="r3l55" custom="readingOrder {index:54;}">
                <Coords points="1863,2891 2726,2927 2860,2896 1864,2856"/>
                <Baseline points="1870,2898 1919,2897 1968,2897 2017,2897 2066,2897 2115,2898 2164,2899 2213,2900 2262,2901 2311,2903 2361,2905 2410,2906 2459,2907 2508,2909 2557,2910 2606,2911 2655,2912 2704,2912 2753,2912 2802,2912 2852,2911"/>
                <TextEquiv>
                    <Unicode>dieser Vorschlag auf Gegnerschaften stieß, stellte</Unicode>
                </TextEquiv>
            </TextLine>
            <TextLine id="r3l56" custom="readingOrder {index:55;}">
                <Coords points="1872,2937 2789,2969 2849,2950 2850,2919 2202,2926 1873,2888"/>
                <Baseline points="1879,2936 1927,2936 1975,2936 2023,2937 2071,2937 2119,2938 2167,2939 2215,2941 2263,2942 2311,2943 2360,2945 2408,2946 2456,2948 2504,2949 2552,2950 2600,2951 2648,2952 2696,2954 2744,2955 2792,2955 2841,2956"/>
                <TextEquiv>
                    <Unicode>der Vorsitzende des Kollegiums, Professor</Unicode>
                </TextEquiv>
            </TextLine>
            <TextLine id="r3l57" custom="readingOrder {index:56;}">
                <Coords points="1872,2963 2556,2984 2630,3010 2780,2997 2781,2967 1872,2932"/>
                <Baseline points="1878,2970 1922,2972 1967,2972 2012,2974 2057,2975 2101,2976 2146,2978 2191,2979 2236,2980 2280,2981 2325,2983 2370,2984 2415,2985 2459,2986 2504,2988 2549,2989 2594,2990 2638,2991 2683,2991 2728,2992 2773,2993"/>
                <TextEquiv>
                    <Unicode>Minor, den Antrag, den Preis Schnitzle</Unicode>
                </TextEquiv>
            </TextLine>
            <TextLine id="r3l58" custom="readingOrder {index:57;}">
                <Coords points="1874,3018 2847,3034 2801,2995 2555,2984 1875,2997"/>
                <Baseline points="1882,3013 1929,3013 1977,3013 2025,3014 2073,3015 2121,3017 2169,3018 2217,3020 2265,3021 2313,3023 2361,3024 2408,3026 2456,3027 2504,3028 2552,3029 2600,3030 2648,3030 2696,3030 2744,3029 2792,3028 2840,3027"/>
                <TextEquiv>
                    <Unicode>zu verleihen. Darauf einigten sich schließlich</Unicode>
                </TextEquiv>
            </TextLine>
            <TextLine id="r3l59" custom="readingOrder {index:58;}">
                <Coords points="1880,3054 2661,3085 2763,3055 2835,3090 2836,3041 1880,3027"/>
                <Baseline points="1886,3051 1933,3052 1980,3052 2027,3053 2074,3054 2121,3055 2168,3057 2215,3058 2262,3059 2309,3061 2357,3062 2404,3063 2451,3065 2498,3066 2545,3067 2592,3068 2639,3068 2686,3068 2733,3068 2780,3068 2828,3067"/>
                <TextEquiv>
                    <Unicode>alle Preisrichter. Schnitzlers „Zwischenspiel“ ist</Unicode>
                </TextEquiv>
            </TextLine>
            <TextLine id="r3l60" custom="readingOrder {index:59;}">
                <Coords points="1871,3103 2665,3129 2814,3123 2830,3088 1872,3050"/>
                <Baseline points="1878,3092 1925,3092 1972,3092 2019,3093 2067,3094 2114,3095 2161,3096 2208,3098 2256,3100 2303,3101 2350,3103 2397,3104 2445,3106 2492,3107 2539,3108 2586,3109 2634,3110 2681,3110 2728,3110 2775,3110 2823,3109"/>
                <TextEquiv>
                    <Unicode>zum ersten Male am 12. Oktober 1905 und zu¬</Unicode>
                </TextEquiv>
            </TextLine>
            <TextLine id="r3l61" custom="readingOrder {index:60;}">
                <Coords points="1869,3148 2463,3129 2762,3164 2832,3158 2833,3119 1870,3104"/>
                <Baseline points="1876,3128 1923,3130 1970,3132 2018,3133 2065,3135 2113,3136 2160,3137 2208,3139 2255,3139 2303,3141 2350,3142 2397,3143 2445,3144 2492,3144 2540,3145 2587,3146 2635,3147 2682,3148 2730,3149 2777,3149 2825,3150"/>
                <TextEquiv>
                    <Unicode>letzt am 6. September 1907 und im ganzen</Unicode>
                </TextEquiv>
            </TextLine>
            <TextLine id="r3l62" custom="readingOrder {index:61;}">
                <Coords points="1879,3173 2740,3198 2830,3183 2831,3158 1880,3136"/>
                <Baseline points="1886,3165 1932,3168 1979,3171 2026,3172 2073,3174 2120,3175 2167,3177 2213,3178 2260,3179 2307,3180 2354,3181 2401,3182 2448,3183 2495,3183 2541,3184 2588,3184 2635,3185 2682,3186 2729,3187 2776,3187 2823,3188"/>
                <TextEquiv>
                    <Unicode>17 Mal im Wiener Burgtheater aufgeführt wor¬</Unicode>
                </TextEquiv>
            </TextLine>
            <TextLine id="r3l63" custom="readingOrder {index:62;}">
                <Coords points="1862,3221 1985,3210 2012,3224 2056,3215 2125,3229 2136,3218 2286,3218 2287,3180 2276,3178 2216,3195 2184,3180 2036,3172 1987,3198 1934,3172 1897,3177 1864,3162"/>
                <Baseline points="1870,3205 1895,3207 1921,3208 1946,3209 1972,3210 1998,3211 2023,3212 2049,3213 2075,3214 2100,3214 2126,3214 2151,3215 2177,3215 2203,3215 2228,3216 2254,3216 2280,3217"/>
                <TextEquiv>
                    <Unicode>den. Schnitzler ist</Unicode>
                </TextEquiv>
            </TextLine>
            <TextLine id="r3l64" custom="readingOrder {index:63;}">
                <Coords points="2290,3212 2428,3236 2520,3233 2550,3209 2613,3238 2807,3241 2839,3225 2839,3187 2823,3183 2773,3199 2291,3188"/>
                <Baseline points="2297,3216 2323,3217 2350,3219 2377,3220 2404,3220 2430,3222 2457,3222 2484,3223 2511,3224 2537,3225 2564,3225 2591,3226 2618,3227 2644,3227 2671,3228 2698,3228 2725,3228 2751,3229 2778,3229 2805,3228 2832,3228"/>
                <TextEquiv>
                    <Unicode>der zweite österreichische</Unicode>
                </TextEquiv>
            </TextLine>
            <TextLine id="r3l65" custom="readingOrder {index:64;}">
                <Coords points="1865,3250 2837,3286 2839,3223 1866,3222"/>
                <Baseline points="1872,3244 1919,3247 1967,3249 2015,3251 2063,3253 2111,3254 2159,3255 2207,3256 2255,3256 2303,3257 2351,3257 2398,3258 2446,3258 2494,3258 2542,3259 2590,3260 2638,3261 2686,3262 2734,3263 2782,3265 2830,3267"/>
                <TextEquiv>
                    <Unicode>Dichter, der den Gr'llparzer=Preis bekommen hat.</Unicode>
                </TextEquiv>
            </TextLine>
            <TextLine id="r3l66" custom="readingOrder {index:65;}">
                <Coords points="1869,3294 2826,3322 2827,3281 1870,3244"/>
                <Baseline points="1876,3285 1923,3287 1970,3289 2017,3290 2064,3292 2112,3293 2159,3295 2206,3296 2253,3297 2300,3298 2348,3299 2395,3300 2442,3301 2489,3302 2536,3302 2584,3303 2631,3303 2678,3304 2725,3305 2772,3306 2820,3307"/>
                <TextEquiv>
                    <Unicode>Bisher hat ihn nur Anzengruber im Jahre 1887,</Unicode>
                </TextEquiv>
            </TextLine>
            <TextLine id="r3l67" custom="readingOrder {index:66;}">
                <Coords points="1876,3332 2679,3355 2823,3350 2824,3313 2428,3326 1877,3291"/>
                <Baseline points="1884,3327 1930,3328 1977,3329 2023,3330 2070,3331 2117,3333 2163,3335 2210,3336 2257,3338 2303,3339 2350,3340 2397,3342 2443,3342 2490,3343 2537,3344 2583,3344 2630,3344 2677,3344 2723,3344 2770,3343 2817,3341"/>
                <TextEquiv>
                    <Unicode>und zwar für sein Drama „Heimg'funden“ er¬</Unicode>
                </TextEquiv>
            </TextLine>
            <TextLine id="r3l68" custom="readingOrder {index:67;}">
                <Coords points="1870,3379 2047,3367 2087,3381 2193,3373 2269,3387 2284,3380 2285,3336 2185,3351 2137,3335 2104,3344 2086,3328 2033,3348 1871,3329"/>
                <Baseline points="1878,3367 1904,3367 1931,3368 1957,3368 1984,3369 2011,3369 2037,3370 2064,3370 2090,3371 2117,3372 2144,3372 2170,3372 2197,3373 2223,3373 2250,3373 2277,3374"/>
                <TextEquiv>
                    <Unicode>halten. Bisher ist</Unicode>
                </TextEquiv>
            </TextLine>
            <TextLine id="r3l69" custom="readingOrder {index:68;}">
                <Coords points="2292,3381 2592,3380 2668,3400 2704,3371 2732,3396 2808,3392 2836,3411 2837,3339 2708,3359 2293,3347"/>
                <Baseline points="2300,3374 2326,3375 2352,3376 2379,3378 2405,3379 2432,3380 2458,3381 2485,3382 2511,3383 2538,3384 2564,3384 2590,3384 2617,3384 2643,3384 2670,3384 2696,3384 2723,3384 2749,3383 2776,3382 2802,3381 2829,3380"/>
                <TextEquiv>
                    <Unicode>die Geschichte der Prä¬</Unicode>
                </TextEquiv>
            </TextLine>
            <TextLine id="r3l70" custom="readingOrder {index:69;}">
                <Coords points="1863,3398 2833,3450 2835,3391 1864,3358"/>
                <Baseline points="1870,3406 1917,3407 1965,3408 2013,3409 2061,3410 2109,3411 2157,3412 2204,3413 2252,3415 2300,3417 2348,3418 2396,3419 2444,3420 2492,3422 2539,3423 2587,3424 2635,3425 2683,3426 2731,3427 2779,3427 2827,3427"/>
                <TextEquiv>
                    <Unicode>miierungen, die man durch willkürliche Pausen</Unicode>
                </TextEquiv>
            </TextLine>
            <TextLine id="r3l71" custom="readingOrder {index:70;}">
                <Coords points="1861,3465 2838,3481 2785,3429 2212,3435 1863,3398"/>
                <Baseline points="1869,3444 1917,3445 1965,3446 2013,3448 2061,3450 2109,3451 2157,3453 2205,3455 2253,3456 2301,3458 2350,3459 2398,3460 2446,3461 2494,3462 2542,3463 2590,3464 2638,3464 2686,3465 2734,3465 2782,3464 2831,3464"/>
                <TextEquiv>
                    <Unicode>unterbrochen hat, die folgende: 1875 Wilbrandt</Unicode>
                </TextEquiv>
            </TextLine>
            <TextLine id="r3l72" custom="readingOrder {index:71;}">
                <Coords points="1866,3495 2110,3502 2167,3483 2240,3508 2510,3513 2560,3503 2561,3473 1867,3461"/>
                <Baseline points="1873,3489 1907,3487 1941,3485 1975,3484 2009,3484 2043,3484 2077,3484 2111,3485 2145,3487 2179,3488 2213,3489 2247,3491 2281,3493 2315,3495 2349,3497 2383,3498 2417,3499 2451,3500 2485,3500 2519,3500 2553,3500"/>
                <TextEquiv>
                    <Unicode>(„Gracchus"), 1884 Wildenbruch</Unicode>
                </TextEquiv>
            </TextLine>
            <TextLine id="r3l73" custom="readingOrder {index:72;}">
                <Coords points="2587,3505 2611,3513 2645,3505 2656,3513 2669,3505 2769,3506 2803,3517 2827,3504 2827,3480 2777,3466 2704,3478 2671,3466 2628,3471 2618,3465 2597,3484 2587,3481"/>
                <Baseline points="2594,3506 2619,3504 2644,3504 2669,3503 2694,3502 2719,3501 2744,3502 2769,3502 2794,3504 2820,3506"/>
                <TextEquiv>
                    <Unicode>(„Harold"),</Unicode>
                </TextEquiv>
            </TextLine>
            <TextLine id="r3l74" custom="readingOrder {index:73;}">
                <Coords points="1860,3529 2834,3546 2825,3505 1861,3495"/>
                <Baseline points="1868,3523 1918,3524 1968,3525 2019,3526 2069,3528 2120,3530 2170,3532 2221,3534 2271,3535 2322,3537 2372,3539 2423,3540 2473,3541 2524,3541 2574,3542 2625,3542 2675,3541 2726,3540 2776,3539 2827,3536"/>
                <TextEquiv>
                    <Unicode>1887 Anzengruber („Heimg funden"), 1890 Wil¬</Unicode>
                </TextEquiv>
            </TextLine>
            <TextLine id="r3l75" custom="readingOrder {index:74;}">
                <Coords points="1865,3570 2836,3579 2797,3545 1865,3529"/>
                <Baseline points="1871,3564 1918,3565 1966,3566 2014,3567 2062,3568 2110,3569 2158,3570 2206,3572 2254,3573 2302,3575 2350,3576 2397,3577 2445,3578 2493,3579 2541,3580 2589,3580 2637,3580 2685,3581 2733,3581 2781,3580 2829,3579"/>
                <TextEquiv>
                    <Unicode>brandt („Meister on Palmyra“), 1896 Haupt¬</Unicode>
                </TextEquiv>
            </TextLine>
            <TextLine id="r3l76" custom="readingOrder {index:75;}">
                <Coords points="1862,3597 1954,3620 1978,3610 2019,3623 2040,3611 2057,3621 2189,3613 2233,3630 2233,3575 2113,3582 2060,3571 2038,3583 2016,3569 1981,3582 1862,3566"/>
                <Baseline points="1870,3601 1895,3603 1920,3605 1946,3606 1971,3608 1997,3609 2022,3609 2048,3609 2073,3609 2098,3608 2124,3608 2149,3606 2175,3605 2200,3604 2226,3602"/>
                <TextEquiv>
                    <Unicode>mann („Hannele"),</Unicode>
                </TextEquiv>
            </TextLine>
            <TextLine id="r3l77" custom="readingOrder {index:76;}">
                <Coords points="2254,3615 2292,3623 2304,3616 2337,3623 2351,3618 2372,3628 2382,3622 2394,3624 2393,3583 2379,3581 2372,3586 2356,3579 2344,3586 2310,3574 2303,3581 2287,3578 2265,3587 2253,3584"/>
                <Baseline points="2261,3616 2286,3614 2311,3612 2336,3611 2361,3612 2387,3616"/>
                <TextEquiv>
                    <Unicode>1899</Unicode>
                </TextEquiv>
            </TextLine>
            <TextLine id="r3l78" custom="readingOrder {index:77;}">
                <Coords points="2399,3632 2443,3621 2469,3633 2545,3621 2614,3630 2657,3615 2681,3634 2823,3637 2824,3600 2728,3586 2698,3597 2676,3583 2629,3595 2400,3581"/>
                <Baseline points="2406,3621 2431,3619 2457,3618 2483,3618 2508,3618 2534,3619 2560,3620 2585,3620 2611,3621 2637,3622 2662,3623 2688,3624 2714,3624 2739,3624 2765,3622 2791,3621 2817,3618"/>
                <TextEquiv>
                    <Unicode>Hauptmann („Fuhr¬</Unicode>
                </TextEquiv>
            </TextLine>
            <TextLine id="r3l79" custom="readingOrder {index:78;}">
                <Coords points="1849,3660 2831,3661 2755,3627 1850,3609"/>
                <Baseline points="1857,3648 1905,3647 1953,3646 2001,3645 2050,3645 2098,3646 2146,3647 2195,3648 2243,3650 2291,3652 2340,3653 2388,3655 2436,3657 2484,3659 2533,3660 2581,3661 2629,3662 2678,3663 2726,3663 2774,3662 2823,3661"/>
                <TextEquiv>
                    <Unicode>mann Henschel"), 1902 Hartleben („Rosen=</Unicode>
                </TextEquiv>
            </TextLine>
            <TextLine id="r3l80" custom="readingOrder {index:79;}">
                <Coords points="1854,3685 2825,3714 2816,3667 1855,3655"/>
                <Baseline points="1861,3683 1908,3684 1956,3684 2004,3685 2052,3686 2100,3688 2148,3689 2195,3690 2243,3691 2291,3692 2339,3694 2387,3695 2435,3696 2483,3697 2530,3698 2578,3699 2626,3700 2674,3701 2722,3701 2770,3701 2818,3701"/>
                <TextEquiv>
                    <Unicode>moniag“), 1905 Hauptmann („Armer Heinrich“).</Unicode>
                </TextEquiv>
            </TextLine>
            <TextLine id="r3l81" custom="readingOrder {index:80;}">
                <Coords points="1851,3720 2820,3743 2800,3704 1852,3701"/>
                <Baseline points="1859,3722 1906,3723 1954,3724 2002,3725 2049,3727 2097,3728 2145,3729 2192,3731 2240,3732 2288,3733 2336,3734 2383,3735 2431,3736 2479,3737 2526,3738 2574,3738 2622,3738 2669,3738 2717,3738 2765,3737 2813,3736"/>
                <TextEquiv>
                    <Unicode>Es standen diesmal nicht weniger als 94 Bühnen¬</Unicode>
                </TextEquiv>
            </TextLine>
            <TextLine id="r3l82" custom="readingOrder {index:81;}">
                <Coords points="1857,3762 2792,3790 2830,3785 2831,3734 2275,3757 1857,3723"/>
                <Baseline points="1864,3761 1912,3762 1960,3764 2008,3765 2056,3766 2104,3767 2152,3769 2200,3770 2248,3771 2296,3772 2344,3774 2392,3775 2440,3776 2488,3777 2536,3777 2584,3778 2632,3778 2680,3779 2728,3779 2776,3778 2824,3778"/>
                <TextEquiv>
                    <Unicode>werke in der Wahl. Der Preis ist nach der</Unicode>
                </TextEquiv>
            </TextLine>
            <TextLine id="r3l83" custom="readingOrder {index:82;}">
                <Coords points="1856,3793 2837,3821 2821,3784 1857,3762"/>
                <Baseline points="1864,3800 1912,3802 1960,3803 2008,3805 2057,3806 2105,3808 2153,3809 2202,3810 2250,3811 2298,3812 2347,3813 2395,3814 2443,3814 2491,3815 2540,3815 2588,3816 2636,3816 2685,3816 2733,3817 2781,3817 2830,3817"/>
                <TextEquiv>
                    <Unicode>Verfügung von Grillparzer für das relativ beste</Unicode>
                </TextEquiv>
            </TextLine>
            <TextLine id="r3l84" custom="readingOrder {index:83;}">
                <Coords points="1851,3841 2783,3867 2824,3821 1852,3803"/>
                <Baseline points="1858,3838 1905,3839 1953,3840 2001,3841 2049,3843 2097,3844 2145,3846 2193,3847 2241,3849 2289,3850 2337,3852 2384,3853 2432,3854 2480,3855 2528,3856 2576,3857 2624,3857 2672,3857 2720,3857 2768,3856 2816,3855"/>
                <TextEquiv>
                    <Unicode>deutsche dramatische Werk ausgesetzt, das im</Unicode>
                </TextEquiv>
            </TextLine>
            <TextLine id="r3l85" custom="readingOrder {index:84;}">
                <Coords points="1859,3879 2739,3910 2826,3886 2827,3848 2213,3868 1860,3844"/>
                <Baseline points="1866,3874 1913,3876 1961,3878 2008,3880 2056,3881 2104,3883 2151,3884 2199,3885 2247,3887 2294,3888 2342,3889 2390,3890 2437,3891 2485,3892 2533,3893 2580,3893 2628,3894 2676,3894 2723,3895 2771,3895 2819,3895"/>
                <TextEquiv>
                    <Unicode>Laufe der letzten drei Jahre auf einer nam¬</Unicode>
                </TextEquiv>
            </TextLine>
            <TextLine id="r3l86" custom="readingOrder {index:85;}">
                <Coords points="1847,3924 2808,3954 2830,3887 2656,3915 1848,3879"/>
                <Baseline points="1854,3913 1902,3915 1950,3916 1999,3918 2047,3919 2095,3921 2144,3922 2192,3924 2240,3925 2289,3926 2337,3928 2385,3929 2434,3930 2482,3931 2530,3933 2579,3934 2627,3936 2675,3937 2724,3938 2772,3939 2821,3941"/>
                <TextEquiv>
                    <Unicode>haften eutschen Bühne zur Aufführung gelangt</Unicode>
                </TextEquiv>
            </TextLine>
            <TextLine id="r3l87" custom="readingOrder {index:86;}">
                <Coords points="1855,3954 2557,3968 2832,4016 2834,3934 2665,3958 1856,3927"/>
                <Baseline points="1862,3951 1910,3954 1958,3957 2006,3960 2054,3962 2102,3963 2150,3965 2199,3966 2247,3967 2295,3967 2343,3968 2391,3969 2439,3970 2487,3971 2536,3973 2584,3974 2632,3976 2680,3978 2728,3981 2776,3985 2825,3988"/>
                <TextEquiv>
                    <Unicode>und icht schon von einer anderen Seite durch</Unicode>
                </TextEquiv>
            </TextLine>
            <TextLine id="r3l88" custom="readingOrder {index:87;}">
                <Coords points="1835,3996 2037,4023 2098,3998 2296,4028 2623,4015 2551,3970 1836,3967"/>
                <Baseline points="1842,3995 1880,3997 1919,3998 1958,3999 1996,4000 2035,4001 2074,4001 2112,4002 2151,4003 2190,4003 2229,4004 2267,4005 2306,4005 2345,4006 2383,4007 2422,4008 2461,4009 2499,4010 2538,4011 2577,4013 2616,4014"/>
                <TextEquiv>
                    <Unicode>einen Preis ausgezeichnet worden ist.</Unicode>
                </TextEquiv>
            </TextLine>
            <TextEquiv>
                <Unicode>Telephon 12801.
112
P Mnn eBerrrenrehnn
—
□ l. österr. behördl. konz. Unternehmen für Zeitungs-Ausschnitte
Wien, I., Concordiaplatz 4.
3
1
Vertretungen
0 in Berlin, Budapest, Chicago, Christiania, Genk, Kopen¬

## hagen, London, Madrid, Mailand, Minneapolis, New-Vork,
Paris, Rom, San Francisco, Stockholm, St. Petersburg.
00
(Quellenangabe ohne Gewähr.)
09
2
Ausschnitt aus:
*
##n
17 1. 19c8 Hänwurgel Fremndenblan
E vom:
Artur Schnitzler erhält den Grillparzer=
Diemit der wir der Mel¬
dung
wreideernher Miäter baegnien.
daß
Wildenbruch für seine „Rabensteine¬
kin“ den diesjährigen
Grillparzer¬
Preis erhalten sollte, hat sich als wohl¬
hngebracht erwiesen, denn nicht Wildenbruch,
sondern der Wiener Artur Schnitzler ist
nach den offiziellen Meldungen der Preis¬
räger.
Der 5000 Kronen betragende Preis
wurde Schnitzler für seine Komödie „Zwischen¬
spiel“ zutel, die wir aus eigener Anschauung
durch Aufführungen im hiesigen Schauspielhause
kennen gelernt haben. Jeder Freund des feinen
Wiener Pocten wird Schnitzler die Auszeichnung
gewiß gern gönnen, trotzdem kann man das Er¬
stannen nicht unterdrücken, daß gerade diese
schwächliche Arbeit des Dichters als des Preises
würdig erachtet wurde und nicht eins seiner
früher geschriebenen Werke, wie etwa der „Ein¬
same Weg, der „Grüne Kakadu“, die dichterisch
entschieden über dem „Zwischenspiel“ stehen.
Aus der eutsch idenden Sitzung des Preis¬
richterkollegiums verlautet noch, daß Schlen¬
ther als offenbar wurde, daß Wildenbrucht
die Mehrheit nicht erlangen konnte, die
Verleihung des Preises an Schoenherr
für dessen Schauspiel „Familie“ vorschlug Als auss
dieser Vorschlag auf Gegnerschaften stieß, stellte
der Vorsitzende des Kollegiums, Professor
Minor, den Antrag, den Preis Schnitzle
zu verleihen. Darauf einigten sich schließlich
alle Preisrichter. Schnitzlers „Zwischenspiel“ ist
zum ersten Male am 12. Oktober 1905 und zu¬
letzt am 6. September 1907 und im ganzen
17 Mal im Wiener Burgtheater aufgeführt wor¬
den. Schnitzler ist
der zweite österreichische
Dichter, der den Gr'llparzer=Preis bekommen hat.
Bisher hat ihn nur Anzengruber im Jahre 1887,
und zwar für sein Drama „Heimg'funden“ er¬
halten. Bisher ist
die Geschichte der Prä¬
miierungen, die man durch willkürliche Pausen
unterbrochen hat, die folgende: 1875 Wilbrandt
(„Gracchus"), 1884 Wildenbruch
(„Harold"),
1887 Anzengruber („Heimg funden"), 1890 Wil¬
brandt („Meister on Palmyra“), 1896 Haupt¬
mann („Hannele"),
1899
Hauptmann („Fuhr¬
mann Henschel"), 1902 Hartleben („Rosen=
moniag“), 1905 Hauptmann („Armer Heinrich“).
Es standen diesmal nicht weniger als 94 Bühnen¬
werke in der Wahl. Der Preis ist nach der
Verfügung von Grillparzer für das relativ beste
deutsche dramatische Werk ausgesetzt, das im
Laufe der letzten drei Jahre auf einer nam¬
haften eutschen Bühne zur Aufführung gelangt
und icht schon von einer anderen Seite durch
einen Preis ausgezeichnet worden ist.</Unicode>
            </TextEquiv>
        </TextRegion>
    </Page>
</PcGts>
