3344 4352
210 298 1123 401 Grilinarze—-Preis
1269 280 1720 371 box 4072
2614 257 2998 331 Telephon 12801.
1877 363 1940 433 6
2108 385 2253 448 WMER
2139 418 2220 456 2
1867 430 1939 466 0
2004 437 2061 477 40
1974 413 2601 495 SAEMHDTSSRFRRaR
1856 455 1948 497 —
2755 421 3011 516 SALNNEN
1861 485 2808 534 02 Sm
1873 526 3023 570 O l. österr. behurdl. konz. Unternehien für Zeitungs-Ausschnitte
1877 568 1928 612 60
2035 567 2903 664 Wien, I., Concordiaplatz 4.
1857 644 1948 698 —
2259 643 2682 709 Vertretungen
1868 696 3007 748 0 in Berlin, Budapest, Chicago, Christiania, Genf, Kopen¬
1863 742 3014 797 hagen, London, Madrid, Mailand, Minneapolis, New-Vork,
1968 779 2997 824 Paris, Rom, San Francisco, Stockholm, St. Petersburg.
1866 796 1953 836 0
2280 824 2670 876 (Quellenangabe ohne Gewähr.)
1874 831 1950 872 00
1866 871 2360 959 = Ausschnitt aus:
2104 917 2267 973 l. 1908
1868 909 1942 989 2
1862 943 3018 1025 E vom: Neue Freie Presse, Wien
1861 1027 2332 1126 716. JRIGEFTNDEE
2297 1065 2544 1115 —
1946 1093 2982 1184 Die Verleihung des Grillparzer=Preises.
2609 1152 3024 1210 Wien, 15. Januar.
1956 1187 3034 1268 Wie wir im Abendblatte gemeldet haben, hat das
1871 1252 3049 1310 Kollegium, das über die Zuerkennung des Grillparzer¬
1875 1275 3045 1372 Preises zu entscheiden hat, heute seine Beratungen zu Ende
2705 1319 3043 1397 für die Komödie
1878 1344 2520 1415 geführt und den Preis Arthur S
1887 1355 3046 1453 Zwischenspiel“ zuerkanneDämiterhan wieder ein
1887 1410 3057 1492 Oesterreicher den Grillparzer=Preis, den seit seiner Stiftung
1879 1471 3046 1533 überhaupt bisher nur einmal, nämlich im Jahre 1887, ein
1892 1499 3017 1584 Inländer, Ludwig Anzengruber, davongetragen hat.
1967 1531 3056 1615 Das Preisgericht besteht gegenwärtig aus den Herren;
1889 1584 3044 1654 Hofrat Universitätsprofessor Dr. Minor, Hofrat Dr. Max
2744 1628 3049 1686 Schmidt in
1885 1638 2718 1715 Burckhard, Geheimer Rat Dr. Erich
1879 1664 3061 1751 Berlin, Direktor des Hofburgtheaters Dr. Paul Schlenther
1879 1728 2590 1795 und Schriftsteller Ludwig Hevesi.
1965 1764 3059 1829 Die Beratungen des Preisrichterkollegiums waren heuer
1893 1800 3059 1880 sehr langwierig und erforderten eine ganze Reihe von
1902 1845 3074 1917 Sitzungen, da sich die Juroren lange Zeit auf keines der in
1902 1884 3059 1967 Betracht kommenden 94 Stücken einigen konnten. Nach der Be¬
1897 1925 3071 2007 stimmung des Stisters ist der Grillparzer=Preis für das
1897 1983 3066 2044 relativ beste dramatische Werk deutscher Sprache ausgesetzt,
1897 2036 3072 2096 das im Laufe des letzten Trienniums auf einer namhaften
1893 2061 3074 2142 deutschen Bühne zur Aufführung gelangt und nicht schon von
1901 2094 3073 2187 einer anderen Seite durch einen Preis ausgezeichnet worden?
1899 2160 3071 2214 ist. Die Verwaltung des Fonds ist durch den Stiftsbrief der
1904 2200 3079 2270 philosophisch=historischen Klasse der kaiserlichen Akademie der
1915 2235 2930 2312 Wissenschaften übertragen; der Preis beträgt 5000 K.
1993 2269 3074 2354 Für den Grillparzer=Preis, der heute zur Verteilung ge¬
1913 2313 3072 2396 langte, kamen nach dem Urteil der Preisrichter in erster Linie
1911 2365 3072 2443 Arthur Schnitzler mit seiner Komödie „Zwischen¬
1913 2396 3082 2480 spiel“ die am 12. Oktober 1905 im Burgtheater zur ersten
1916 2441 3075 2523 Aufführung gelangte, und in zweiter Linie Schönherrs
1914 2491 3083 2568 „Familie“ in Betracht, die im Jahre 1907 auf dem
1910 2530 3079 2607 Spielplan der Hofbühne war. In den letzten Tagen wurden
1913 2576 3086 2645 auch Stimmen für Ernst v. Wildenbruch laut, dessen
1920 2615 3077 2703 Schauspiel „Die Rabensteinerin“ in dieser Saison zur
1922 2680 2454 2757 ersten Aufführung gelangte.
1996 2690 3092 2778 Heute um 10 Uhr vormittags traten die Preisrichter mit
1926 2746 3089 2831 Ausnahme Professor Dr. Schmidts, der am Erscheinen
1917 2795 3087 2866 verhindert war, zu ihrer letzten Sitzung zusammen. Diese
1920 2834 3092 2921 fand im Hörsaal 33 der philosophischen Fakultät der Univer¬
1929 2878 3089 2963 sität statt und den Vorsitz führte Hofrat Minor. Die Be¬
1934 2918 3102 3001 ratung dauerte bis 12 Uhr und endigte mit der einstimmigen
1927 2960 3093 3040 Zuerteilung des Preises an Arthur Schnitzler, für den auch
1925 3013 3098 3102 bereits früher Professor Dr. Erich Schmidt in Berlin seine
1938 3055 3091 3124 Stimme in schriftlichem Wege abgegeben hatte. Für das
1935 3095 3094 3169 Votum des Preisrichterkollegiums kam, wie Hofrat Minor in
1924 3152 3092 3205 seinem Referat ausführte, in erster Linie das Stück, das den
1925 3182 3095 3249 Preis erhielt, in Betracht und erst in zweiter Linie der
1933 3250 2104 3312 Dichter.
2003 3245 3100 3338 Um ½2 Uhr nachmittags trat die philosophisch=historische
1936 3314 3094 3384 Klasse der Akademie der Wissenschaften zu einer Sitzung zu¬
1934 3352 3089 3426 sammen, in welcher die Genehmigung des Vorschlages des
1936 3396 3102 3464 Preisrichterkollegiums erfolgte. Hofrat Professor Dr. Minor
1930 3458 3114 3507 begründete den Vorschlag der Preisrichter in kurzer Rede,
1936 3482 3118 3557 worauf ihm die Genehmigung ohne Debatte erteilt wurde.
1944 3527 2881 3605 Unmittelbar darauf wurde das Resultat publiziert.
2022 3555 3102 3636 Unter den anwesenden Mitgliedern der Akademie wurde
1933 3625 3109 3679 die Wahl eines Oesterreichers als Preisträger mit Beifall be¬
1939 3656 3115 3730 grüßt und auch der Präsident der Akavemie der Wissen¬
1950 3698 3099 3777 schaften, Professor Eduard Sueß, welcher der Publizierung
1939 3738 3104 3814 der Preiszuerkennung beiwohnte, äußerte seine Genugtuung
1949 3786 3111 3880 darüber, daß der Grillparzer=Preis diesmal in Oesterreich
1954 3855 2139 3912 verbleibt.
2017 3859 3104 3947 Von anderer Seite wird uns gemeldet: In der heutigen
1939 3914 3111 3981 Sitzung des Preisrichterkollegiums standen von den 94 Bühnen¬
1945 3959 3112 4025 werken, die den Preisrichtern zur Beurteilung vorlagen, nur
1951 3998 3117 4086 zwei in Diskussion, Schnitzlers „Zwischenspiel" und Schön¬
1955 4041 3106 4117 herrs Tragödie „Familie“. Wildenbruchs „Die Rabensteinerin“
1952 4103 3119 4158 kam heute in der Schlußsitzung der Juroren nicht in Frage.
1960 4128 3126 4197 Dagegen verlautet, daß sich namentlich Direktor Dr. Schlen¬
