3344 4352
1760 104 2262 179 —
189 168 2708 250 von der „Rabensteinerin“ Wildenbruchs und von „Familie“ von nur sagen, daß ich in ihm die Beziehungen gegenseitiger Wiener
196 238 1452 288 Schönherr als von Werken, von denen das eine oder andere
1441 239 2567 310 Schichten und sozialer Gruppen darzustellen versucht habe.“
182 281 1457 337 den Preis erhalten solle. Schließlich entschloß man sich für
1549 261 2696 345 Phantasieleben und Wirtlichkeit, das ist ein Kapitel, über
194 330 2717 404 Schnitzler, wohl in der Erwägung, daß diesem Dichter eine lange welches ich Ihnen noch mancherlei sagen könnte. Sie fließen im
197 368 2716 446 und vielfältige Reihe von wertvollen dramatischen Werken zu Leben eines Produzierenden oft in einander, und zuweilen
197 425 2713 495 verdanken sei. Den Preis erhielt bereits dreimal Gerhart ertappe ich mich dabei, daß mir ein Phantasiebild einen Moment
197 475 2713 549 Hauptmann für den „Armen Heinrich", „Hannele“ und lang wie etwas erscheint, das ich wirklich erlebt habe. Doch,
194 526 1445 582 „Fuhrmann Henschel", und einmal Otto Erich Hartleben
1441 523 2695 599 ich habe schon zu viel von mir und meinem Schaffen gesprochen“.
198 564 2721 656 für „Rosenmontag". Unter den österreichischen Dichtern wurde schloß der Dichter, indem er mir mit freundlichstem Lächeln die
193 612 1832 678 bloß Ludwig Anzen gruber mit dem Preis einmal aus Hand reichte ...
193 662 419 743 gezeichnet.
313 704 1476 809 „Zwischenspiel“ entstand im Jahre 1904 und wurde zum
194 755 1466 848 erstenmal am 12. Oktober 1905 und zuletzt am 6. September
194 830 1476 889 1907 am Burgtheater aufgeführt, im ganzen 17mal. Das Stück
184 857 1465 926 behandelt ein interessantes psychologisches Problem aus dem Ehe¬
191 911 1469 1001 leben eines Künstlerpaares und es ist mehr auf das geistvolle
193 975 1328 1052 Räsonnement als auf starke dramatische Vorgänge gestellt.
301 1015 1460 1109 Einer unserer Mitarbeiter suchte gestern unmittelbar nach
188 1089 1469 1176 der Entscheidung der Jury Herrn Artur Schnitzler auf und
186 1137 1128 1217 berichtet uns über seine Unterredung wie folgt:
541 1197 1130 1279 Bei Artur Schnitzler.
301 1241 1467 1331 Auf einem Spaziergange um den Türkenschanzpark, in dessen
195 1308 1482 1374 Nähe Schnitzler seit einigen Jahren sein Heim aufgeschlagen hat,
188 1358 1479 1430 treffe ich den Dichter an, noch überrascht durch die ihm kurz
189 1411 1468 1484 vorher zugegangene Nachricht von der Zuerkennung des Grillparzer¬
187 1428 1480 1522 Preises. Daß ihm die Auszeichnung und insbesondere dem
194 1498 1485 1576 „Zwischenspiel“ zuteil werden wird, daran hatte Schnitzler nicht
185 1560 1479 1632 gedacht, zumal die Nachricht zuletzt kursierte, daß das Kollegium
205 1601 1487 1679 Schönherr und Wildenbruch in Betracht gezogen habe. Wir gehen
190 1650 1484 1711 eine Strecke lang an verschneiten Gärten und Villen vorbei, sehen
190 1705 1490 1782 einen Moment der Schuljugend zu, die auf etwas abschüssiger
189 1743 1311 1824 Bahn unter Lachen und Lärmen dem Rodelsport huldigt.
308 1794 1481 1869 „Eigentlich gehört „Zwischenspiel“ nicht zu den Sachen, die
174 1837 1468 1910 mir innerlich nahestehen,“ sagte Schnitzler, „seine kleine Welt er¬
188 1902 1473 1962 scheint mir zu abgeschlossen, die Fenster der Stuben, in denen das
195 1955 1467 2012 Stück spielt, sind einem kleinen Garten zugewendet, und es ist mit
183 1992 1480 2055 dem ganzen Drama so, daß von ihm kein Weg ins große Leben
183 2045 1468 2113 führt, zu anderen Menschen. Es fehlen die großen Beziehungen
188 2090 1472 2164 zu einem Allgemeinen und deshalb wohl kann es mich
190 2133 1474 2192 nicht befriedigen. Mir selbst ist der „Einsame Weg“, ja auch
187 2189 1465 2255 „Der Ruf des Lebens“ durch seine ersten Akte, auf denen, wie
190 2239 1465 2292 ich glaube, Schicksalsschwere liegt, sympathischer. Es ist bei mir
192 2288 1467 2350 so, daß ich eine empfangene Stimmung oder Idee in einem ein¬
197 2338 1472 2397 zigen Werke nicht in allen Verzweigungen und Nuancen ausgeben
182 2363 1476 2439 kann, daß mir noch ein Ueberschuß bleibt, der in mir aufs neue
194 2430 1469 2487 produktiv wird und mich zu anderen Gedankengängen und Stim¬
188 2473 1463 2545 mungen hinüberführt. „Zwischenspiel“ ist abgeschlossen und für
193 2522 1471 2591 mich abgetan. Anders, wie noch bei vielen Sachen, erging es mir
185 2565 1469 2640 beim „Einsamen Weg“. Gestalten, die ich in dieses Stück bannen
194 2627 1463 2693 wollte, lösten sich los, kamen in andere Konflikte und es ent¬
198 2680 1467 2746 standen andere Stücke, Szenen. Diese Sachen haben dann keine
185 2708 1470 2799 andere innere Verwandtschaft als vielleicht etwa des Tones und
190 2769 1462 2818 der Stimmung, die mir vielleicht eigen sind. Oder aber es ge¬
199 2806 1465 2883 schieht, daß ich ein Stück oder eine Novelle fast bis zur Voll¬
183 2867 1471 2936 endung bringe, es aber in einer Stimmung der Abneigung lange
186 2915 1474 2968 liegen lasse, und eines Tages ruft es mich gleichsam wieder an,
192 2968 1471 3031 meldet sich, aber nun ist alles in mir anders und das Stück
201 3003 1476 3081 erhält eine innere Umformung, hat sich in mir stilisiert und es
198 3066 1479 3145 wird etwas ganz anderes, gehört dann einer anderen Stilart als
201 3118 687 3193 der zuerst gedachten an.
322 3150 1476 3238 „Es gibt in den Schaffensprozessen, die ich durchmache,
200 3217 1487 3290 Unterströmungen in mir, die mich nach verschiedenen Richtungen
189 3277 1468 3352 oft führen. Mein Sinn für das Leben und das Wirkliche wird
199 3323 1471 3389 zuweilen abgelenkt, hin zu einer Traumwelt, zum Märchenhaften.
203 3377 1475 3430 Sie werden das in meiner neuen Produktion vielfach finden, und
196 3424 1465 3482 ich habe mich, vielleicht nur vorübergehend, Stoffgebieten zu¬
189 3455 1477 3537 gewendet, die meiner Phantasie den freiesten Spielraum lassen.
191 3516 1476 3569 Deshalb begrüße ich die Bestrebungen und Leistungen Rollers in
202 3562 1483 3631 der wärmsten Weise. Die Dekorationskunst dieses modernen
196 3609 1481 3675 Meisters ermöglicht die Aufführung von Werken, die ausschließlich
196 3660 1484 3725 von der Phantasie inspiriert sind, weckt mit ihrer knappen
191 3714 1463 3774 Sprache, ihren Andeutungen und durch den Mangel einer künst¬
197 3764 1459 3823 lichen und illusionstörenden Wirklichkeit beim Zuschauer die stärkste
1453 3778 1517 3829 1
188 3810 1461 3875 Illusion und, was viel mehr ist, Ideenassoziationen, die ein Mit¬
198 3860 844 3940 schaffen des Zuschauers anregen.
309 3901 1518 3976 Dahin geht, wie bereits gesagt, vorläufig meine dichterische?
199 3965 1527 4028 Intention. Meine nächste Publikation ist ein Roman: „Der Wegib
202 4016 1524 4077 ins Freie“, andere Dinge sind teils abgeschlossen, harren teils 9
202 4056 1536 4124 noch der Vollendung. Ueber meinen Roman kann ich Ihnen jetzt?
1424 4106 1541 4168 —
