3392 4384
289 364 1206 465 Grillparzer-Preis
1028 1286 1432 1368 Telephon 12801.
273 1392 343 1472 8
285 1438 1407 1568 P An Bnnn
289 1554 1417 1603 O l. österr. behördl. konz. Unternehmen für Zeitungs-Ausschnitte
431 1605 1325 1669 Wien, I., Concordiaplatz 4.
300 1643 371 1739 2
668 1681 1102 1745 Vertretungen
281 1731 1422 1782 0 in Berlin, Budapest, Chicago, Christiania, Genf, Kopen¬
266 1769 1427 1830 hagen, London, Madric, Mailand, Minneapolis, New-Vork,
374 1806 1398 1867 Paris, Rom, San Francisco, Stockholm, St. Petersburg.
686 1850 1086 1905 (Quellenangabe ohne Gewahr.)
290 1903 770 1991 * Ausschnitt aus:
756 1890 1402 2013 „Deutsche Presse, Wien.
520 1963 743 2036 15 1 19.
275 1981 363 2027 535
279 2019 551 2085 E vom:
617 2062 1343 2196 Wiener Theater.
423 2173 1499 2269 Verleihung des Grillparzer-Preises.
496 2249 1516 2322 Das Preisgericht, das über die Verleihung
400 2307 1513 2364 des Grillparzer=Preises von 5000 K.
403 2361 1512 2425 zu erkennen hat, hat in der Sitzung, die
399 2397 1519 2458 heute nachmittags um ¾2 Uhr in der Akademie
398 2453 1515 2519 der Wissenschaften stattfand, eine denkwürdige
391 2506 1511 2548 Entscheidung getroffen. Die Preisrichter, man merke
398 2544 1516 2619 ihre Namen: Professor Minor, Direktor Schlenther,
399 2602 1508 2644 Hofrat Burckhard, Ludwig Hevesi und
398 2643 1512 2711 Professor Erich Schmidt, haben den Grillparzer¬
398 2684 1506 2737 Preis Dr. Artur Schnitzler für sein am Burg¬
399 2736 1500 2791 theater seinerzeit ansgesaneres—„Zwischenspiel“
396 2781 1516 2858 zuerkannt; und dies, nachdem sie nicht schlüssig werden
397 2840 1515 2885 konnten, ob sie Schönherr für das Drama
397 2891 1509 2941 „Familie“ oder Ernst v. Wildenbruch für das
391 2928 1518 2991 Drama „Die Rabensteinerin“ mit dem Preise aus¬
390 2974 1519 3049 zeichnen sollten. Zu dieser Entscheidung läßt sich nur
385 3029 1505 3091 die Bemerkung hinzufügen, daß der nächste Dramatiker,
383 3072 1501 3139 dent der Grillparzer=Preis zuerkannt wird, auf
388 3122 1534 3207 disse Auszeichnung nicht mehr stolz zu sein
409 3162 566 3227 raucht.
1361 354 1805 456 box 40/2
2586 1559 2979 1668 Telephon 12801.
1817 1721 1891 1785 3
1930 1722 2953 1844 Mn Pe
1811 1777 1899 1833 —
1819 1833 2967 1903 O l. österr. behördl. konz. Unternehmen für Zeitungs-Ausschnitte
1839 1858 1895 1904 60
1981 1871 2863 1980 Wien, I., Concordiaplatz 4.
1802 1898 1904 1993 3
2215 1952 2641 2024 Vertretungen
1827 2006 2965 2082 0 in Berlin, Budapest, Chicago, Christiania, Genf, Kopen¬
1801 2049 2963 2121 hagen, London, Madrid, Mailand, Minneapolis, New-Vork,
1914 2088 2932 2147 Paris, Rom, San Francisco, Stockholm, St. Petersburg.
2221 2132 2623 2187 (Quelienangabe ohne Gewähr.)
1804 2164 2964 2275 7 Ausschnitt aus: Neue Freie Presse, Wien
1994 2240 2290 2321 15. 1. 1908
2430 2238 2787 2320 Abendblatt
1799 2274 2013 2336 E vom:
2017 2306 2098 2381 1
1765 2431 2950 2532 Der Grillparzer-Preis für Arthur Schnitzler.
2509 2498 2911 2578 Wien, 15. Fallär¬
1852 2565 2950 2639 Die heutige Sitzung des Grillparzer=Preisgerichtes hat
1781 2611 2354 2682 eine Ueberraschung gebracht.
1865 2654 2948 2722 Der diesjährige Grillparzer=Preis
1779 2710 2952 2768 fällt Arthur Schnitzler für dessen Komö¬
1765 2760 2425 2844 die „Zwischenspiel“ zu.
1864 2802 2948 2871 Diese Entscheibung wirkt insoferne überraschend, als
1775 2849 2943 2899 die Gerüchte, die in den letzten Tagen kolportiert wurden,
1769 2902 2939 2948 davon sprachen, daß die Meinungen der Preisrichter
1767 2947 2935 3003 zwischen Wildenbruchs „Rabensteinerin" und Schönherrs
1786 2992 2248 3058 „Familie“ geteilt seien.
1870 3031 2941 3103 In der heutigen Sitzung einigten sich die Preis¬
1780 3097 2965 3157 richter auf Schnitzlers „Zwischenspiel“. In zweiter Linie
1782 3141 2572 3209 kam Schönherrs „Familie“ in Betracht.
1870 3151 2959 3253 Der Grillparzer=Preis betrigt 5000 Kronen, wird alle
1768 3205 2958 3308 drei Jahre v#mnehen und fiel juletzt Otto Erich Hart¬
1781 3274 2561 3344 leben für dessen „Rosenmontag“ zu.
