<?xml version="1.0" encoding="UTF-8" standalone="yes"?>
<PcGts xmlns="http://schema.primaresearch.org/PAGE/gts/pagecontent/2013-07-15" xmlns:xsi="http://www.w3.org/2001/XMLSchema-instance" xsi:schemaLocation="http://schema.primaresearch.org/PAGE/gts/pagecontent/2013-07-15 http://schema.primaresearch.org/PAGE/gts/pagecontent/2013-07-15/pagecontent.xsd">
    <Metadata>
        <Creator>prov=University of Rostock/Institute of Mathematics/CITlab/Gundram Leifert/gundram.leifert@uni-rostock.de:name=ONB_Newseye_GT_M1+(htr_id=10810)::::v=2.4.2
prov=University of Rostock/Institute of Mathematics/CITlab/Tobias Gruening/tobias.gruening@uni-rostock.de:name=de.uros.citlab.module.baseline2polygon.B2PSeamMultiOriented:v=2.4.2
prov=University of Rostock/Institute of Mathematics/CITlab/Tobias Gruening/tobias.gruening@uni-rostock.de:name=/mnt/transkribus/LA/DEA/URO/LA_news_onb_att.pb:de.uros.citlab.segmentation.CITlab_LA_ML:v=2.4.2
Transkribus</Creator>
        <Created>2019-10-07T20:31:57.001+02:00</Created>
        <LastChange>2019-10-09T06:54:32.554+02:00</LastChange>
        <TranskribusMetadata docId="224441" pageId="9575266" pageNr="85" tsid="16624612" status="IN_PROGRESS" userId="40391" imgUrl="https://files.transkribus.eu/Get?id=XFAYFUSBJVBCZNMMMCNSDVSP&amp;fileType=view" xmlUrl="https://files.transkribus.eu/Get?id=VRJFAWVCAVNLXKTRXHRAYTQP" imageId="6206987"/>
    </Metadata>
    <Page imageFilename="224441_0085.jpeg" imageWidth="3392" imageHeight="4352">
        <ReadingOrder>
            <OrderedGroup id="ro_1711442523229" caption="Regions reading order">
                <RegionRefIndexed index="0" regionRef="r1"/>
                <RegionRefIndexed index="1" regionRef="r2"/>
            </OrderedGroup>
        </ReadingOrder>
        <TextRegion orientation="0.0" id="r1" custom="readingOrder {index:0;}">
            <Coords points="219,339 219,3877 1716,3877 1716,339"/>
            <TextLine id="r1l1" custom="readingOrder {index:0;}">
                <Coords points="1289,362 1323,378 1429,380 1494,356 1530,387 1562,373 1583,389 1648,374 1661,387 1691,372 1722,380 1724,310 1542,305 1500,339 1417,308 1290,292"/>
                <Baseline points="1296,361 1322,361 1348,361 1374,361 1401,361 1427,362 1453,363 1479,364 1506,365 1532,365 1558,366 1584,367 1611,367 1637,367 1663,367 1689,366 1716,366"/>
                <TextEquiv>
                    <Unicode>box 40//2</Unicode>
                </TextEquiv>
            </TextLine>
            <TextLine id="r1l2" custom="readingOrder {index:1;}">
                <Coords points="211,379 289,403 1124,392 1124,323 1037,308 995,330 870,300 716,328 637,299 211,304"/>
                <Baseline points="219,378 263,379 308,379 353,379 398,379 443,379 488,379 532,379 577,379 622,379 667,379 712,379 757,379 802,379 846,379 891,379 936,380 981,380 1026,380 1071,381 1116,381"/>
                <TextEquiv>
                    <Unicode>Grillnarzer-Preis</Unicode>
                </TextEquiv>
            </TextLine>
            <TextLine id="r1l3" custom="readingOrder {index:2;}">
                <Coords points="1054,643 1371,646 1372,565 1269,559 1213,566 1186,585 1120,568 1055,588"/>
                <Baseline points="1062,619 1087,618 1112,618 1137,617 1162,617 1187,618 1213,618 1238,618 1263,619 1288,620 1313,621 1338,622 1364,623"/>
                <TextEquiv>
                    <Unicode>Telephon 12.801.</Unicode>
                </TextEquiv>
            </TextLine>
            <TextLine id="r1l4" custom="readingOrder {index:3;}">
                <Coords points="521,784 1093,776 1147,796 1217,771 1216,724 1136,707 1048,761 939,759 801,717 782,734 731,716 664,755 520,739"/>
                <Baseline points="527,774 561,773 595,772 629,772 663,771 697,771 731,771 765,771 799,771 833,771 868,771 902,770 936,770 970,770 1004,770 1038,770 1072,769 1106,768 1140,768 1174,767 1209,766"/>
                <TextEquiv>
                    <Unicode>„UDSLMTER</Unicode>
                </TextEquiv>
            </TextLine>
            <TextLine id="r1l5" custom="readingOrder {index:4;}">
                <Coords points="348,818 469,855 1439,832 1367,780 348,791"/>
                <Baseline points="356,824 409,824 463,824 517,825 571,825 625,825 678,825 732,825 786,825 840,824 894,824 947,824 1001,824 1055,823 1109,823 1163,822 1216,822 1270,822 1324,821 1378,821 1432,820"/>
                <TextEquiv>
                    <Unicode>I. österr. behördl. konz. Unternehmen für Zeitungs-Ausschultte</Unicode>
                </TextEquiv>
            </TextLine>
            <TextLine id="r1l6" custom="readingOrder {index:5;}">
                <Coords points="541,882 1174,904 1267,882 1267,855 1129,830 934,849 810,833 777,858 646,830 540,841"/>
                <Baseline points="548,879 583,879 619,880 654,881 690,881 726,881 761,881 797,881 832,880 868,880 904,879 939,879 975,879 1010,878 1046,878 1082,877 1117,877 1153,877 1188,877 1224,878 1260,878"/>
                <TextEquiv>
                    <Unicode>Wien, I., Concordiaplatz 4.</Unicode>
                </TextEquiv>
            </TextLine>
            <TextLine id="r1l7" custom="readingOrder {index:6;}">
                <Coords points="741,931 832,949 888,934 965,952 995,936 1018,946 1062,925 1062,902 1017,893 888,900 856,891 827,904 786,890 742,900"/>
                <Baseline points="749,927 774,927 800,928 825,928 851,928 876,929 902,929 927,929 953,929 978,929 1004,929 1029,928 1055,927"/>
                <TextEquiv>
                    <Unicode>Vertretungen</Unicode>
                </TextEquiv>
            </TextLine>
            <TextLine id="r1l8" custom="readingOrder {index:7;}">
                <Coords points="342,994 1454,986 1454,943 1352,923 659,960 342,935"/>
                <Baseline points="349,977 403,977 458,978 513,978 568,978 623,978 678,978 732,978 787,977 842,977 897,977 952,977 1007,977 1062,977 1116,977 1171,977 1226,977 1281,977 1336,978 1391,979 1446,980"/>
                <TextEquiv>
                    <Unicode>in Berlin, Basel, Budapest, Chicago, Cleveland, Christiania,</Unicode>
                </TextEquiv>
            </TextLine>
            <TextLine id="r1l9" custom="readingOrder {index:8;}">
                <Coords points="348,1015 1440,1016 1389,981 1223,976 348,985"/>
                <Baseline points="355,1015 408,1018 462,1019 516,1020 570,1020 624,1021 678,1020 732,1020 786,1019 840,1019 894,1018 947,1017 1001,1016 1055,1015 1109,1015 1163,1014 1217,1014 1271,1014 1325,1015 1379,1016 1433,1017"/>
                <TextEquiv>
                    <Unicode>Gent, Kopenhagen, London, Madrid, Mailand, Minneapolis,</Unicode>
                </TextEquiv>
            </TextLine>
            <TextLine id="r1l10" custom="readingOrder {index:9;}">
                <Coords points="344,1066 1447,1057 1426,1024 1318,1019 344,1030"/>
                <Baseline points="351,1055 405,1055 459,1055 514,1055 568,1055 623,1055 677,1055 732,1055 786,1055 841,1056 895,1055 949,1055 1004,1055 1058,1055 1113,1055 1167,1054 1222,1054 1276,1053 1331,1052 1385,1051 1440,1050"/>
                <TextEquiv>
                    <Unicode>New-Vork, Paris, Rom, San Francisco, Stockholm, St. Peters¬</Unicode>
                </TextEquiv>
            </TextLine>
            <TextLine id="r1l11" custom="readingOrder {index:10;}">
                <Coords points="754,1103 850,1114 903,1096 962,1114 997,1098 1051,1108 1051,1065 913,1071 880,1056 853,1071 812,1059 790,1072 774,1062 754,1069"/>
                <Baseline points="762,1091 787,1093 813,1095 838,1095 864,1096 890,1095 915,1095 941,1094 967,1093 992,1093 1018,1093 1044,1093"/>
                <TextEquiv>
                    <Unicode>burg, Toronto.</Unicode>
                </TextEquiv>
            </TextLine>
            <TextLine id="r1l12" custom="readingOrder {index:11;}">
                <Coords points="674,1151 779,1159 902,1135 1112,1147 1112,1116 1026,1114 996,1098 967,1114 744,1099 674,1110"/>
                <Baseline points="681,1135 707,1134 734,1134 760,1134 787,1133 813,1133 840,1133 866,1133 893,1132 919,1132 946,1132 972,1132 999,1131 1025,1131 1052,1131 1078,1131 1105,1131"/>
                <TextEquiv>
                    <Unicode>(Quellenangabe ohne Gewähr.</Unicode>
                </TextEquiv>
            </TextLine>
            <TextLine id="r1l13" custom="readingOrder {index:12;}">
                <Coords points="351,1218 1117,1260 1401,1241 1402,1206 1259,1181 352,1185"/>
                <Baseline points="358,1213 409,1214 461,1214 513,1215 565,1216 617,1217 668,1218 720,1220 772,1222 824,1223 876,1225 927,1227 979,1229 1031,1231 1083,1233 1135,1234 1186,1236 1238,1237 1290,1238 1342,1239 1394,1239"/>
                <TextEquiv>
                    <Unicode>Ausschnitt Wiener Mittheilungen Wien.</Unicode>
                </TextEquiv>
            </TextLine>
            <TextLine id="r1l14" custom="readingOrder {index:13;}">
                <Coords points="350,1305 372,1307 386,1322 397,1315 421,1321 434,1313 452,1324 464,1317 488,1323 517,1304 529,1309 529,1281 508,1281 494,1270 487,1274 464,1265 435,1279 394,1252 371,1264 351,1259"/>
                <Baseline points="356,1307 383,1305 411,1305 439,1306 466,1308 494,1309 522,1309"/>
                <TextEquiv>
                    <Unicode>vom:</Unicode>
                </TextEquiv>
            </TextLine>
            <TextLine id="r1l15" custom="readingOrder {index:14;}">
                <Coords points="641,1293 694,1319 853,1322 881,1357 931,1361 940,1296 861,1264 817,1255 803,1264 782,1250 749,1259 733,1245 696,1256 647,1252"/>
                <Baseline points="649,1294 674,1299 699,1304 724,1308 750,1311 775,1315 800,1318 825,1321 851,1324 876,1327 901,1331 927,1335"/>
                <TextEquiv>
                    <Unicode>F à1908</Unicode>
                </TextEquiv>
            </TextLine>
            <TextLine id="r1l16" custom="readingOrder {index:15;}">
                <Coords points="540,1361 547,1360 557,1366 573,1358 588,1365 594,1361 610,1364 628,1361 627,1301 618,1301 594,1316 580,1311 574,1317 558,1310 538,1309"/>
                <Baseline points="546,1336 583,1336 620,1334"/>
                <TextEquiv>
                    <Unicode></Unicode>
                </TextEquiv>
            </TextLine>
            <TextLine id="r1l17" custom="readingOrder {index:16;}">
                <Coords points="516,1570 1172,1602 1223,1568 1044,1560 987,1535 846,1562 781,1537 517,1538"/>
                <Baseline points="523,1564 557,1565 592,1567 626,1568 661,1570 696,1571 730,1573 765,1574 799,1575 834,1576 869,1578 903,1579 938,1580 972,1581 1007,1582 1042,1583 1076,1584 1111,1585 1145,1585 1180,1586 1215,1587"/>
                <TextEquiv>
                    <Unicode>Grillparzer-Preis 1908. Über die er¬</Unicode>
                </TextEquiv>
            </TextLine>
            <TextLine id="r1l18" custom="readingOrder {index:17;}">
                <Coords points="481,1603 547,1625 1201,1642 1225,1606 482,1574"/>
                <Baseline points="488,1601 524,1603 561,1604 597,1606 634,1607 670,1608 707,1611 743,1612 780,1613 816,1614 853,1615 889,1617 926,1618 962,1619 999,1620 1035,1621 1072,1622 1108,1623 1145,1624 1181,1624 1218,1625"/>
                <TextEquiv>
                    <Unicode>folgte Zuerkennung des Grillparzer-Preises</Unicode>
                </TextEquiv>
            </TextLine>
            <TextLine id="r1l19" custom="readingOrder {index:18;}">
                <Coords points="476,1645 977,1672 1049,1654 1157,1678 1228,1667 1229,1639 645,1612 558,1631 477,1601"/>
                <Baseline points="484,1641 520,1642 557,1644 594,1645 631,1647 668,1649 704,1650 741,1651 778,1652 815,1654 852,1655 888,1656 925,1657 962,1658 999,1660 1036,1661 1072,1662 1109,1663 1146,1663 1183,1664 1220,1664"/>
                <TextEquiv>
                    <Unicode>an Artur Schnitzler wurde auf amt¬</Unicode>
                </TextEquiv>
            </TextLine>
            <TextLine id="r1l20" custom="readingOrder {index:19;}">
                <Coords points="465,1691 1232,1717 1234,1665 947,1676 693,1639 601,1661 467,1643"/>
                <Baseline points="472,1679 509,1680 547,1681 585,1682 622,1683 660,1685 698,1686 735,1687 773,1688 811,1690 849,1691 886,1693 924,1694 962,1696 999,1698 1037,1699 1075,1701 1112,1702 1150,1704 1188,1705 1226,1707"/>
                <TextEquiv>
                    <Unicode>lichem Wege lolgeiteanzeigeveröffentlicht:</Unicode>
                </TextEquiv>
            </TextLine>
            <TextLine id="r1l21" custom="readingOrder {index:20;}">
                <Coords points="483,1714 1098,1754 1231,1746 1232,1716 483,1695"/>
                <Baseline points="490,1719 526,1721 563,1722 600,1723 636,1725 673,1726 710,1727 746,1728 783,1730 820,1731 857,1732 893,1733 930,1735 967,1735 1003,1737 1040,1737 1077,1738 1113,1740 1150,1741 1187,1742 1224,1743"/>
                <TextEquiv>
                    <Unicode>„Das stalutenmäßig eingesetzte Breisgericht,</Unicode>
                </TextEquiv>
            </TextLine>
            <TextLine id="r1l22" custom="readingOrder {index:21;}">
                <Coords points="479,1752 857,1787 916,1771 942,1796 970,1775 1222,1786 1223,1761 1185,1750 545,1735 481,1711"/>
                <Baseline points="486,1756 522,1758 558,1759 595,1761 631,1762 668,1764 704,1766 741,1767 777,1768 814,1769 850,1771 886,1771 923,1773 959,1774 996,1775 1032,1776 1069,1777 1105,1779 1142,1780 1178,1781 1215,1782"/>
                <TextEquiv>
                    <Unicode>bestehend aus den Herren Hofrat Dr. Tukol)</Unicode>
                </TextEquiv>
            </TextLine>
            <TextLine id="r1l23" custom="readingOrder {index:22;}">
                <Coords points="478,1805 1128,1835 1225,1808 1177,1786 853,1792 480,1754"/>
                <Baseline points="486,1794 522,1796 559,1797 595,1799 632,1801 669,1802 705,1804 742,1805 778,1806 815,1808 852,1809 888,1810 925,1811 961,1813 998,1814 1035,1815 1071,1817 1108,1818 1144,1819 1181,1820 1218,1822"/>
                <TextEquiv>
                    <Unicode>Minor, Hofrat Dr. Max Burckburd,</Unicode>
                </TextEquiv>
            </TextLine>
            <TextLine id="r1l24" custom="readingOrder {index:23;}">
                <Coords points="484,1837 1227,1859 1211,1826 890,1835 831,1812 486,1799"/>
                <Baseline points="492,1831 528,1833 564,1835 601,1837 637,1839 674,1840 710,1841 746,1842 783,1844 819,1845 856,1846 892,1847 928,1849 965,1850 1001,1850 1038,1852 1074,1853 1110,1854 1147,1856 1183,1857 1220,1859"/>
                <TextEquiv>
                    <Unicode>Dr. Paul Schlenther, Ludwig Hevesi</Unicode>
                </TextEquiv>
            </TextLine>
            <TextLine id="r1l25" custom="readingOrder {index:24;}">
                <Coords points="472,1869 1170,1909 1227,1886 1228,1862 715,1859 473,1831"/>
                <Baseline points="480,1871 517,1872 554,1874 591,1875 628,1877 665,1878 702,1879 739,1881 776,1882 813,1883 850,1885 887,1886 924,1887 961,1888 998,1889 1035,1890 1072,1891 1109,1892 1146,1893 1183,1894 1220,1895"/>
                <TextEquiv>
                    <Unicode>und Professor Dr. Erich Schmidt in</Unicode>
                </TextEquiv>
            </TextLine>
            <TextLine id="r1l26" custom="readingOrder {index:25;}">
                <Coords points="475,1918 1218,1934 1195,1906 1092,1893 780,1900 476,1871"/>
                <Baseline points="482,1911 518,1912 554,1913 591,1915 627,1916 664,1917 700,1918 737,1919 773,1920 810,1921 846,1922 882,1923 919,1924 955,1925 992,1926 1028,1927 1065,1928 1101,1930 1138,1932 1174,1934 1211,1936"/>
                <TextEquiv>
                    <Unicode>Berlin, hat den am 15. Jänner d. J. zum</Unicode>
                </TextEquiv>
            </TextLine>
            <TextLine id="r1l27" custom="readingOrder {index:26;}">
                <Coords points="471,1968 1098,1971 1221,1998 1222,1946 1139,1935 472,1925"/>
                <Baseline points="478,1948 514,1950 551,1952 588,1953 625,1954 662,1955 698,1956 735,1957 772,1959 809,1960 846,1961 882,1962 919,1962 956,1963 993,1964 1030,1965 1066,1966 1103,1967 1140,1968 1177,1969 1214,1971"/>
                <TextEquiv>
                    <Unicode>neunten Mal zur Verteilung bestimmten,</Unicode>
                </TextEquiv>
            </TextLine>
            <TextLine id="r1l28" custom="readingOrder {index:27;}">
                <Coords points="469,2004 777,2014 893,1991 1163,2023 1217,1999 1218,1972 1060,1988 470,1957"/>
                <Baseline points="476,1985 512,1986 549,1988 585,1989 622,1991 659,1992 695,1994 732,1995 769,1996 805,1997 842,1998 879,2000 915,2001 952,2002 989,2003 1025,2004 1062,2005 1099,2006 1135,2008 1172,2009 1209,2010"/>
                <TextEquiv>
                    <Unicode>von Franz Grillparzer für das relativ</Unicode>
                </TextEquiv>
            </TextLine>
            <TextLine id="r1l29" custom="readingOrder {index:28;}">
                <Coords points="477,2031 1219,2058 1218,1997 1164,2022 1002,2021 479,1989"/>
                <Baseline points="485,2024 521,2025 557,2027 594,2029 630,2029 666,2031 703,2032 739,2033 775,2034 812,2036 848,2037 884,2038 921,2038 957,2039 993,2041 1030,2041 1066,2042 1102,2043 1139,2045 1175,2046 1212,2047"/>
                <TextEquiv>
                    <Unicode>beste deutsche dramatische Werk, welches 5</Unicode>
                </TextEquiv>
            </TextLine>
            <TextLine id="r1l30" custom="readingOrder {index:29;}">
                <Coords points="470,2069 1118,2098 1215,2085 1216,2049 471,2030"/>
                <Baseline points="478,2062 514,2063 550,2065 587,2067 623,2068 660,2069 696,2071 733,2072 769,2073 806,2074 842,2075 878,2076 915,2077 951,2078 988,2079 1024,2080 1061,2080 1097,2081 1134,2082 1170,2083 1207,2084"/>
                <TextEquiv>
                    <Unicode>im Laufe des letzten Trienniums auf einer</Unicode>
                </TextEquiv>
            </TextLine>
            <TextLine id="r1l31" custom="readingOrder {index:30;}">
                <Coords points="478,2112 1207,2125 1208,2078 1159,2101 479,2081"/>
                <Baseline points="485,2102 520,2103 556,2104 592,2105 628,2106 663,2107 699,2108 735,2108 771,2110 806,2111 842,2112 878,2113 914,2114 949,2116 985,2117 1021,2119 1057,2121 1092,2122 1128,2124 1164,2126 1200,2129"/>
                <TextEquiv>
                    <Unicode>namhaften deutschen Bühne zur Aufführung</Unicode>
                </TextEquiv>
            </TextLine>
            <TextLine id="r1l32" custom="readingOrder {index:31;}">
                <Coords points="470,2161 668,2143 822,2168 1122,2155 1166,2176 1208,2158 1202,2124 472,2115"/>
                <Baseline points="478,2141 514,2142 550,2143 586,2144 622,2145 658,2146 694,2147 731,2148 767,2150 803,2151 839,2152 875,2153 911,2154 947,2156 984,2157 1020,2158 1056,2159 1092,2160 1128,2162 1164,2163 1201,2164"/>
                <TextEquiv>
                    <Unicode>gelangt ist und nicht schon von einer an¬</Unicode>
                </TextEquiv>
            </TextLine>
            <TextLine id="r1l33" custom="readingOrder {index:32;}">
                <Coords points="466,2177 1203,2211 1215,2153 1148,2178 467,2147"/>
                <Baseline points="474,2177 510,2178 547,2180 583,2181 620,2182 657,2183 693,2184 730,2186 767,2187 803,2188 840,2189 877,2190 913,2191 950,2192 987,2193 1023,2194 1060,2195 1097,2196 1133,2196 1170,2197 1207,2198"/>
                <TextEquiv>
                    <Unicode>deren Seite durch einen Preis ausgezeichnet</Unicode>
                </TextEquiv>
            </TextLine>
            <TextLine id="r1l34" custom="readingOrder {index:33;}">
                <Coords points="470,2221 1217,2259 1211,2208 472,2185"/>
                <Baseline points="478,2215 514,2217 551,2218 587,2219 624,2221 661,2222 697,2223 734,2224 770,2225 807,2226 844,2227 880,2228 917,2229 953,2231 990,2232 1027,2234 1063,2236 1100,2238 1136,2240 1173,2243 1210,2246"/>
                <TextEquiv>
                    <Unicode>worden ist“, gestifteten Preis im Betragegg</Unicode>
                </TextEquiv>
            </TextLine>
            <TextLine id="r1l35" custom="readingOrder {index:34;}">
                <Coords points="469,2253 635,2281 766,2263 1202,2288 1203,2255 1141,2242 470,2228"/>
                <Baseline points="477,2254 514,2254 552,2255 590,2257 628,2258 666,2259 704,2261 741,2262 779,2264 817,2265 855,2267 893,2268 931,2269 968,2271 1006,2272 1044,2273 1082,2274 1120,2275 1158,2275 1196,2275"/>
                <TextEquiv>
                    <Unicode>von 5000 K dem Diehter Astur Seimitzier</Unicode>
                </TextEquiv>
            </TextLine>
            <TextLine id="r1l36" custom="readingOrder {index:35;}">
                <Coords points="463,2290 1050,2327 1204,2312 1204,2289 1117,2277 464,2257"/>
                <Baseline points="470,2289 506,2291 542,2293 578,2295 615,2297 651,2299 687,2300 724,2301 760,2302 796,2303 833,2305 869,2305 905,2306 941,2307 978,2307 1014,2308 1050,2308 1087,2308 1123,2308 1159,2308 1196,2307"/>
                <TextEquiv>
                    <Unicode>in Wien für sein Drama: Zwischen¬</Unicode>
                </TextEquiv>
            </TextLine>
            <TextLine id="r1l37" custom="readingOrder {index:36;}">
                <Coords points="455,2326 780,2356 1172,2363 1213,2342 1119,2315 778,2323 456,2290"/>
                <Baseline points="462,2331 499,2332 536,2333 573,2334 610,2335 648,2336 685,2337 722,2338 759,2340 796,2341 834,2341 871,2343 908,2343 945,2344 982,2345 1020,2346 1057,2347 1094,2347 1131,2348 1168,2349 1206,2349"/>
                <TextEquiv>
                    <Unicode>Ispiel“ einstimmig zuerkannt. Die philo¬</Unicode>
                </TextEquiv>
            </TextLine>
            <TextLine id="r1l38" custom="readingOrder {index:37;}">
                <Coords points="459,2377 1215,2402 1228,2341 1160,2368 460,2346"/>
                <Baseline points="466,2368 503,2369 541,2371 578,2372 616,2373 654,2375 691,2375 729,2377 767,2378 804,2379 842,2380 880,2380 917,2381 955,2382 993,2383 1030,2384 1068,2385 1106,2386 1143,2387 1181,2387 1219,2389"/>
                <TextEquiv>
                    <Unicode>sophisch-historische Klasse der kaiserlichen“</Unicode>
                </TextEquiv>
            </TextLine>
            <TextLine id="r1l39" custom="readingOrder {index:38;}">
                <Coords points="457,2421 649,2432 751,2411 1157,2439 1198,2420 1199,2391 458,2390"/>
                <Baseline points="464,2406 500,2407 536,2409 573,2410 609,2411 645,2412 682,2413 718,2414 754,2415 791,2417 827,2418 863,2419 900,2420 936,2421 972,2422 1009,2424 1045,2425 1081,2426 1118,2428 1154,2429 1191,2430"/>
                <TextEquiv>
                    <Unicode>Nkademie der Wissenschaften, welcher</Unicode>
                </TextEquiv>
            </TextLine>
            <TextLine id="r1l40" custom="readingOrder {index:39;}">
                <Coords points="445,2461 816,2452 1127,2478 1208,2472 1210,2415 1075,2442 447,2407"/>
                <Baseline points="453,2444 490,2445 527,2446 565,2446 602,2448 639,2449 677,2450 714,2451 751,2452 789,2454 826,2455 863,2457 901,2458 938,2459 975,2461 1013,2462 1050,2464 1087,2465 1125,2467 1162,2468 1200,2469"/>
                <TextEquiv>
                    <Unicode>Idurch den Stiftbrief die Verwaltung des!</Unicode>
                </TextEquiv>
            </TextLine>
            <TextLine id="r1l41" custom="readingOrder {index:40;}">
                <Coords points="454,2480 1154,2518 1199,2498 1200,2468 455,2460"/>
                <Baseline points="461,2481 497,2482 534,2483 570,2484 607,2486 643,2487 680,2488 716,2489 753,2491 789,2492 826,2493 863,2494 899,2496 936,2497 972,2498 1009,2499 1045,2500 1082,2501 1118,2502 1155,2503 1192,2504"/>
                <TextEquiv>
                    <Unicode>Stiftungsfonds übertragen ist, hat daher am</Unicode>
                </TextEquiv>
            </TextLine>
            <TextLine id="r1l42" custom="readingOrder {index:41;}">
                <Coords points="440,2539 614,2520 679,2545 988,2533 1187,2562 1189,2502 1131,2522 442,2482"/>
                <Baseline points="448,2518 484,2521 521,2523 557,2525 594,2526 631,2528 667,2529 704,2530 741,2531 777,2532 814,2533 851,2534 887,2535 924,2536 961,2536 997,2537 1034,2538 1071,2539 1107,2540 1144,2541 1181,2542"/>
                <TextEquiv>
                    <Unicode>Theutigen Tage obige Summe flüssig ge¬</Unicode>
                </TextEquiv>
            </TextLine>
            <TextLine id="r1l43" custom="readingOrder {index:42;}">
                <Coords points="451,2550 511,2577 579,2559 1198,2601 1200,2548 451,2536"/>
                <Baseline points="458,2557 494,2558 531,2560 568,2561 604,2562 641,2564 678,2565 714,2566 751,2567 788,2569 825,2570 861,2571 898,2572 935,2574 971,2575 1008,2577 1045,2578 1081,2580 1118,2582 1155,2584 1192,2585"/>
                <TextEquiv>
                    <Unicode>macht und dem genannten Dichter zur</Unicode>
                </TextEquiv>
            </TextLine>
            <TextLine id="r1l44" custom="readingOrder {index:43;}">
                <Coords points="457,2596 542,2617 1196,2627 1197,2597 1153,2588 458,2567"/>
                <Baseline points="464,2596 500,2597 536,2598 572,2599 609,2601 645,2602 681,2604 717,2605 754,2606 790,2608 826,2609 862,2610 899,2611 935,2612 971,2614 1007,2614 1044,2615 1080,2616 1116,2617 1152,2617 1189,2618"/>
                <TextEquiv>
                    <Unicode>Verfügung gestellt. Wien, am 116. Geburts-</Unicode>
                </TextEquiv>
            </TextLine>
            <TextLine id="r1l45" custom="readingOrder {index:44;}">
                <Coords points="440,2644 541,2631 629,2656 1124,2672 1163,2663 1164,2631 441,2612"/>
                <Baseline points="448,2638 483,2639 518,2640 554,2641 589,2642 625,2643 660,2644 695,2645 731,2646 766,2647 802,2648 837,2648 872,2650 908,2650 943,2651 979,2651 1014,2652 1049,2652 1085,2652 1120,2652 1156,2652"/>
                <TextEquiv>
                    <Unicode>tage Grillparzers, den 15. Jänner 1908.</Unicode>
                </TextEquiv>
            </TextLine>
            <TextLine id="r1l46" custom="readingOrder {index:45;}">
                <Coords points="1216,2676 1262,2694 1590,2699 1605,2696 1607,2628 1526,2632 1498,2617 1463,2637 1340,2623 1217,2630"/>
                <Baseline points="1224,2664 1250,2665 1277,2665 1304,2665 1330,2666 1357,2666 1384,2666 1411,2666 1437,2667 1464,2667 1491,2668 1517,2669 1544,2669 1571,2670 1598,2671"/>
                <TextEquiv>
                    <Unicode>Telephon 12801.</Unicode>
                </TextEquiv>
            </TextLine>
            <TextLine id="r1l47" custom="readingOrder {index:46;}">
                <Coords points="633,2870 1546,2879 1547,2811 1516,2797 1188,2844 1059,2786 911,2782 799,2829 740,2779 635,2792"/>
                <Baseline points="641,2838 685,2841 730,2844 775,2847 820,2850 865,2851 910,2854 955,2855 1000,2857 1045,2858 1090,2860 1134,2860 1179,2861 1224,2861 1269,2861 1314,2861 1359,2861 1404,2860 1449,2858 1494,2857 1539,2855"/>
                <TextEquiv>
                    <Unicode>HEN</Unicode>
                </TextEquiv>
            </TextLine>
            <TextLine id="r1l48" custom="readingOrder {index:47;}">
                <Coords points="465,2868 473,2868 492,2880 501,2874 524,2875 532,2870 541,2870 539,2832 509,2834 499,2837 480,2851 464,2853"/>
                <Baseline points="471,2869 502,2869 533,2867"/>
                <TextEquiv>
                    <Unicode>90</Unicode>
                </TextEquiv>
            </TextLine>
            <TextLine id="r1l49" custom="readingOrder {index:48;}">
                <Coords points="470,2911 1615,2923 1554,2881 471,2877"/>
                <Baseline points="478,2906 534,2906 590,2907 647,2908 703,2908 760,2909 816,2910 873,2911 929,2912 986,2913 1042,2914 1098,2916 1155,2917 1211,2918 1268,2919 1324,2920 1381,2921 1437,2922 1494,2923 1550,2924 1607,2925"/>
                <TextEquiv>
                    <Unicode>O l. österr. behördl. konz. Unternehmen für Zeitungs-Ausschnitte</Unicode>
                </TextEquiv>
            </TextLine>
            <TextLine id="r1l50" custom="readingOrder {index:49;}">
                <Coords points="474,2952 486,2951 494,2955 499,2951 504,2953 510,2950 514,2953 523,2953 528,2959 541,2958 543,2920 534,2919 524,2910 519,2913 497,2912 488,2919 486,2916 476,2916"/>
                <Baseline points="481,2948 507,2947 534,2950"/>
                <TextEquiv>
                    <Unicode>60</Unicode>
                </TextEquiv>
            </TextLine>
            <TextLine id="r1l51" custom="readingOrder {index:50;}">
                <Coords points="637,2973 768,3014 836,2992 925,3016 979,2991 1506,3006 1507,2949 1463,2935 1056,2948 959,2925 820,2957 741,2921 638,2928"/>
                <Baseline points="644,2979 686,2981 729,2983 772,2984 815,2985 857,2986 900,2987 943,2987 986,2988 1028,2988 1071,2988 1114,2989 1157,2989 1199,2990 1242,2990 1285,2991 1328,2992 1370,2993 1413,2995 1456,2997 1499,3000"/>
                <TextEquiv>
                    <Unicode>Wien, I., Concordiaplatz 4.</Unicode>
                </TextEquiv>
            </TextLine>
            <TextLine id="r1l52" custom="readingOrder {index:51;}">
                <Coords points="862,3047 1032,3063 1091,3055 1114,3067 1135,3056 1250,3063 1276,3046 1276,3022 1238,3010 1100,3027 979,3011 935,3025 897,3005 863,3007"/>
                <Baseline points="869,3040 894,3042 919,3044 944,3045 969,3047 994,3047 1019,3048 1044,3048 1069,3049 1094,3050 1119,3050 1144,3050 1169,3050 1194,3050 1219,3050 1244,3050 1269,3050"/>
                <TextEquiv>
                    <Unicode>Vertretungen</Unicode>
                </TextEquiv>
            </TextLine>
            <TextLine id="r1l53" custom="readingOrder {index:52;}">
                <Coords points="500,3097 1606,3108 1373,3055 500,3051"/>
                <Baseline points="507,3086 561,3087 616,3089 670,3090 725,3091 780,3092 834,3093 889,3094 943,3096 998,3096 1053,3097 1107,3098 1162,3099 1216,3100 1271,3100 1326,3101 1380,3101 1435,3102 1489,3102 1544,3102 1599,3102"/>
                <TextEquiv>
                    <Unicode>D in Berlin, Budapest, Chicago, Christiania, Genf, Kopen¬</Unicode>
                </TextEquiv>
            </TextLine>
            <TextLine id="r1l54" custom="readingOrder {index:53;}">
                <Coords points="449,3142 1597,3165 1598,3106 449,3103"/>
                <Baseline points="456,3131 512,3130 569,3130 626,3130 682,3130 739,3131 796,3131 852,3132 909,3133 966,3134 1023,3135 1079,3136 1136,3137 1193,3138 1249,3139 1306,3140 1363,3141 1419,3141 1476,3141 1533,3141 1590,3140"/>
                <TextEquiv>
                    <Unicode> hagen, London, Madrid, Mailand, Minneapolis, New-Vork,</Unicode>
                </TextEquiv>
            </TextLine>
            <TextLine id="r1l55" custom="readingOrder {index:54;}">
                <Coords points="559,3175 1519,3201 1584,3165 560,3134"/>
                <Baseline points="566,3164 616,3166 667,3167 717,3168 768,3169 818,3170 869,3171 919,3171 970,3172 1020,3172 1071,3173 1121,3174 1172,3174 1222,3175 1273,3176 1323,3177 1374,3179 1424,3180 1475,3183 1525,3185 1576,3188"/>
                <TextEquiv>
                    <Unicode>Paris, Rom, San Francisco, Stockholm, St. Petersburg.</Unicode>
                </TextEquiv>
            </TextLine>
            <TextLine id="r1l56" custom="readingOrder {index:55;}">
                <Coords points="876,3231 946,3210 996,3224 1047,3210 1091,3235 1150,3220 1234,3236 1267,3230 1268,3192 1203,3180 1177,3191 877,3181"/>
                <Baseline points="884,3206 909,3206 934,3206 959,3207 984,3207 1009,3207 1034,3207 1059,3208 1084,3208 1109,3209 1134,3209 1159,3209 1184,3210 1209,3211 1234,3212 1260,3213"/>
                <TextEquiv>
                    <Unicode>(Onellenangabe ohne Gewähr.)</Unicode>
                </TextEquiv>
            </TextLine>
            <TextLine id="r1l57" custom="readingOrder {index:56;}">
                <Coords points="461,3289 679,3274 701,3290 802,3275 928,3287 928,3237 903,3231 602,3239 520,3211 461,3222"/>
                <Baseline points="469,3277 494,3274 519,3272 544,3270 569,3269 594,3268 619,3268 644,3268 669,3268 695,3269 720,3269 745,3270 770,3271 795,3271 820,3272 845,3272 870,3272 895,3272 921,3271"/>
                <TextEquiv>
                    <Unicode>4 Ausschnitt aus:</Unicode>
                </TextEquiv>
            </TextLine>
            <TextLine id="r1l58" custom="readingOrder {index:57;}">
                <Coords points="451,3329 459,3328 465,3333 486,3329 496,3334 522,3328 527,3333 535,3332 535,3287 524,3285 520,3288 503,3271 483,3287 476,3280 466,3285 461,3282 457,3286 450,3286"/>
                <Baseline points="457,3313 492,3308 528,3312"/>
                <TextEquiv>
                    <Unicode>55</Unicode>
                </TextEquiv>
            </TextLine>
            <TextLine id="r1l59" custom="readingOrder {index:58;}">
                <Coords points="695,3364 727,3354 748,3364 767,3347 799,3364 822,3350 941,3354 956,3345 955,3293 844,3288 827,3297 734,3294 693,3305"/>
                <Baseline points="702,3355 729,3355 757,3354 784,3353 812,3350 839,3349 867,3348 894,3348 922,3349 950,3353"/>
                <TextEquiv>
                    <Unicode>LFEB 1908.</Unicode>
                </TextEquiv>
            </TextLine>
            <TextLine id="r1l60" custom="readingOrder {index:59;}">
                <Coords points="445,3369 457,3366 481,3386 494,3381 511,3388 538,3375 616,3384 679,3378 679,3349 669,3351 655,3339 641,3350 592,3336 556,3343 522,3329 446,3340"/>
                <Baseline points="452,3373 479,3370 506,3370 534,3369 561,3370 588,3371 616,3372 643,3374 671,3376"/>
                <TextEquiv>
                    <Unicode>E vom:</Unicode>
                </TextEquiv>
            </TextLine>
            <TextLine id="r1l61" custom="readingOrder {index:60;}">
                <Coords points="884,3418 1490,3385 1648,3408 1671,3404 1670,3325 1527,3323 1474,3355 1374,3327 1153,3327 1120,3349 972,3327 884,3370"/>
                <Baseline points="891,3392 929,3390 968,3389 1006,3389 1045,3388 1084,3388 1122,3387 1161,3387 1199,3387 1238,3387 1277,3387 1315,3387 1354,3386 1392,3386 1431,3386 1470,3386 1508,3386 1547,3385 1585,3385 1624,3385 1663,3384"/>
                <TextEquiv>
                    <Unicode>Liierariseres Centrabian, Loipzig</Unicode>
                </TextEquiv>
            </TextLine>
            <TextLine id="r1l62" custom="readingOrder {index:61;}">
                <Coords points="966,3528 973,3527 998,3543 1048,3533 1070,3541 1087,3538 1106,3521 1129,3521 1129,3508 1116,3511 1081,3492 1063,3494 1054,3488 1036,3499 1000,3495 982,3487 965,3495"/>
                <Baseline points="973,3529 1002,3526 1032,3525 1062,3525 1092,3525 1122,3524"/>
                <TextEquiv>
                    <Unicode>Preise.</Unicode>
                </TextEquiv>
            </TextLine>
            <TextLine id="r1l63" custom="readingOrder {index:62;}">
                <Coords points="526,3606 1618,3563 1615,3492 1501,3528 523,3556"/>
                <Baseline points="532,3597 585,3594 639,3592 693,3591 747,3588 801,3586 855,3583 909,3581 963,3578 1017,3575 1071,3573 1124,3570 1178,3567 1232,3565 1286,3562 1340,3560 1394,3557 1448,3555 1502,3552 1556,3550 1610,3548"/>
                <TextEquiv>
                    <Unicode>* Der in diesem Jahre fällige Grillparzer=Preis (5000 Kronen) in</Unicode>
                </TextEquiv>
            </TextLine>
            <TextLine id="r1l64" custom="readingOrder {index:63;}">
                <Coords points="472,3667 1429,3617 1630,3560 469,3622"/>
                <Baseline points="478,3642 535,3638 592,3635 649,3632 707,3628 764,3626 821,3623 878,3621 936,3619 993,3617 1050,3615 1107,3613 1165,3610 1222,3608 1279,3605 1336,3602 1394,3600 1451,3596 1508,3592 1565,3588 1623,3582"/>
                <TextEquiv>
                    <Unicode>Wien wurde am 15. Januar dem Dramatiker Altur Scnigter für seine</Unicode>
                </TextEquiv>
            </TextLine>
            <TextLine id="r1l65" custom="readingOrder {index:64;}">
                <Coords points="477,3684 1543,3641 1614,3630 1612,3584 476,3665"/>
                <Baseline points="484,3681 540,3677 596,3673 652,3671 708,3668 764,3665 820,3661 877,3659 933,3656 989,3653 1045,3651 1101,3648 1157,3646 1213,3643 1270,3641 1326,3638 1382,3635 1438,3632 1494,3629 1550,3625 1607,3621"/>
                <TextEquiv>
                    <Unicode>Komödie „Zwischenspiel“ (vgl. 6. Jahrg. (1905, Nr. 23, Sp. 413 sg. d.</Unicode>
                </TextEquiv>
            </TextLine>
            <TextLine id="r1l66" custom="readingOrder {index:65;}">
                <Coords points="472,3720 1606,3676 1626,3641 470,3683"/>
                <Baseline points="480,3718 539,3715 599,3712 659,3708 719,3705 779,3702 839,3699 899,3696 959,3692 1019,3689 1079,3686 1139,3684 1199,3680 1259,3678 1319,3675 1379,3672 1439,3670 1499,3667 1559,3664 1619,3661"/>
                <TextEquiv>
                    <Unicode>Bl. zuerkannt, eine Entscheidung, die bei der Zusammensetzung des Preis¬</Unicode>
                </TextEquiv>
            </TextLine>
            <TextLine id="r1l67" custom="readingOrder {index:66;}">
                <Coords points="479,3764 1631,3705 1630,3676 1497,3669 478,3728"/>
                <Baseline points="486,3757 542,3753 599,3750 656,3747 713,3744 770,3741 827,3738 883,3735 940,3732 997,3729 1054,3726 1111,3724 1168,3720 1225,3718 1281,3715 1338,3713 1395,3710 1452,3707 1509,3705 1566,3702 1623,3699"/>
                <TextEquiv>
                    <Unicode>Trichter=Kollegiums zwar nicht allzu sehr zu verwundern ist, die sich aber</Unicode>
                </TextEquiv>
            </TextLine>
            <TextLine id="r1l68" custom="readingOrder {index:67;}">
                <Coords points="482,3799 1621,3756 1636,3711 480,3763"/>
                <Baseline points="489,3793 546,3790 603,3788 660,3785 717,3782 774,3780 831,3777 888,3774 945,3771 1002,3768 1060,3766 1117,3763 1174,3760 1231,3757 1288,3754 1345,3751 1402,3749 1459,3746 1516,3743 1573,3741 1631,3738"/>
                <TextEquiv>
                    <Unicode>im schroffsten Gegensatze zum Wert und Erfolge des Stückes, sowie zu</Unicode>
                </TextEquiv>
            </TextLine>
            <TextLine id="r1l69" custom="readingOrder {index:68;}">
                <Coords points="479,3845 1548,3781 1620,3806 1632,3757 476,3791"/>
                <Baseline points="485,3831 542,3828 599,3825 656,3823 713,3820 770,3817 827,3815 884,3813 941,3809 998,3807 1055,3804 1112,3801 1169,3799 1226,3797 1283,3794 1340,3791 1397,3788 1454,3785 1511,3781 1568,3778 1625,3774"/>
                <TextEquiv>
                    <Unicode>dem in allen unbefangenen titerarischen Kreisen darüber bestehenden</Unicode>
                </TextEquiv>
            </TextLine>
            <TextLine id="r1l70" custom="readingOrder {index:69;}">
                <Coords points="1456,3834 1473,3827 1486,3832 1505,3825 1531,3831 1542,3821 1561,3826 1576,3817 1595,3814 1594,3790 1580,3787 1563,3792 1547,3782 1532,3785 1520,3794 1495,3785 1474,3801 1455,3803"/>
                <Baseline points="1463,3817 1494,3818 1525,3817 1556,3816 1587,3815"/>
                <TextEquiv>
                    <Unicode>C. S.</Unicode>
                </TextEquiv>
            </TextLine>
            <TextLine id="r1l71" custom="readingOrder {index:70;}">
                <Coords points="486,3873 592,3883 621,3873 682,3878 696,3865 725,3871 736,3861 758,3867 756,3827 741,3835 723,3824 679,3834 623,3830 607,3844 582,3829 555,3841 516,3834 485,3847"/>
                <Baseline points="493,3867 518,3866 544,3865 570,3864 596,3863 622,3862 647,3861 673,3861 699,3860 725,3858 751,3857"/>
                <TextEquiv>
                    <Unicode>Urteile befindet.</Unicode>
                </TextEquiv>
            </TextLine>
            <TextEquiv>
                <Unicode>box 40//2
Grillnarzer-Preis
Telephon 12.801.
„UDSLMTER
I. österr. behördl. konz. Unternehmen für Zeitungs-Ausschultte
Wien, I., Concordiaplatz 4.
Vertretungen
in Berlin, Basel, Budapest, Chicago, Cleveland, Christiania,
Gent, Kopenhagen, London, Madrid, Mailand, Minneapolis,
New-Vork, Paris, Rom, San Francisco, Stockholm, St. Peters¬
burg, Toronto.
(Quellenangabe ohne Gewähr.
Ausschnitt Wiener Mittheilungen Wien.
vom:
F à1908

Grillparzer-Preis 1908. Über die er¬
folgte Zuerkennung des Grillparzer-Preises
an Artur Schnitzler wurde auf amt¬
lichem Wege lolgeiteanzeigeveröffentlicht:
„Das stalutenmäßig eingesetzte Breisgericht,
bestehend aus den Herren Hofrat Dr. Tukol)
Minor, Hofrat Dr. Max Burckburd,
Dr. Paul Schlenther, Ludwig Hevesi
und Professor Dr. Erich Schmidt in
Berlin, hat den am 15. Jänner d. J. zum
neunten Mal zur Verteilung bestimmten,
von Franz Grillparzer für das relativ
beste deutsche dramatische Werk, welches 5
im Laufe des letzten Trienniums auf einer
namhaften deutschen Bühne zur Aufführung
gelangt ist und nicht schon von einer an¬
deren Seite durch einen Preis ausgezeichnet
worden ist“, gestifteten Preis im Betragegg
von 5000 K dem Diehter Astur Seimitzier
in Wien für sein Drama: Zwischen¬
Ispiel“ einstimmig zuerkannt. Die philo¬
sophisch-historische Klasse der kaiserlichen“
Nkademie der Wissenschaften, welcher
Idurch den Stiftbrief die Verwaltung des!
Stiftungsfonds übertragen ist, hat daher am
Theutigen Tage obige Summe flüssig ge¬
macht und dem genannten Dichter zur
Verfügung gestellt. Wien, am 116. Geburts-
tage Grillparzers, den 15. Jänner 1908.
Telephon 12801.
HEN
90
O l. österr. behördl. konz. Unternehmen für Zeitungs-Ausschnitte
60
Wien, I., Concordiaplatz 4.
Vertretungen
D in Berlin, Budapest, Chicago, Christiania, Genf, Kopen¬
 hagen, London, Madrid, Mailand, Minneapolis, New-Vork,
Paris, Rom, San Francisco, Stockholm, St. Petersburg.
(Onellenangabe ohne Gewähr.)
4 Ausschnitt aus:
55
LFEB 1908.
E vom:
Liierariseres Centrabian, Loipzig
Preise.
* Der in diesem Jahre fällige Grillparzer=Preis (5000 Kronen) in
Wien wurde am 15. Januar dem Dramatiker Altur Scnigter für seine
Komödie „Zwischenspiel“ (vgl. 6. Jahrg. (1905, Nr. 23, Sp. 413 sg. d.
Bl. zuerkannt, eine Entscheidung, die bei der Zusammensetzung des Preis¬
Trichter=Kollegiums zwar nicht allzu sehr zu verwundern ist, die sich aber
im schroffsten Gegensatze zum Wert und Erfolge des Stückes, sowie zu
dem in allen unbefangenen titerarischen Kreisen darüber bestehenden
C. S.
Urteile befindet.</Unicode>
            </TextEquiv>
        </TextRegion>
        <TextRegion orientation="0.0" id="r2" custom="readingOrder {index:1;}">
            <Coords points="1868,242 1868,3334 2992,3334 2992,242"/>
            <TextLine id="r2l1" custom="readingOrder {index:0;}">
                <Coords points="2004,290 2046,284 2060,295 2067,289 2092,295 2119,292 2147,277 2185,276 2185,246 2166,246 2156,236 2139,240 2124,229 2099,243 2084,236 2057,236 2026,246 2004,245"/>
                <Baseline points="2012,266 2039,265 2067,266 2095,266 2122,266 2150,265 2178,264"/>
                <TextEquiv>
                    <Unicode>—.—</Unicode>
                </TextEquiv>
            </TextLine>
            <TextLine id="r2l2" custom="readingOrder {index:1;}">
                <Coords points="1872,1011 2244,1030 2256,971 2126,953 2097,964 2070,954 2052,965 1998,953 1964,962 1937,950 1912,968 1873,967"/>
                <Baseline points="1879,992 1905,992 1931,992 1958,993 1984,993 2010,994 2037,996 2063,997 2089,998 2116,999 2142,999 2168,1000 2195,1001 2221,1001 2248,1001"/>
                <TextEquiv>
                    <Unicode>Telephon 12801.</Unicode>
                </TextEquiv>
            </TextLine>
            <TextLine id="r2l3" custom="readingOrder {index:2;}">
                <Coords points="2695,1111 2705,1112 2719,1098 2751,1107 2764,1103 2787,1109 2807,1100 2827,1103 2826,1070 2815,1070 2804,1063 2797,1068 2773,1048 2751,1056 2747,1051 2728,1057 2713,1050 2694,1052"/>
                <Baseline points="2702,1096 2731,1093 2761,1092 2790,1092 2820,1094"/>
                <TextEquiv>
                    <Unicode>35</Unicode>
                </TextEquiv>
            </TextLine>
            <TextLine id="r2l4" custom="readingOrder {index:3;}">
                <Coords points="2072,1162 2526,1137 2720,1154 2760,1147 2760,1107 2718,1097 2678,1127 2579,1114 2552,1088 2529,1109 2482,1078 2425,1111 2337,1077 2306,1104 2263,1077 2188,1091 2153,1072 2072,1119"/>
                <Baseline points="2079,1145 2112,1142 2146,1140 2179,1138 2213,1136 2247,1135 2280,1134 2314,1134 2348,1133 2381,1134 2415,1134 2449,1134 2482,1135 2516,1136 2550,1137 2583,1138 2617,1139 2651,1140 2684,1141 2718,1142 2752,1143"/>
                <TextEquiv>
                    <Unicode>„UBSEAVEN</Unicode>
                </TextEquiv>
            </TextLine>
            <TextLine id="r2l5" custom="readingOrder {index:4;}">
                <Coords points="1874,1192 2031,1224 2984,1228 2935,1162 1874,1168"/>
                <Baseline points="1881,1192 1935,1193 1990,1194 2045,1195 2100,1196 2155,1197 2209,1198 2264,1200 2319,1201 2374,1202 2429,1203 2483,1204 2538,1205 2593,1206 2648,1206 2703,1207 2757,1208 2812,1208 2867,1209 2922,1209 2977,1209"/>
                <TextEquiv>
                    <Unicode> österr. behördl. konz. Unternehmen für Zeitungs-Aussohnitte</Unicode>
                </TextEquiv>
            </TextLine>
            <TextLine id="r2l6" custom="readingOrder {index:5;}">
                <Coords points="2072,1268 2261,1295 2326,1269 2738,1294 2807,1272 2808,1240 2073,1225"/>
                <Baseline points="2080,1264 2116,1265 2152,1267 2188,1268 2224,1269 2260,1270 2296,1271 2332,1271 2368,1272 2404,1272 2440,1272 2476,1272 2512,1273 2548,1273 2584,1273 2620,1273 2656,1273 2692,1273 2728,1273 2764,1273 2800,1273"/>
                <TextEquiv>
                    <Unicode>Wien, I., Conoordiaplatz 4.</Unicode>
                </TextEquiv>
            </TextLine>
            <TextLine id="r2l7" custom="readingOrder {index:6;}">
                <Coords points="2294,1315 2365,1345 2432,1333 2470,1344 2525,1332 2559,1346 2586,1333 2605,1337 2606,1302 2583,1300 2567,1284 2501,1299 2481,1288 2431,1297 2374,1283 2352,1293 2295,1292"/>
                <Baseline points="2301,1320 2328,1321 2355,1322 2382,1324 2409,1324 2436,1325 2463,1325 2490,1326 2517,1326 2544,1326 2571,1326 2598,1325"/>
                <TextEquiv>
                    <Unicode>Vertretungen</Unicode>
                </TextEquiv>
            </TextLine>
            <TextLine id="r2l8" custom="readingOrder {index:7;}">
                <Coords points="1878,1365 2991,1388 2955,1335 1879,1335"/>
                <Baseline points="1886,1361 1940,1363 1995,1364 2050,1366 2105,1368 2160,1369 2215,1370 2270,1371 2325,1372 2380,1373 2435,1373 2489,1374 2544,1374 2599,1374 2654,1375 2709,1375 2764,1375 2819,1375 2874,1375 2929,1374 2984,1374"/>
                <TextEquiv>
                    <Unicode>in Berlin, Budapest, Chicago, Christiania, Genf, Kopenhagen,</Unicode>
                </TextEquiv>
            </TextLine>
            <TextLine id="r2l9" custom="readingOrder {index:8;}">
                <Coords points="1884,1407 2976,1432 2999,1398 1885,1370"/>
                <Baseline points="1892,1400 1947,1402 2002,1404 2057,1405 2112,1407 2167,1408 2222,1409 2277,1409 2332,1410 2387,1410 2442,1411 2497,1411 2552,1411 2607,1411 2662,1412 2717,1412 2772,1412 2827,1413 2882,1414 2937,1415 2992,1416"/>
                <TextEquiv>
                    <Unicode>London, Madrid, Mailand, Minneapolis, New-Nork, Paris, Rom,</Unicode>
                </TextEquiv>
            </TextLine>
            <TextLine id="r2l10" custom="readingOrder {index:9;}">
                <Coords points="2057,1440 2103,1461 2629,1452 2830,1479 2831,1427 2807,1423 2058,1409"/>
                <Baseline points="2064,1441 2102,1442 2140,1442 2178,1443 2216,1444 2254,1444 2292,1445 2330,1446 2368,1446 2406,1447 2444,1447 2482,1448 2520,1449 2558,1450 2596,1450 2634,1451 2672,1452 2710,1453 2748,1454 2786,1455 2824,1456"/>
                <TextEquiv>
                    <Unicode>San Francisco, Stockholm, St. Petersburg.</Unicode>
                </TextEquiv>
            </TextLine>
            <TextLine id="r2l11" custom="readingOrder {index:10;}">
                <Coords points="2224,1499 2297,1489 2334,1508 2357,1491 2391,1505 2500,1491 2579,1510 2646,1497 2647,1470 2494,1452 2423,1465 2224,1462"/>
                <Baseline points="2231,1485 2256,1484 2282,1484 2307,1484 2333,1484 2358,1485 2384,1485 2409,1485 2435,1486 2460,1486 2486,1487 2511,1487 2537,1488 2562,1488 2588,1489 2613,1489 2639,1490"/>
                <TextEquiv>
                    <Unicode>(Quellenangabe ohnn Gowühr.)</Unicode>
                </TextEquiv>
            </TextLine>
            <TextLine id="r2l12" custom="readingOrder {index:11;}">
                <Coords points="1861,1583 2962,1608 2963,1560 2852,1535 1862,1537"/>
                <Baseline points="1868,1576 1922,1576 1976,1576 2031,1576 2085,1576 2139,1576 2194,1576 2248,1577 2302,1577 2357,1577 2411,1577 2465,1578 2520,1578 2574,1579 2628,1580 2683,1581 2737,1583 2791,1584 2846,1586 2900,1589 2955,1592"/>
                <TextEquiv>
                    <Unicode>Ausschnittatiterarische Deutsch-Oesterreich</Unicode>
                </TextEquiv>
            </TextLine>
            <TextLine id="r2l13" custom="readingOrder {index:12;}">
                <Coords points="2448,1642 2458,1641 2484,1654 2505,1645 2517,1654 2525,1647 2532,1655 2568,1652 2591,1646 2593,1610 2574,1608 2559,1615 2543,1599 2529,1599 2520,1607 2494,1599 2490,1603 2450,1601"/>
                <Baseline points="2455,1638 2480,1637 2506,1638 2532,1640 2558,1641 2584,1643"/>
                <TextEquiv>
                    <Unicode>Wien</Unicode>
                </TextEquiv>
            </TextLine>
            <TextLine id="r2l14" custom="readingOrder {index:13;}">
                <Coords points="1871,1667 1881,1667 1900,1684 1971,1687 1995,1682 2017,1688 2020,1625 1992,1622 1971,1635 1957,1633 1935,1648 1923,1643 1909,1648 1895,1633 1872,1634"/>
                <Baseline points="1877,1672 1903,1674 1930,1675 1956,1676 1983,1677 2010,1679"/>
                <TextEquiv>
                    <Unicode>vom:</Unicode>
                </TextEquiv>
            </TextLine>
            <TextLine id="r2l15" custom="readingOrder {index:14;}">
                <Coords points="2187,1720 2215,1731 2237,1720 2278,1722 2305,1734 2330,1722 2376,1722 2461,1737 2466,1662 2262,1640 2246,1648 2226,1642 2191,1660"/>
                <Baseline points="2196,1699 2222,1700 2248,1701 2274,1703 2300,1706 2326,1708 2352,1710 2378,1712 2404,1713 2430,1713 2456,1713"/>
                <TextEquiv>
                    <Unicode>B</Unicode>
                </TextEquiv>
            </TextLine>
            <TextLine id="r2l16" custom="readingOrder {index:15;}">
                <Coords points="2066,1792 2345,1813 2394,1794 2604,1800 2666,1764 2065,1763"/>
                <Baseline points="2073,1789 2102,1791 2131,1792 2160,1794 2190,1794 2219,1795 2248,1796 2278,1796 2307,1797 2336,1797 2366,1796 2395,1796 2424,1796 2453,1795 2483,1794 2512,1793 2541,1792 2571,1791 2600,1789 2629,1788 2659,1786"/>
                <TextEquiv>
                    <Unicode>Gfillparzeypreis. Der Grill¬</Unicode>
                </TextEquiv>
            </TextLine>
            <TextLine id="r2l17" custom="readingOrder {index:16;}">
                <Coords points="2023,1841 2363,1833 2454,1850 2480,1829 2593,1853 2655,1831 2626,1797 2392,1795 2317,1822 2125,1792 2023,1808"/>
                <Baseline points="2030,1832 2060,1833 2091,1833 2122,1834 2153,1834 2184,1835 2215,1835 2246,1836 2277,1836 2308,1836 2339,1836 2369,1836 2400,1836 2431,1835 2462,1835 2493,1834 2524,1834 2555,1833 2586,1832 2617,1831 2648,1830"/>
                <TextEquiv>
                    <Unicode>parzefpteks, dex, „wie aus Nu-Mel¬</Unicode>
                </TextEquiv>
            </TextLine>
            <TextLine id="r2l18" custom="readingOrder {index:17;}">
                <Coords points="2017,1881 2633,1884 2671,1874 2671,1840 2017,1842"/>
                <Baseline points="2024,1872 2056,1873 2088,1874 2120,1874 2152,1874 2184,1874 2216,1874 2248,1874 2280,1874 2312,1874 2344,1873 2376,1873 2408,1873 2440,1872 2472,1872 2504,1872 2536,1872 2568,1872 2600,1872 2632,1872 2664,1872"/>
                <TextEquiv>
                    <Unicode>dungen Ver. Tgesbläiter bekännt ist,</Unicode>
                </TextEquiv>
            </TextLine>
            <TextLine id="r2l19" custom="readingOrder {index:18;}">
                <Coords points="2017,1919 2204,1934 2641,1918 2653,1881 2017,1882"/>
                <Baseline points="2025,1909 2056,1910 2087,1911 2118,1911 2149,1911 2180,1912 2211,1912 2242,1912 2273,1912 2304,1912 2336,1912 2367,1912 2398,1912 2429,1911 2460,1911 2491,1911 2522,1911 2553,1910 2584,1910 2615,1909 2647,1909"/>
                <TextEquiv>
                    <Unicode>Artikrl, Schnitzler zuerkannt wurde,</Unicode>
                </TextEquiv>
            </TextLine>
            <TextLine id="r2l20" custom="readingOrder {index:19;}">
                <Coords points="2025,1953 2324,1968 2564,1944 2633,1960 2670,1948 2670,1913 2299,1934 2025,1919"/>
                <Baseline points="2033,1948 2064,1950 2096,1951 2127,1952 2159,1953 2190,1953 2222,1953 2253,1953 2285,1953 2316,1952 2348,1952 2379,1951 2411,1950 2442,1949 2474,1948 2505,1947 2537,1946 2568,1946 2600,1945 2631,1944 2663,1944"/>
                <TextEquiv>
                    <Unicode>ist hamit zum zweiten Male nach</Unicode>
                </TextEquiv>
            </TextLine>
            <TextLine id="r2l21" custom="readingOrder {index:20;}">
                <Coords points="2023,2002 2665,1998 2664,1971 2557,1950 2325,1968 2022,1954"/>
                <Baseline points="2030,1992 2061,1992 2092,1992 2124,1993 2155,1993 2186,1993 2218,1993 2249,1993 2280,1992 2312,1992 2343,1992 2374,1991 2406,1991 2437,1990 2468,1990 2500,1989 2531,1989 2562,1988 2594,1988 2625,1988 2657,1987"/>
                <TextEquiv>
                    <Unicode>Österreich gefallen. 1887 erhielt Anzen¬</Unicode>
                </TextEquiv>
            </TextLine>
            <TextLine id="r2l22" custom="readingOrder {index:21;}">
                <Coords points="2025,2146 2280,2162 2367,2144 2388,2163 2523,2152 2655,2173 2684,2164 2685,2125 2577,2131 2546,2107 2352,2122 2201,2098 2165,2120 2026,2096"/>
                <Baseline points="2032,2144 2064,2144 2096,2144 2128,2144 2160,2144 2193,2145 2225,2146 2257,2147 2289,2148 2321,2149 2354,2150 2386,2152 2418,2153 2450,2154 2482,2155 2515,2156 2547,2157 2579,2157 2611,2157 2643,2157 2676,2156"/>
                <TextEquiv>
                    <Unicode>gruber den Preis für sein Drama</Unicode>
                </TextEquiv>
            </TextLine>
            <TextLine id="r2l23" custom="readingOrder {index:22;}">
                <Coords points="2025,2187 2371,2203 2411,2185 2603,2210 2679,2198 2680,2164 2025,2151"/>
                <Baseline points="2032,2183 2064,2183 2096,2183 2128,2184 2160,2184 2192,2185 2224,2186 2256,2187 2288,2188 2320,2189 2352,2190 2384,2191 2416,2192 2448,2193 2480,2194 2512,2194 2544,2195 2576,2195 2608,2195 2640,2195 2672,2194"/>
                <TextEquiv>
                    <Unicode>„Heimg'funden“. Die übrigen Preis¬</Unicode>
                </TextEquiv>
            </TextLine>
            <TextLine id="r2l24" custom="readingOrder {index:23;}">
                <Coords points="2029,2215 2147,2240 2669,2250 2689,2204 2030,2186"/>
                <Baseline points="2036,2219 2068,2219 2100,2220 2132,2221 2164,2222 2197,2223 2229,2224 2261,2226 2293,2227 2325,2228 2358,2229 2390,2231 2422,2232 2454,2233 2486,2234 2519,2234 2551,2235 2583,2236 2615,2236 2647,2236 2680,2235"/>
                <TextEquiv>
                    <Unicode>träger waren bisher: Adolf Wilbrandt</Unicode>
                </TextEquiv>
            </TextLine>
            <TextLine id="r2l25" custom="readingOrder {index:24;}">
                <Coords points="2037,2268 2636,2285 2662,2274 2663,2243 2038,2227"/>
                <Baseline points="2044,2259 2074,2259 2105,2260 2135,2261 2166,2261 2196,2263 2227,2264 2257,2265 2288,2266 2318,2268 2349,2269 2380,2270 2410,2271 2441,2272 2471,2273 2502,2274 2532,2274 2563,2274 2593,2274 2624,2274 2655,2274"/>
                <TextEquiv>
                    <Unicode>(„Graechus“ und „Meister von Pal¬</Unicode>
                </TextEquiv>
            </TextLine>
            <TextLine id="r2l26" custom="readingOrder {index:25;}">
                <Coords points="2029,2303 2671,2316 2656,2274 2030,2275"/>
                <Baseline points="2037,2298 2068,2298 2099,2298 2131,2299 2162,2300 2193,2301 2225,2302 2256,2303 2287,2304 2319,2306 2350,2307 2381,2308 2413,2309 2444,2310 2475,2311 2507,2312 2538,2312 2569,2312 2601,2312 2632,2311 2664,2310"/>
                <TextEquiv>
                    <Unicode>myra), Ernst von Wildenbruch („Ha¬</Unicode>
                </TextEquiv>
            </TextLine>
            <TextLine id="r2l27" custom="readingOrder {index:26;}">
                <Coords points="2017,2333 2128,2354 2163,2333 2229,2354 2531,2344 2555,2363 2681,2355 2682,2339 2557,2313 2018,2300"/>
                <Baseline points="2024,2336 2056,2337 2089,2338 2121,2338 2154,2339 2186,2340 2219,2341 2251,2342 2284,2343 2316,2344 2349,2345 2381,2346 2414,2347 2446,2348 2479,2349 2511,2350 2544,2351 2576,2352 2609,2352 2641,2353 2674,2353"/>
                <TextEquiv>
                    <Unicode>rold“), Gerhard Hauptmann („Han¬</Unicode>
                </TextEquiv>
            </TextLine>
            <TextLine id="r2l28" custom="readingOrder {index:27;}">
                <Coords points="2031,2380 2592,2404 2676,2379 2677,2357 2032,2347"/>
                <Baseline points="2038,2375 2069,2376 2101,2376 2132,2378 2164,2378 2195,2380 2227,2381 2258,2382 2290,2383 2321,2384 2353,2385 2384,2386 2416,2387 2447,2388 2479,2388 2510,2389 2542,2390 2573,2390 2605,2391 2636,2391 2668,2391"/>
                <TextEquiv>
                    <Unicode>neles Himmelfahrt", „Fuhrmann Hen¬</Unicode>
                </TextEquiv>
            </TextLine>
            <TextLine id="r2l29" custom="readingOrder {index:28;}">
                <Coords points="2021,2423 2681,2440 2682,2396 2645,2392 2022,2383"/>
                <Baseline points="2028,2415 2060,2416 2092,2417 2124,2418 2157,2419 2189,2420 2221,2421 2254,2422 2286,2423 2318,2424 2351,2425 2383,2425 2415,2426 2447,2427 2480,2427 2512,2428 2544,2429 2577,2429 2609,2429 2641,2430 2674,2430"/>
                <TextEquiv>
                    <Unicode>schel" und Der arme Heinrich“) und</Unicode>
                </TextEquiv>
            </TextLine>
            <TextLine id="r2l30" custom="readingOrder {index:29;}">
                <Coords points="2021,2467 2589,2479 2671,2470 2672,2436 2022,2422"/>
                <Baseline points="2028,2454 2059,2455 2091,2456 2123,2457 2155,2458 2187,2459 2218,2460 2250,2461 2282,2462 2314,2463 2346,2463 2377,2464 2409,2465 2441,2466 2473,2466 2505,2467 2536,2467 2568,2467 2600,2468 2632,2468 2664,2468"/>
                <TextEquiv>
                    <Unicode>Otto Erick Hartleben („Rosenmon¬</Unicode>
                </TextEquiv>
            </TextLine>
            <TextLine id="r2l31" custom="readingOrder {index:30;}">
                <Coords points="2020,2494 2676,2510 2677,2465 2021,2468"/>
                <Baseline points="2028,2491 2060,2493 2092,2495 2124,2496 2156,2497 2188,2498 2220,2499 2252,2500 2284,2501 2316,2501 2348,2502 2380,2502 2412,2502 2444,2503 2476,2504 2508,2505 2540,2505 2572,2506 2604,2507 2636,2509 2669,2510"/>
                <TextEquiv>
                    <Unicode>tag"). Der Preis ist also Wilbrandt</Unicode>
                </TextEquiv>
            </TextLine>
            <TextLine id="r2l32" custom="readingOrder {index:31;}">
                <Coords points="2030,2547 2652,2557 2680,2511 2031,2506"/>
                <Baseline points="2038,2532 2069,2533 2101,2534 2133,2535 2164,2536 2196,2537 2228,2538 2259,2539 2291,2539 2323,2540 2355,2540 2386,2541 2418,2542 2450,2542 2481,2543 2513,2544 2545,2544 2576,2545 2608,2546 2640,2547 2672,2548"/>
                <TextEquiv>
                    <Unicode>zweimal und Hauptmann sogar dreimal</Unicode>
                </TextEquiv>
            </TextLine>
            <TextLine id="r2l33" custom="readingOrder {index:32;}">
                <Coords points="2022,2573 2671,2598 2671,2556 2647,2553 2372,2546 2333,2564 2272,2542 2023,2543"/>
                <Baseline points="2030,2571 2061,2572 2093,2574 2125,2575 2156,2576 2188,2577 2220,2578 2251,2579 2283,2579 2315,2580 2347,2580 2378,2581 2410,2581 2442,2581 2473,2582 2505,2582 2537,2583 2568,2583 2600,2584 2632,2585 2664,2586"/>
                <TextEquiv>
                    <Unicode>verliehen worden. In diesem Jahre</Unicode>
                </TextEquiv>
            </TextLine>
            <TextLine id="r2l34" custom="readingOrder {index:33;}">
                <Coords points="2017,2606 2053,2626 2080,2608 2295,2634 2680,2617 2632,2590 2017,2585"/>
                <Baseline points="2024,2609 2056,2611 2088,2613 2121,2614 2153,2615 2186,2616 2218,2617 2250,2617 2283,2618 2315,2618 2348,2619 2380,2619 2412,2620 2445,2620 2477,2620 2510,2621 2542,2622 2574,2622 2607,2624 2639,2625 2672,2626"/>
                <TextEquiv>
                    <Unicode>ist es zum ersten Male eine Komödie</Unicode>
                </TextEquiv>
            </TextLine>
            <TextLine id="r2l35" custom="readingOrder {index:34;}">
                <Coords points="2023,2660 2610,2671 2657,2662 2658,2635 2024,2612"/>
                <Baseline points="2030,2653 2061,2654 2092,2654 2123,2655 2154,2655 2185,2656 2216,2656 2247,2657 2278,2657 2309,2658 2340,2659 2371,2659 2402,2659 2433,2660 2464,2660 2495,2661 2526,2661 2557,2661 2588,2662 2619,2662 2651,2662"/>
                <TextEquiv>
                    <Unicode>gewesen, die den Anlaß zu der Preis¬</Unicode>
                </TextEquiv>
            </TextLine>
            <TextLine id="r2l36" custom="readingOrder {index:35;}">
                <Coords points="2021,2697 2646,2713 2674,2705 2675,2671 2356,2663 2324,2683 2278,2662 2221,2681 2192,2659 2022,2660"/>
                <Baseline points="2028,2690 2061,2691 2095,2693 2128,2695 2162,2695 2196,2696 2229,2697 2263,2698 2297,2698 2330,2698 2364,2699 2397,2699 2431,2699 2465,2700 2498,2701 2532,2701 2566,2702 2599,2703 2633,2704 2667,2705"/>
                <TextEquiv>
                    <Unicode>verleihung gab: das Schnitzlersche</Unicode>
                </TextEquiv>
            </TextLine>
            <TextLine id="r2l37" custom="readingOrder {index:36;}">
                <Coords points="2019,2736 2667,2743 2629,2711 2517,2703 2020,2706"/>
                <Baseline points="2026,2733 2057,2733 2089,2733 2121,2733 2152,2734 2184,2734 2216,2734 2247,2735 2279,2735 2311,2736 2343,2737 2374,2738 2406,2738 2438,2739 2469,2740 2501,2740 2533,2741 2564,2741 2596,2742 2628,2743 2660,2743"/>
                <TextEquiv>
                    <Unicode>„Zwischenspiel“, das vor drei Jahren</Unicode>
                </TextEquiv>
            </TextLine>
            <TextLine id="r2l38" custom="readingOrder {index:37;}">
                <Coords points="2014,2773 2594,2797 2670,2781 2671,2758 2015,2736"/>
                <Baseline points="2021,2768 2053,2769 2085,2770 2117,2771 2149,2772 2181,2773 2213,2773 2245,2774 2277,2775 2309,2776 2342,2776 2374,2777 2406,2778 2438,2778 2470,2779 2502,2779 2534,2780 2566,2780 2598,2780 2630,2781 2663,2781"/>
                <TextEquiv>
                    <Unicode>erschien und im Wiener Burgtheater</Unicode>
                </TextEquiv>
            </TextLine>
            <TextLine id="r2l39" custom="readingOrder {index:38;}">
                <Coords points="2019,2811 2565,2837 2661,2818 2661,2791 2634,2786 2498,2800 2020,2771"/>
                <Baseline points="2026,2805 2057,2807 2088,2809 2120,2811 2151,2812 2183,2813 2214,2813 2245,2814 2277,2815 2308,2815 2340,2815 2371,2815 2402,2815 2434,2815 2465,2815 2497,2815 2528,2816 2559,2816 2591,2816 2622,2817 2654,2817"/>
                <TextEquiv>
                    <Unicode>des öfteren aufgeführt wurde, während</Unicode>
                </TextEquiv>
            </TextLine>
            <TextLine id="r2l40" custom="readingOrder {index:39;}">
                <Coords points="2008,2842 2016,2842 2023,2848 2027,2846 2033,2851 2044,2854 2047,2851 2053,2854 2056,2852 2069,2854 2069,2813 2061,2813 2059,2816 2051,2816 2048,2813 2040,2821 2030,2826 2026,2823 2018,2831 2008,2831"/>
                <Baseline points="2015,2843 2061,2843"/>
                <TextEquiv>
                    <Unicode>es</Unicode>
                </TextEquiv>
            </TextLine>
            <TextLine id="r2l41" custom="readingOrder {index:40;}">
                <Coords points="2079,2854 2169,2843 2331,2867 2365,2851 2441,2875 2473,2856 2641,2879 2667,2872 2668,2832 2079,2821"/>
                <Baseline points="2086,2849 2114,2850 2143,2851 2172,2851 2200,2852 2229,2853 2258,2853 2286,2854 2315,2854 2344,2855 2373,2855 2401,2856 2430,2856 2459,2856 2487,2857 2516,2858 2545,2858 2573,2859 2602,2859 2631,2860 2660,2861"/>
                <TextEquiv>
                    <Unicode>sich in Berlin nicht auf dem</Unicode>
                </TextEquiv>
            </TextLine>
            <TextLine id="r2l42" custom="readingOrder {index:41;}">
                <Coords points="2012,2886 2604,2916 2671,2893 2671,2874 2608,2864 2443,2871 2359,2850 2277,2876 2247,2856 2013,2846"/>
                <Baseline points="2019,2886 2051,2887 2083,2888 2115,2889 2148,2890 2180,2890 2212,2891 2244,2892 2277,2892 2309,2893 2341,2894 2373,2894 2406,2894 2438,2895 2470,2896 2502,2896 2535,2897 2567,2898 2599,2899 2631,2900 2664,2901"/>
                <TextEquiv>
                    <Unicode>Spielplan zu erhalten vermochte.</Unicode>
                </TextEquiv>
            </TextLine>
            <TextLine id="r2l43" custom="readingOrder {index:42;}">
                <Coords points="2011,2935 2571,2949 2668,2931 2668,2907 2642,2903 2199,2907 2012,2886"/>
                <Baseline points="2019,2922 2051,2924 2083,2926 2115,2927 2147,2929 2179,2930 2211,2931 2243,2931 2275,2932 2307,2932 2339,2933 2371,2933 2403,2934 2435,2934 2467,2934 2499,2934 2531,2935 2563,2935 2595,2936 2627,2936 2660,2937"/>
                <TextEquiv>
                    <Unicode>Vorgeschlagen waren für den Preis</Unicode>
                </TextEquiv>
            </TextLine>
            <TextLine id="r2l44" custom="readingOrder {index:43;}">
                <Coords points="2018,2968 2663,2982 2664,2940 2019,2937"/>
                <Baseline points="2026,2961 2057,2963 2089,2965 2120,2967 2152,2968 2183,2969 2215,2970 2246,2971 2278,2971 2309,2971 2341,2972 2372,2972 2404,2972 2435,2972 2467,2973 2498,2973 2530,2974 2561,2974 2593,2975 2624,2976 2656,2977"/>
                <TextEquiv>
                    <Unicode>noch Ludwig Ganghoser, Ernst von</Unicode>
                </TextEquiv>
            </TextLine>
            <TextLine id="r2l45" custom="readingOrder {index:44;}">
                <Coords points="2007,3003 2354,3025 2457,3011 2571,3035 2672,3017 2673,2980 2008,2973"/>
                <Baseline points="2014,2998 2046,3001 2079,3003 2111,3004 2144,3006 2176,3007 2209,3007 2241,3008 2274,3008 2306,3009 2339,3009 2371,3009 2404,3009 2436,3009 2469,3010 2501,3010 2534,3011 2566,3012 2599,3013 2631,3014 2664,3016"/>
                <TextEquiv>
                    <Unicode>Wildenbruch und Karl Schönherr,</Unicode>
                </TextEquiv>
            </TextLine>
            <TextLine id="r2l46" custom="readingOrder {index:45;}">
                <Coords points="2005,3044 2462,3067 2663,3053 2628,3022 2576,3037 2546,3020 2156,3011 2091,3031 2006,3004"/>
                <Baseline points="2013,3041 2045,3042 2077,3043 2109,3044 2141,3044 2173,3045 2205,3046 2238,3047 2270,3048 2302,3049 2334,3049 2366,3050 2398,3051 2430,3051 2463,3052 2495,3053 2527,3053 2559,3054 2591,3054 2623,3055 2656,3055"/>
                <TextEquiv>
                    <Unicode>der, wie Schnitzler, Arzt ist und</Unicode>
                </TextEquiv>
            </TextLine>
            <TextLine id="r2l47" custom="readingOrder {index:46;}">
                <Coords points="2017,3091 2406,3106 2468,3090 2590,3110 2659,3095 2659,3065 2575,3058 2017,3056"/>
                <Baseline points="2024,3081 2055,3082 2086,3083 2118,3084 2149,3085 2181,3085 2212,3086 2243,3087 2275,3087 2306,3088 2338,3089 2369,3090 2400,3090 2432,3091 2463,3091 2495,3092 2526,3092 2557,3093 2589,3093 2620,3094 2652,3094"/>
                <TextEquiv>
                    <Unicode>gleichfalls in Wien lebt. Schnitzler</Unicode>
                </TextEquiv>
            </TextLine>
            <TextLine id="r2l48" custom="readingOrder {index:47;}">
                <Coords points="2008,3130 2330,3133 2400,3160 2456,3134 2605,3157 2667,3140 2657,3092 2599,3108 2009,3096"/>
                <Baseline points="2016,3120 2048,3120 2080,3122 2112,3122 2144,3123 2177,3124 2209,3125 2241,3126 2273,3127 2305,3128 2338,3129 2370,3130 2402,3131 2434,3132 2466,3133 2499,3133 2531,3134 2563,3135 2595,3135 2627,3136 2660,3136"/>
                <TextEquiv>
                    <Unicode>wurde der Preis, der 5000 Kronen</Unicode>
                </TextEquiv>
            </TextLine>
            <TextLine id="r2l49" custom="readingOrder {index:48;}">
                <Coords points="2562,3313 2575,3311 2578,3315 2591,3315 2594,3320 2610,3313 2616,3319 2634,3314 2653,3335 2673,3337 2680,3283 2670,3283 2662,3271 2653,3275 2638,3264 2616,3259 2605,3264 2594,3258 2582,3266 2569,3266"/>
                <Baseline points="2570,3309 2602,3311 2635,3315 2668,3323"/>
                <TextEquiv>
                    <Unicode>□0</Unicode>
                </TextEquiv>
            </TextLine>
            <TextEquiv>
                <Unicode>—.—
Telephon 12801.
35
„UBSEAVEN
 österr. behördl. konz. Unternehmen für Zeitungs-Aussohnitte
Wien, I., Conoordiaplatz 4.
Vertretungen
in Berlin, Budapest, Chicago, Christiania, Genf, Kopenhagen,
London, Madrid, Mailand, Minneapolis, New-Nork, Paris, Rom,
San Francisco, Stockholm, St. Petersburg.
(Quellenangabe ohnn Gowühr.)
Ausschnittatiterarische Deutsch-Oesterreich
Wien
vom:
B
Gfillparzeypreis. Der Grill¬
parzefpteks, dex, „wie aus Nu-Mel¬
dungen Ver. Tgesbläiter bekännt ist,
Artikrl, Schnitzler zuerkannt wurde,
ist hamit zum zweiten Male nach
Österreich gefallen. 1887 erhielt Anzen¬
gruber den Preis für sein Drama
„Heimg'funden“. Die übrigen Preis¬
träger waren bisher: Adolf Wilbrandt
(„Graechus“ und „Meister von Pal¬
myra), Ernst von Wildenbruch („Ha¬
rold“), Gerhard Hauptmann („Han¬
neles Himmelfahrt", „Fuhrmann Hen¬
schel" und Der arme Heinrich“) und
Otto Erick Hartleben („Rosenmon¬
tag"). Der Preis ist also Wilbrandt
zweimal und Hauptmann sogar dreimal
verliehen worden. In diesem Jahre
ist es zum ersten Male eine Komödie
gewesen, die den Anlaß zu der Preis¬
verleihung gab: das Schnitzlersche
„Zwischenspiel“, das vor drei Jahren
erschien und im Wiener Burgtheater
des öfteren aufgeführt wurde, während
es
sich in Berlin nicht auf dem
Spielplan zu erhalten vermochte.
Vorgeschlagen waren für den Preis
noch Ludwig Ganghoser, Ernst von
Wildenbruch und Karl Schönherr,
der, wie Schnitzler, Arzt ist und
gleichfalls in Wien lebt. Schnitzler
wurde der Preis, der 5000 Kronen
□0</Unicode>
            </TextEquiv>
        </TextRegion>
    </Page>
</PcGts>
