3344 4352
1245 298 1690 397 box 40/2
175 299 1213 396 Grillnarzer-Preis
966 897 1292 990 Telephon 12.891.
438 1037 1155 1143 „UbSERTER
247 1131 1362 1186 I. Oeterr. behördl. konz. Unternehmen für Zeitungs-Ausschaltte
446 1169 1192 1236 Wien, I., Concordiaplatz 4.
673 1231 988 1295 Vertretungen
260 1263 1372 1334 in Berlin, Basel, Budapest, Chicago, Cleveland, Christlania,
270 1318 1372 1376 Oenf, Kopenhagen, London, Madrid, Mailand, Minneapolis,
275 1375 1368 1419 New-Vork, Faris, Rom, San Francisco, Stockholm, St. Peters¬
677 1400 983 1460 burg, Toronio.
589 1444 1039 1500 (Quellenangabe ohne Gewähr.)
269 1509 698 1597 Ausschnittu
635 1522 1321 1624 ##scher Volksbote, Brünn
288 1626 441 1677 vom:
448 1621 753 1731 K
505 1790 1055 1877 Die Urteilsfähigen.
203 1848 1419 1953 Zum Grillparzerpreis für den Reigen¬
614 1909 973 1979 Schnitzler.
287 1960 1389 2035 Herr Artur Schnitzler, ein gutsituierter Doktor
209 2038 1376 2084 der Medizin, der die heilsame Betätigung des Arztes
209 2067 1385 2147 den Kranken zuliebe mit der die körverliche Gesundheit
204 2114 1381 2194 mindergefährdenden des Schriftstellers vertauschte, hat den
215 2178 1386 2234 G. illparzervreis bekommen. Wie das zu beurteilen ist,
218 2230 1377 2288 von den Unbeeinflußten, Unabhängigen zu beurteilen, das
215 2271 1386 2348 wurde bereits gestern in unserem Blatte erwogen. Wie
221 2308 1379 2387 gesagt: Wir wollen heute nicht daran erinnert sein, daß,
217 2356 1385 2424 wer3 Heer Schnitzler genannt wird, die Lebemänner
207 2423 1389 2477 lächeln und die Winkelantiquare mit schmatzenden
216 2455 1383 2539 Lippen den Profit berechnen, den ihnen neben der Kaviar¬
215 2506 1379 2568 und der Pikantissimabibliothek der „Reigen“ eingebracht
223 2563 1391 2631 hat. Wir wollen nicht darauf verweisen, daß neben dem
213 2598 1390 2670 unsäglich läppischen „Leutnant Gustl“ und der „Frau
222 2643 1391 2722 Berta Gertan“, die in Krems lebt und in Wien liebt,
232 2693 1391 2765 eben de. „Reigen“ als das charakteristische Werk des
224 2747 1391 2817 Herrn Artur Schnitzler gilt und daß Herr Jakob
230 2794 1402 2866 Minor, Herr Schlenther und Herr Burck¬
210 2840 1393 2913 [hard für die breiteste Oeffentlichkeit den Autor einer
218 2892 1392 2964 dem Budapester Orpheum zu stark gewesenen Schweinerei
219 2942 1397 3013 dem deutschen Volke als gekrönten Dichter vorstellten.
217 2988 1409 3064 Es sei nur angehört, was Herr Schnitzler heute selbst
225 3032 1399 3111 über jenes Stück, „Zwischenspiel“ geheißen, sagt,
1170 3085 1392 3146 Vorwand
567 3094 1154 3150 Preisrichterkollegium zum
387 3100 489 3155 das
215 3105 343 3166 das
226 3137 1396 3207 seiner Auszeichnung nahm: „Eigentlich,“ sagt Herr
1317 3185 1403 3253 cht
368 3187 1255 3255 Shnitzler, „gehört Zwischenspiel n
219 3198 371 3264 Actur
229 3249 1406 3305 zu den Sachen, die mir innerlich nahe¬
238 3299 1404 3352 stehen. ... es ist mit ihm so, daß von ihm kein
234 3320 1420 3397 Weg ins große Leben führt, zu anderen
229 3377 1405 3441 Mensche. Es fehlen die großen Bezie¬
229 3420 1400 3506 hungen zu einem Allgemeinen und deshalb wohl kann
227 3470 1406 3543 es mich nicht befriedigen.“] Nun, was Herrn
230 3517 1416 3590 Artur Schnitzler selbst, der schon seiner Ab¬
236 3568 1323 3638 stammung nach keiner von den Bescheidenen war,
229 3614 1408 3686 schiecht ist, ist für den großen Germanisten Jakob
228 3662 1408 3736 Minor gut genug. Mögen er und seine Richter¬
236 3711 1407 3801 kollegen, von denen namentlich Herr Max Burckhard
229 3762 1398 3835 alles Zeug dazu hat, in einer Neuauflage des „Reigen“
223 3811 1426 3879 als Buhler um jüdische Gunst und blamierte Kunstfreunde
236 3875 660 3952 ihren Platz finden!
2458 698 2851 807 Telephon 12801.
1700 991 2855 1055 O l. österr. behördl. konz. Unternehmen für Zeltungs-Ausschnitte
1732 1039 1775 1082 0
1870 1043 2755 1125 Wien, I., Concordiaplatz 4.
1698 1116 1798 1170 2
2100 1116 2518 1178 Vertretungen
1739 1156 2849 1248 2 in Berlin, Budapest, Chicago, Christiania, Genf, Kopen¬
1695 1203 2847 1271 hagen, London, Madrid, Mailand, Minneapolis, New-Vork,
1810 1243 2823 1301 Paris, Rom, San Francisco, Stockholm, St. Petersburg.
1712 1269 1761 1309 d
2121 1291 2515 1348 (Quellenangabe ohne Gewam.
1706 1341 1751 1390 4
1714 1327 2193 1413 4 Ausschnitt aus:
1994 1331 2932 1451 Illnstrirtes Wiener Extrablatt, Wier
1703 1419 1789 1463 53
2099 1432 2378 1505 18 1. Wl8
1699 1458 1940 1518 E vom:
2003 1544 2556 1634 Arthur Schnitzler.
1856 1621 2692 1711 Zur Verleihung des Grillparzer=Preises.
2221 1876 2436 1977 Sgr
1983 2679 2164 2782 S
2017 2744 2153 2802 AR
1997 2821 2122 2882 1
2203 2835 2489 2956 S
2253 2878 2649 2998 S
2614 2946 2707 2988 —
2429 2967 2694 3038 I
2675 3006 2752 3044 —
2461 3009 2620 3061 Setegen
2638 3032 2764 3106 7
1874 2973 2618 3114 S
1878 3126 2767 3201 Mit der Verleihung des Grillparzer=Preises
1760 3155 2768 3242 an Arthur Schnitzler wurde ein Versäumniß wett¬
1775 3236 2767 3290 gemacht. Denn der Preis, der der Erinnerung an
1774 3273 2770 3330 den größten Dichter Oesterreichs geweiht ist und
1782 3316 2760 3364 seinen Namen trägt, hat dem seinen Wiener
1770 3353 2764 3440 Poeten, der den „Grünen Kakadu“ und den
1773 3402 2766 3453 „Schleier der Beatrice“ gedichtet hat, längst gebührt.
1769 3450 2768 3512 Draußen im Reiche wird denn auch die Bedeutung
1768 3489 2760 3549 Arthur Schnitzler's nach Gebühr gewürdigt, und
1758 3523 2768 3594 wenn man die besten Namen des deutschen Schrift¬
1752 3578 2766 3646 thums nennt, so nennt man auch den seinen. Bei
1759 3611 2767 3665 uns freilich macht sich der Parteien Haß und Gunst
1764 3663 2766 3722 auch auf einem Gebiete breit, das hoch über den
1757 3693 2770 3761 Parteien stehen sollte. Und es ist bezeichnend, daß
1759 3747 2760 3812 die reichsdeutsche Presse die Entscheidung der Jury
1759 3789 2758 3846 gutheißt, obwohl bekanntlich ein reichsdeutscher
1773 3836 2772 3886 Dichter, Ernst v. Wildenbruch, mit in den engeren
1768 3880 2117 3948 Wettbewerb kam.
