3436 4352
1388 336 1838 427 box 40/2
226 348 1341 443 .Grillparzer-Preis
1064 635 1459 732 Telephon 12801.
321 757 395 825 8
318 795 1458 918 S unmispirreieahin
320 910 1461 954 O l. österr. behördl. konz. Unternehmen für Zeitungs-Ausschnitte
330 956 393 1006 6
467 953 1369 1037 Wien, I., Concordiaplatz 4.
314 1000 400 1091 2
716 1039 1146 1097 Vertretungen
320 1084 1454 1139 0 in Berlin, Budapest, Chicago, Christiania, Genf, Kopen¬
312 1134 360 1169 *
313 1119 1460 1181 hagen, London, Madrid, Mailand, Minneapolis, New-Vork,
422 1155 1442 1221 Paris, Rom, San Francisco, Stockholm, St. Petersburg.
723 1203 1115 1255 (Quelienangabe ohne Grwähr.
317 1268 1427 1388 * Ausschnitt atzweiser Allzeiger
506 1321 1013 1422 16 UANUhn 1908
313 1376 547 1434 E vom:
368 1444 1415 1505 Die Verleihung des Grillparzer Preises.
296 1458 1415 1551 Aus Wien meldet man vom 15. ds.: In der heute
315 1537 1416 1587 stattgehabten Sitzung des Kuratoriums des Grill¬
314 1589 1411 1636 parzer=Preises wurde der 5000 Kronen betragende
316 1633 1413 1683 Preis dem Wiener Schriftsteller Dr. Arthur Schnitzler
307 1681 1276 1745 verliehen. Die Beratungen nahm
309 1729 1417 1795 besonders langwierigen Verlauf, da die Preisrichter
390 1779 1422 1839 bekanntlich muß dem Stifsbrief gemäß der Ver¬
306 1825 1412 1882 leihungsbeschluß einstimmig gefaßt werden — lange
312 1875 1416 1935 keine Einigung erzielen konnten. Die Entscheidung
315 1916 1426 1983 schwankte zuerst zwischen Wildenbruch und Schönherr
319 1968 1426 2027 und im letzten Stadium der Beratung trat Schnitzler
317 2020 1421 2077 in den Vordergrund, dem auch der Preis einstimmig
325 2061 1428 2124 zuerkannt wurde. Schnitzler erhält den Preis für sein
319 2106 1410 2173 dem Repertoire des Burgtheaters angehöriges Bühnen¬
323 2165 1405 2215 werk „Zwischenspiel“ Es ist erfreulich, daß der Preis
315 2197 1423 2266 der die letzten Jahre nach Deutschland wanderte, dies
323 2245 1393 2321 mal einem österreichischen Dichter zuerkannt wurd
335 2298 1387 2356 Anläßlich der Zuerkennung des Preises für „Zwischen
327 2344 1381 2424 spiel“ wird dieses Werk in der nächsten Woche i
322 2385 1120 2469 Repertoire des Burgtheaters erscheinen.
239 2541 333 2615 *
273 2543 1376 2655 MinwrakenerenrnkerSnenr
242 2606 304 2654 *
243 2648 1383 2719 □ l. österr. behördl. konz. Unternehmen für Zeitungs-Ausschnitte
419 2701 1280 2775 Wien, I., Concordiaplatz 4.
622 2770 1056 2845 Vertretungen
266 2820 1368 2894 0 in Berlin, Budapest, Chicago, Christiania, Genf, Kopen¬
251 2864 1380 2931 hagen, London, Madrid, Mailand, Minneapolis, New-Vork,
335 2911 1347 2959 Paris, Rom, San Francisco, Stockholm, St. Petersburg.
638 2951 1032 2998 (Quellenangabe ohne Gewähr.)
259 2988 709 3068 6 Ausschnitt aus:
623 2975 1373 3134 Deutsche Wehr, Tropsen
888 3071 1254 3177 anden 199
244 3102 444 3160 E vom:
418 3182 1459 3271 Verleihung des Geillparzerpreises. Das
337 3244 1462 3332 Preisgericht, das über die Verleihung des Grill¬
346 3284 1462 3374 parzerpreises von 5000 K zu erkennen hat, hat
345 3353 1458 3423 in der Sitzung, die in der Atademie der Wissen¬
341 3380 1458 3464 schaften in Wien stattfand eine denkwürdige Ent
344 3432 1466 3520 scheidung getroffen. Die Preisrichter, man merke
340 3495 1456 3579 ihre Namen: Professor Minor, Direkter Schleuther,
345 3524 1463 3603 Hofrat Burckhard, Ludwig Hevesi und Professor
336 3585 1461 3688 Erich Schmidt, haben den Geillparzerpreis Dr.
335 3636 1437 3723 Axtur Schnitzten für sein am Burgtheater seiner¬
341 3689 558 3752 — Gtree
868 3697 1279 3759 S
838 3741 1204 3794 —
302 3819 1428 3887 zeit aufgeführtes „Zwischenspiel“ zuerkannt; und
310 3877 1429 3923 dies, nachdem sie nicht schlüssig werden konnten.
306 3927 1430 3976 ob sie Schönherr für das Drama „Familie“ oder
308 3971 1431 4033 Ernst v. Wildenbruch für das Drama „Die
308 4018 1435 4072 Rabensteinerin“ mit dem Preise auszeichnen sollten.
306 4069 1437 4130 Zu dieser Entscheidung läßt sich nur die Bemerkugg
309 4117 1443 4191 hinzufügen, daß der nächste Dramatiker, dem der
320 4168 1425 4228 Grillparzerpreis zuerkannt wird, auf diese Aus¬
2478 1084 2887 1190 Telephon 12801.
1741 1263 2873 1395 2 MIRtrreTereung
1743 1355 2895 1456 O l. österr. behördl. konz. Unternehmen für Zeitungs-Ausschnitte
1910 1422 2801 1515 Wien, I., Concordiaplatz 4.
2136 1501 2574 1555 Vertretungen
1758 1532 2879 1644 9 in Berlin, Budapest, Chicago, Christiania, Genf, Kopen¬
1749 1577 2897 1679 hagen, London, Madrid, Mailand, Minneapolis, New-Vork,
1858 1616 2854 1708 Paris, Rom, San Francisco, Stockholm, St. Petersburg.
2164 1671 2551 1746 (Quellenaugabe ohus Gewahr.)
1749 1738 1819 1789 —
1799 1711 2529 1817 Ausschnitt aus: 16 JAh 1908
1745 1808 1837 1858 255
1752 1796 2774 1915 & vom Salzburger Chronik, Salaburg
2114 1963 2647 2085 Aus aller Welt.
1921 2079 2915 2133 Der Grillparzer=Preis von 5000 K wurde dem
1835 2108 2912 2189 Wiener jüdischen Schriftsteller Schnitzler für
1850 2169 2924 2229 seine Komödie „Zwischenspiel“ verliehen, nachdem die
1844 2218 2931 2275 Preisrichter sich nicht einigen konnten, ob sie den
1843 2266 2920 2318 Preis Schönherr für sein Drama „Familie“
1855 2317 2934 2375 oder Wildenbruch für sein Drama „Die Raben¬
1854 2342 2928 2429 steinerin“ zuerkennen sollten. Wenn schon Schnitzler
1903 2409 2928 2474 nach Anzengruber (I) der erste und einzige mit
1843 2462 2922 2525 dem Grillparzer=Preis ausgezeichnete Oesterreicher
1919 2508 2922 2568 den Preis erhält, dann braucht sich nach ihm kein
1860 2558 2922 2619 Literat mehr etwas darauf einzubilden, wenn#er
1858 2605 2933 2663 diesen österreichischen Preis erhält. Es dürfte unserei
1857 2659 2923 2715 Leser interessieren zu erfahren, aus welchen Männern
1843 2703 2926 2779 das Preisrichterkollegium besteht: Professor Minor
1860 2764 2935 2819 in Wien, ein Judenstämmling aus dem Deutschen
1848 2804 2921 2857 Reiche, Burgtheater=Direktor Schlenther in
1858 2849 2930 2903 Wien aus Berlin, Hofrat Dr. Burckhardt in
1868 2895 2927 2955 Wien, Mitarbeiter der „N. Fr. Presse“, Schriftstellen
1858 2934 2923 3031 [Hevesi in Wien, Jude, und Professor Erich
1855 2996 2928 3066 Schmidt in Berlin. Also nur zwei Oester¬
1814 3047 2924 3142 itreicher; ein Jude und ein Mann der „N. Fr. Pr.“
1831 3126 2923 3213 Da ist zweierlei nicht verwunderlich: erstens, daß bis¬
1847 3171 2906 3265 her mit Ausnahme von Anzengruber und Schnitzler,
1840 3208 2936 3299 (die Feder sträubt sich, diese beiden Namen neben
1835 3276 2920 3337 einander zu setzen) nur Reichsdeutsche den
1837 3313 2904 3405 österreichischen Grillparzer=Preis erhalten haben
1850 3375 2897 3435 und zweitens in dem Streite um die beiden Reichen
1850 3417 2887 3479 deutschen Schönherr und Wildenbruch der Jud
1854 3462 2896 3540 Schnitzler den Sieg davontrug. — Schnitzler erkläc
1858 3520 2899 3583 in der „Zeit“ er habe eine solche Auszeichnung nicht
1855 3548 2921 3639 erwartet (Wie beschaiden!), sei aber davon „aufs.
1835 3606 2528 3706 angenehmste überrascht". Mboh!
