3344 4352
226 303 1132 392 Grillbarzer-Preis
1283 288 1733 388 box 40//2
1899 222 2302 280 — —
2632 470 3028 555 Telephon 12801.
2398 563 2478 609 FEN
2074 562 2260 616 DE
1896 563 1956 622 *
1890 603 1963 649 —
1878 642 1949 703 *2
1900 630 2999 739 Mnennen
1867 703 1950 750 85
1877 735 3025 798 G l. österr. behördl. konz. Unternehmen für Zeitungs-Ausschnitte
2046 788 2919 878 Wien, I., Concordiaplatz 4.
1871 856 1970 908 4
2261 861 2695 921 Vertretungen
1882 901 3023 963 0 in Berlin, Budapest, Chicago, Christiania, Genf, Kopen¬
1875 957 1952 992 1
1868 951 3024 1005 # hagen. London, Madrid, Mailand. Minneapolis, New-Vork,
1976 1003 2990 1052 Paris, Rom, San Francisco, Stockholm, St. Petersburg.
1882 1009 1970 1049 0
2283 1031 2672 1095 (Quellenangape ohne Gewühr.)
1885 1044 1963 1089 00
1872 1078 2359 1152 = Ausschnitt aus:
2076 1132 2360 1203 3-PES19#
1876 1123 1964 1202 8
2356 1138 3023 1236 Independance Zeige
1868 1198 2093 1255 E vom:
2093 1204 2154 1296 —
2467 1226 2804 1315 =Bruxelles
2135 1315 2236 1384 2
1916 1365 2675 1461 □n Te d. e#s
2018 1446 2913 1547 De m r
1953 1543 2795 1599 Les lettres viennoises sont dans la
1913 1583 2805 1646 joie. Le célebre dramaturge Arthur
1921 1623 2798 1688 Schuitzler vient d’obtenir le prix Grill¬
1933 1678 2796 1742 parzer, destiné à récompenser, tous les
1925 1716 2794 1788 trois ans, l’auteur de la meilleure piéce
1934 1766 2796 1833 dramatique jouée sur une scène alle¬
1936 1811 2800 1876 mande. La plus haute récompense litté¬
1931 1850 2800 1920 raire de l'Autriche est, cette fois, décer¬
1928 1900 2806 1959 née à un Autrichien. Le fait ne s’était
1923 1932 2807 2012 pas produit depuis vingt ans; il mérite
1927 1990 2798 2044 d’étre signalé. Depuis que Anzergruber
1921 2035 2798 2087 avait obtenu ce prix, deux ans avant sa
1927 2078 2797 2139 mort, en 1887, il avait été tous les trois
1924 2134 2794 2188 ans régulièrement décerné à un étran¬
1925 2170 2812 2239 ger. Sans doute, les lauréats tels que
1937 2225 2799 2266 Wilbrandt, Gerard Hauptmann, Hartle¬
1927 2258 2810 2320 ben jouissent en Allemagne d’une répu¬
1928 2302 2803 2377 taion considérable et leurs pièces étaient
1925 2349 2813 2417 jouées avec succes méme au Burgthea¬
1924 2408 2823 2454 ter de Vienne. II était cependant assez
1925 2443 2817 2500 humiliant pour les compatriotes de Grill¬
1925 2484 2803 2559 parzer de voir que la commission char¬
1923 2528 2812 2589 gée de décerner le prix fondé par le plus
1935 2570 2817 2632 grand poéte de l’Autriche dans l’inten¬
1941 2613 2824 2683 tion bien évidente de favoriser la litté¬
1930 2677 2826 2742 rature de son pays écartait systémati¬
1940 2706 2823 2774 quement les écrivains autrichiens et pré¬
1944 2755 2820 2812 férait donner le prix treis fois de suite
1933 2802 2827 2853 à Gerard Hauptmann que de T’accorder
1928 2844 2831 2897 à Schuitzler. Aussi, le succès que vient
1945 2887 2816 2957 de remporter enfin ce dernier estil cé¬
1942 2910 2834 2996 lebré à Vienne comme un véritable
1943 2974 2826 3045 triomphe. Les lettrés ne peuvent que
1936 3015 2831 3088 s’en réjouir. Ceux qui ont lu Une
1950 3079 2834 3121 Amourette, le Veile de Béatrix, tes Heu¬
1942 3113 2824 3178 res vivantes savent tout ce que les ceu¬
1943 3159 2837 3221 vres de Schuitzler renferment d’esprit,
1953 3202 2831 3254 de finesse et de poésie. Son recueil de
1949 3246 2830 3314 dialogues la Ronde, agréablement épicé
1946 3289 2831 3349 de a picanteries n, comme on dit à Vien¬
1955 3340 2842 3395 ne, fait songer au lit de Lavedan et sea
1954 3382 2826 3443 roman da Mort rappelle le réalisme pro¬
1946 3420 2835 3480 fond et émouvant de certaines ceuvres
1952 3475 2790 3527 de Maupassant et d’Octave Mirbeau.
2000 3519 2838 3571 Le piquant de l'affaire, c’est que
1964 3567 2828 3618 Schuitzler, qui a créé#le type le plus po¬
1958 3603 2832 3668 pulaire de Vienne, ala douce grisette #,
1971 3667 2840 3713 s’est vu obligé de faire jouer ses pièces à
1955 3686 2849 3776 Berlin avant de pouvoir forcer les portes
1972 3740 2849 3793 du Burgtheater de Vienne, et c’est le cé¬
1972 3780 2848 3840 lebre critique de l’Université de Berlin,
1962 3845 2838 3910 Erich Schmidt, qui a dü user de son in¬
1974 3874 2845 3939 fluence pour lui faire décerner le prix.
1966 3918 2844 3987 Tant il est vrai qu'il est difficile, surtout
1965 3962 2852 4038 en Autriche, d’étre prophéte en son
1963 4021 2165 4084 Days.
