3344 4352
171 112 374 189 e
170 154 1331 224 mit Genugtnung ausgenommen werden, obgleich „Zwischen¬
175 190 1327 276 #trotz seiner Feinheiten nicht zu den tritisch einwandlosesten
151 244 1331 324 hatischen Werken Schnitzlers gehört. Mit der Zuerkennung des
153 290 1327 376 sises drückte das Kollegium den gesamten Werken dieses sein¬
146 337 1335 429 igen Poeten die bedeutendste Anerkennung aus, über die
155 378 1339 473 berfügt. 94 Stücke standen in Konkurrenz und in den letzten Tagen
1726 414 2244 492 Neues Wiener Ivurnal
158 430 1335 516 es, daß die Jury in ihren Entschlüssen wankend sei. Man sprach
174 483 2702 583 von der „Rabensteinerin“ Wildenbruchs und von „Familie“ von nur sagen, daß ich in ihm die Beziehungen gegenseitiger Wiener
174 568 2549 625 Schönherr als von Werken, von denen das eine oder andere Schichten und sozialer Gruppen darzustellen versucht habe.“
1526 614 2693 675 Phantasieleben und Wirklichkeit, das ist ein Kapitel, über
170 610 1437 675 den Preis erhalten solle. Schließlich entschloß man sich für
1416 644 2695 724 welches ich Ihnen noch mancherlei sagen könnte. Sie fließen im
173 665 1427 722 Schnitzler, wohl in der Erwägung, daß diesem Dichter eine lange
1427 686 2697 764 Leben eines Produzierenden oft in einander, und zuweilen
174 703 1426 775 und vielfältige Reihe von wertvollen dramatischen Werken zu
1429 755 2687 827 ertappe ich mich dabei, daß mir ein Phantasiebild einen Moment
174 757 1426 818 verdanken sei. Den Preis erhielt bereits dreimal Gerhart
1427 801 2691 851 lang wie etwas erscheint, das ich wirklich erlebt habe. Doch,
182 803 1430 871 Hauptmann für den „Armen Heinrich", „Hannele" und
185 853 2684 916 „Fuhrmann Henschel“, und einmal Otto Erich Hartlebensich habe schon zu viel von mir und meinem Schaffen gesprochen“,
1425 897 2699 966 schloß der Dichter, indem er mir mit freundlichstem Lächeln die
184 903 1432 962 für „Rosenmontag". Unter den österreichischen Dichtern wurde
178 941 1800 1013 bloß Ludwig Anzengruber mit dem Preis einmal aus= Hand reichte ...
179 1004 404 1086 gezeichnet.
297 1033 1449 1134 „Zwischenspiel“ entstand im Jahre 1904 und wurde zum
175 1104 1464 1174 erstenmal am 12. Oktober 1905 und zuletzt am 6. September
187 1155 1470 1221 1907 am Burgtheater aufgeführt, im ganzen 17mal. Das Stück
176 1210 1456 1268 behandelt ein interessantes psychologisches Problem aus dem Ehe¬
177 1244 1463 1328 leben eines Künstlerpaares und es ist mehr auf das geistvolle
185 1312 1315 1384 Räsonnement als auf starke dramatische Vorgänge gestellt.
280 1369 1450 1433 Einer unserer Mitarbeiter suchte gestern unmittelbar nach
185 1415 1471 1490 der Entscheidung der Jury Herrn Artur Schnitzler auf und
187 1475 1117 1546 berichtet uns über seine Unterredung wie folgt:
529 1531 1104 1615 Bei Artur Schnitzler.
289 1570 1459 1665 Auf einem Spaziergange um den Türkenschanzpark, in dessen
184 1662 1461 1705 Nähe Schnitzler seit einigen Jahren sein Heim aufgeschlagen hat,
187 1696 1467 1759 treffe ich den Dichter an, noch überrascht durch die ihm kurz
185 1747 1461 1821 vorher zugegangene Nachricht von der Zuerkennung des Grillparzer¬
194 1768 1471 1858 Preises. Daß ihm die Auszeichnung und insbesondere dem
192 1825 1478 1914 „Zwischenspiel“ zuteil werden wird, daran hatte Schnitzler nicht
186 1868 1475 1958 gedacht, zumal die Nachricht zuletzt kursierte, daß das Kollegium
191 1933 1476 2008 Schönherr und Wildenbruch in Betracht gezogen habe. Wir gehen
189 1987 1490 2045 eine Strecke lang an verschneiten Gärten und Villen vorbei, sehen
183 2036 1490 2103 einen Moment der Schuljugend zu, die auf etwas abschüssiger
184 2078 1302 2145 Bahn unter Lachen und Lärmen dem Rodelsport huldigt.
306 2131 1473 2203 „Eigentlich gehört „Zwischenspiel“ nicht zu den Sachen, die
184 2164 1464 2245 mir innerlich nahestehen,“ sagte Schnitzler, „seine kleine Welt er¬
193 2234 1460 2304 scheint mir zu abgeschlossen, die Fenster der Stuben, in denen das
191 2284 1474 2342 Stück spielt, sind einem kleinen Garten zugewendet, und es ist mit
199 2326 1466 2397 dem ganzen Drama so, daß von ihm kein Weg ins große Leben
199 2378 1482 2450 führt, zu anderen Menschen. Es fehlen die großen Beziehungen
196 2427 1466 2497 zu einem Allgemeinen und deshalb wohl kann es mich
190 2474 1463 2551 nicht befriedigen. Mir selbst ist der „Einsame Weg“, ja auch
202 2517 1466 2588 „Der Ruf des Lebens“ durch seine ersten Akte, auf denen, wie
192 2577 1469 2635 ich glaube, Schicksalsschwere liegt, sympathischer. Es ist bei mir
204 2608 1474 2691 so, daß ich eine empfangene Stimmung oder Idee in einem ein¬
195 2671 1484 2737 zigen Werke nicht in allen Verzweigungen und Nuancen ausgebeu
193 2703 1482 2775 kann, daß mir noch ein Ueberschuß bleibt, der in mir aufs neue
203 2770 1464 2837 produktiv wird und mich zu anderen Gedankengängen und Stim¬
194 2828 1471 2890 mungen hinüberführt. „Zwischenspiel“ ist abgeschlossen und für
195 2855 1469 2927 mich abgetan. Anders, wie noch bei vielen Sachen, erging es mir
207 2895 1474 2974 beim „Einsamen Weg“. Gestalten, die ich in dieses Stück bannen
199 2958 1479 3030 wollte, lösten sich los, kamen in andere Konflikte und es ent¬
201 3001 1481 3083 standen andere Stücke, Szenen. Diese Sachen haben dann keine
206 3043 1477 3121 andere innere Verwandtschaft als vielleicht etwa des Tones und
203 3102 1483 3174 der Stimmung, die mir vielleicht eigen sind. Oder aber es ge¬
212 3130 1483 3229 schieht, daß ich ein Stück oder eine Novelle fast bis zur Voll¬
205 3196 1482 3267 endung bringe, es aber in einer Stimmung der Abneigung lange
208 3242 1485 3317 liegen lasse, und eines Tages ruft es mich gleichsam wieder an,
208 3285 1488 3370 meldet sich, aber nun ist alles in mir anders und das Stück
204 3338 1493 3411 erhält eine innere Umformung, hat sich in mir stilisiert und es
204 3389 1490 3481 wird etwas ganz anderes, gehört dann einer anderen Stilart als
200 3449 705 3534 der zuerst gedachten an.
323 3490 1494 3574 „Es gibt in den Schaffensprozessen, die ich durchmache,
216 3554 1502 3626 Unterströmungen in mir, die mich nach verschiedenen Richtungen
214 3609 1488 3685 oft führen. Mein Sinn für das Leben und das Wirkliche wird
217 3647 1490 3729 zuweilen abgelenkt, hin zu einer Traumwelt, zum Märchenhaften.
208 3706 1497 3767 Sie werden das in meiner neuen Produktion vielfach finden, und
208 3751 1488 3816 ich habe mich, vielleicht nur vorübergehend, Stoffgebieten zu¬
214 3783 1488 3875 gewendet, die meiner Phantasie den freiesten Spielraum lassen.
218 3840 1491 3916 Deshalb begrüße ich die Bestrebungen und Leistungen Rollers in
217 3897 1501 3962 der wärmsten Weise. Die Dekorationskunst dieses modernen
213 3945 1496 4026 Meisters ermöglicht die Aufführung von Werken, die ausschließlich
219 4009 1489 4062 von der Phantasie inspiriert sind, weckt mit ihrer knappen
221 4030 1488 4106 Sprache, ihren Andeutungen und durch den Mangel einer künst¬
1469 4104 1540 4167 1
222 4092 1479 4163 lichen und illusionstörenden Wirklichkeit beim Zuschauer die stärkste
224 4150 1488 4210 Illusion und, was viel mehr ist, Ideenassoziationen, die ein Mit¬
2679 942 2736 1018 2
