3392 4352
1224 282 1764 383 box 40/2
225 293 1164 401 Grillparzer-Preis
2883 1691 3162 1778 Atsche
197 1713 2014 1813 Der Christrichsoziaten von Sandan, Kaptanrr gung deitere Fortscheitte.  —..
213 1796 3031 1868 Ewen geladen worden und dieser forderte in der serbischen Delegierten hofft man, daß der deutschfeindlich e=Demonstration.“
2158 1848 3164 1923 schon steht wieder eine andere vor uns, schlank,
216 1874 2178 1959 schenspiel". Nicht Schnitzlers stärkstes Stück.] Und so hat er uns eben wieder ein neues
2167 1900 3138 1969 vornehm, kühl wie der Herr von Sala, mit
1190 1920 2168 1985 Buch gegeben, während noch in leuchtenden,
217 1944 1199 2003 Nicht einmal eines seiner besseren. Ein
2163 1946 3141 2013 ruhigen, langen schmalen Händen, auf denen
1199 1960 2170 2029 nicht verblaßten Farben die Erinnerung an
211 1984 1186 2060 Lückenbüßer, der damals allerdings, da ihn
2152 1994 3144 2076 ein roter Rubin wie ein Plutstropfen leuchtet
1192 2012 2156 2082 sein letztes Werk, an den „Ruf des Lebens“
215 2031 1203 2094 nun einmal doch Schnitzler und nicht etwa
2219 2050 2998 2113 das ist der Freiherr von Leisenbohg.
1182 2057 2170 2122 in uns lebt, während aus der Ferne, aus
214 2074 1199 2147 Otto Ernst geschrieben hat, an Geistreichtum
2250 2066 3145 2153 „Dämmerseelen“ heißt Schnitzlers neues
1200 2108 2172 2183 seinem „Einsamen Weg“ uns noch der Herr
209 2127 1198 2202 den literarischen Gesamtertrag der ganzen
2166 2146 3144 2207 Buch, es ist ein Novellenband und das ist
1187 2157 2166 2223 von Sala zulächelt, dieser vornehme, kühle,
212 2177 1197 2244 Saison aufgewogen hat. Daß sich die Preis¬
2163 2188 3141 2264 wunderlich, denn nichts ist schwerer und un¬
1198 2208 2166 2280 schlanke Mensch mit dem kalten, kranken Her¬
208 2228 1197 2293 richter just für dieses Stück Schnitzlers ent¬
2163 2257 3152 2302 dankbarer für einen großen Künstler, als No¬
1191 2254 2166 2333 zen, der an dem Sterben befreundeter Men¬
220 2283 1194 2348 schieden haben, darf man ihnen nicht zum Vor¬
2162 2285 3139 2356 vellen zu schreiben. Die letzten drei Zeilen der
1199 2300 2170 2372 schen gleichgiltig vorübergeht, weil er sich im
218 2321 1197 2400 wurf machen. An der heimatlichen Kultur¬
2163 2327 3145 2411 letzten Seite, das ist das Problem, an welchem
1189 2348 2170 2415 Dunkeln nicht fürchtet, auch wenn er allein
227 2369 1198 2445 schande, daß von Schnitzlers Dramen der letz¬
2164 2374 3146 2453 die meisten Novellisten scheitern. Hiersgilt
1206 2402 2167 2467 ist. Vielleicht auch, weil er es aufgegeben hat,
219 2413 1200 2487 ten Jahre nur das „Zwischenspiel“ den Weg
2171 2422 3149 2498 es nämlich, dem Leser nach kurzer Zeit Men¬
1200 2449 2175 2517 die Welt in Versen zu erleben (denn alle
218 2465 1203 2543 auf eine Wiener Bühne gefunden hat, ist ja
2168 2469 3150 2548 schen, die ihm lieb geworden sind, Gestalten
1198 2501 2166 2570 Dinge schmerzen, glaub'ich, erst dann, wenn
220 2514 1206 2592 nur einer von ihnen aktiv beteiligt. Aber der
2180 2525 3148 2596 in die er sich hinein gelebt und hinein gedacht
1196 2555 2171 2620 man sie in Verse gebracht hat ...). Und der
215 2553 1210 2634 Schöpfer des „Zwischenspiels“, der von der
2173 2572 3151 2645 hat, für immer zu rauben. Den wenigsten
1193 2594 2168 2657 unberührt von allem Leid ringsumher, inner¬
217 2609 1206 2679 Jury den Preis erhielt, ist schon lange tot, von
2160 2630 3156 2687 Dichtern gelingt dies, fast immer bleibtsUn¬
1197 2639 2175 2709 lich unbehelligt von dem großen Welken des
221 2653 1209 2742 Schnitzler selbst gefällt und die Herren haben
2179 2666 3150 2743 willen und Unmut zurück, der Leser möchte
1208 2695 2165 2758 Herbstes, in den er hineingeraten ist, schließ¬
214 2706 1206 2773 einen längst Ueberwundenen ausgezeichnet.
2170 2717 3155 2803 mehr hören, über die Menschen, denen er eben
1208 2724 2172 2807 lich an seinem kranken Herzen stirbt, an seiner
218 2756 1204 2821 Denn kein Dichter kann grausamer gegen den
2175 2764 3163 2849 noch so nahe stand, findlist enttäuscht, wenn
1196 2790 2175 2848 Privatangelegenheit also, die die fremden, zu¬
221 2811 1199 2870 Dichter wüten, als dieser Dichter selbst es tut,
2169 2818 3158 2891 der Dichter schweigt. Schnitzler aber behandelt
1205 2837 2163 2910 dringlichen Menschen nichts angeht, Gottsei¬
217 2857 1199 2928 der mit jedem Stücke gebieterisch zu verlangen
2162 2874 3165 2936 den Leser klug und machsichtig, wie der Arzt
1203 2901 1360 2974 dank.
217 2904 1210 2981 scheint, man möge den Schnitzler des letzten
2171 2923 3156 2989 ein ungebärdiges Kind. Er führt ihn an der
1284 2906 2176 2992 Noch ist diese Gestalt, die feinste, die
226 2948 1221 3041 Stückes vergessen und verleugnen und an den
2770 2965 3154 3066 Urrgendwetwas
1194 2972 2854 3056 Schnitzler gelungen ist, nicht verblaßt und Hand und deutet plötzlich auf¬
228 3010 605 3093 neuen glauben.
2670 3017 2809 3095 1
