3392 4320
1309 237 1768 346 box 40/2
262 228 1209 350 Grillnarzer-Preis
1182 1269 1560 1364 Telephon 1280.
442 1427 514 1503 8
489 1475 1367 1592 MMEPTLS
435 1558 519 1613 4
446 1518 1584 1637 O l. österr. behördl. konz. Unternebmen für Zeitungs-Ausschnitte
612 1590 1486 1706 Wien, I., Concordiaplatz 4.
449 1639 508 1684 □0
836 1684 1272 1752 Vertretungen
438 1713 545 1766 4
462 1706 1593 1820 0 in Berlin, Budapest. Chiengo, Christiania, Genf, Kopen¬
452 1747 1592 1875 nagen, London, Madrid, Mailand, Minncnpolis, New -Vork,
556 1791 1572 1904 Paris, Rom, San Francisco, Stockholm, St. Petersburg.
868 1850 1257 1917 (Cuelienangabe ohne Gewüar.)
468 1828 1577 2025 entenit anehe Pren Parstelan
465 1942 524 1991 2
793 1955 1278 2049 20. JnNUnk 1908
481 2011 563 2062 5
479 2039 512 2063 #
463 2047 717 2124 fx vom:
421 2117 1555 2193 Der neue Träger des Grillparzer=Preises.
467 2158 1560 2255 Der Grillparzerpreis, der zweimml an Gerhart Hauptmann, zwei¬
417 2223 1557 2290 nal an Wilbrandt, je einmal an Anzengruber und Hartleben fiel. ist
417 2268 1561 2322 in diesem Jahre dem Wiener Dichter Arthur Schnitzler für seine
416 2300 1568 2362 Komödie „Zwischenspiel“ zuerkannt worden, die im vorigen Frühjahr!
428 2342 1559 2417 sum ersten Male am Hofburgtheater der Kaiserstadt aufg=führt
410 2390 1572 2466 wurde. — Schnitzler, der Medizin studiert hat und in Wien als Arzt
1101 2588 1150 2635 —
1088 2666 1135 2711 2
920 2722 1110 2813 448
740 2787 870 2883 70
1024 2855 1156 2925 S
853 2880 939 2954 (10
940 2931 1062 3003 000
658 3116 802 3208 —
1254 3145 1393 3334 8
1273 3303 1375 3367 20
1176 3322 1245 3382 S
699 3324 818 3422 *
1042 3351 1252 3434 (5 —
797 3419 1230 3486 Arthur Schntzler,
431 3480 1590 3550 tätig war, steht jett im############öffentlichte seit 1893
436 3534 1597 3585 eine große Reihe von Dramen, Erzahlungen, Humoresken und Ge¬
446 3557 1595 3625 dichten. Sein bekanntestes in Fraulfurt viel gegebenes Theaterstück
449 3603 1602 3658 ist „Liebelei“, das im Jahre 1895 crschien. Auch die Schnitzler'schen
444 3637 1612 3691 Einakter Abschiedssouper“ und „Literatur“ hat man hier öfter ge¬
439 3678 1614 3750 sehen und sich durch ihrer prächtig gelungene Satire vorzüglich ange¬
434 3738 683 3807 regt gefühlt.
2657 1060 3060 1155 Telephon 12801.
1914 1234 1994 1302 *
1896 1227 3030 1345 P ankreterrrterresnn
1907 1318 3063 1383 □ l. österr. behördl. konz. Unternehmen für Zeitungs-Ausschnltte
1957 1374 1995 1422 *
2077 1380 2946 1475 Wien, I., Concordiaplatz 4.
1893 1451 2002 1509 4
2294 1456 2724 1517 Vertretungen
1932 1499 3040 1585 0 in Berlin, Budapest, Chicago, Christiania, Genf, Kopen¬
1902 1542 3040 1608 hagen, London, Madrid, Mailand, Minneapolis, New-Vork,
2007 1589 3029 1637 Paris, Rom, San Francisco, Stockholm, St. Petersburg.
2324 1632 2704 1688 (Quellenangabe ohne Gewähr.)
1955 1674 2372 1767 Ausschnitt aus:
2347 1714 2517 1791 e Sait.
1903 1752 1939 1799 3
2549 1752 2773 1838 9 am Mtt
1896 1762 2418 1848 E vom: 20 0Kl. 1900
2771 1773 3003 1885 resum
2059 1855 2899 1945 aufsehen hat die Entscheidung des Grill¬
2003 1931 2673 1988 parzer=Preises erregt. Arbbur Sch
2570 1921 2882 1993 Mnitler hat
2015 1975 2891 2026 ihn bekommen, trotzdem er Oesterreicher, trotzdem
2016 2015 2883 2070 er Wiener ist. Ihm kam die Kunde am über¬
2018 2058 2883 2117 raschendsten. Ja, wäre Schnitzler draußen im
2016 2104 2885 2156 Reiche zu Hause, dann wäre die Sache gar nicht
2015 2140 2881 2195 merkwürdig, dann gliche sie einer Selbstverständ¬
2016 2190 2876 2244 lichkeit! Schnitzler hat sich selbst als „Outsider“
2008 2229 2878 2280 bezeichnet. Das Sonderbare an der Verleihung
2003 2265 2891 2332 dieses Preises liegt darin, daß er dem
2000 2314 2886 2365 Wiener Poeten zuerkannt wurde, weil
2012 2358 2880 2407 man sich über die „Favorits“ nicht einigen
1991 2402 2888 2456 könnte. In Oesterreich regiert einmal
2016 2445 2895 2497 das Cliquenwesen, und eine Clique hat für
2007 2489 2893 2541 den Tiroler Dichter Karl Schönherr, der gewiß
2019 2529 2890 2579 ein bedeutendes Talent ist, mächtig gearbeitet.
2015 2578 2897 2629 97 Dramen lagen den Preisrichtern zur Be¬
2005 2620 2896 2686 gutachtung vor, eine Partei wollte ihnen durch¬
2017 2663 2895 2724 aus begreiflich machen, daß Schönherrs neuestes
2014 2700 2902 2756 Werk „Erde“ das einzig in Frage kommende sei.
2017 2752 2899 2805 Wie vorsichtig diese Herren waren, bewiesen sie
2016 2797 2888 2860 dadurch, daß sie die Premiere des Dramas
2012 2833 2897 2893 „Erde“, die für Anfang Januar im Burgtheater
2017 2884 2893 2929 angesetzt war, hinauszuschieben wußten, um
2014 2917 2893 2966 durch das ungewisse Schicksal der Bühnen=Auf¬
2019 2964 2895 3041 führung ihre freundschaftliche Absicht nicht zu
2023 3005 2892 3076 schädigen. Das Burgtheater, das gerade
2016 3064 2882 3107 heuer auf die sogenannten „Urpremieren“
2023 3098 2893 3152 versessen ist, hat den Rang, das Werk des Oester¬
2025 3127 2901 3200 reichers aus der Böhnentaufe zu heben, der
2014 3184 2900 3243 deutschen Stadt Düsseldorf überlassen. Dort fand
2025 3231 2887 3289 „Erde“ keine sehr freundliche Aufnahme,
2024 3282 2883 3326 woran freilich der Dialekt und die dem rhein¬
2013 3316 2889 3365 ländischen Pubsikum nicht leicht verständlichen
2014 3359 2895 3429 Vorgänge aus der Tiroler Bauernwelt schuld
2021 3404 2885 3464 sein mögen. Dann brachte plötzlich, da die
2009 3444 2897 3512 Meinungen auseinander gingen, ein Preis¬
2011 3500 2888 3547 richter Schnitzler und seine Komödie „Zwischen¬
2003 3541 2891 3598 spiel“ in Vorschlag, das war die Erleuchtung,
2014 3578 2886 3631 und alle Mitglieder der Jury stimmten sofort zu.
2013 3625 2892 3669 Man spricht also wieder von Arthur Schnitzler,
2007 3668 2893 3709 und der Wiener Schriftsteller, der bescheiden und
2011 3708 2891 3765 ruhig in seiner Cottage=Wohnung arbeitet, tritt,
2011 3753 2891 3810 ohne daß er es wehren kann, in den Vorder¬
2005 3802 2893 3848 grund. Bei all der großen Verehrung, die er
2017 3840 2883 3896 genießt, ist er nicht entsprechend anerkannt und
2005 3880 2903 3957 voll gewürdigt! Ja, wäre er kein Oester¬
2004 3926 2275 4002 reicher!
