3392 4352
1900 108 3267 168 e n eenenhen
1888 155 2843 218 sweht uns an aus allen seinen Werken wie eine
2846 159 3309 214 Wenn wir selbst in (#
1883 211 2846 264 Strostliche Verheißung. In dem Einakter: Literatur
2851 209 3300 261 Spiel sind, dann — da
1894 240 2844 301 ist die Hauptsigur eine Frau, die spielt — und ge¬
2850 239 3305 311 setze, die wir einst auf de
1885 285 2380 354 winnt. So ist das Leben.
2834 290 3307 351 und Kulturmauern auf
1239 269 1751 367 box 40/2
141 261 1231 393 Grillparzer-Breis
2000 305 2839 381 Eines der nachdenklichsten Stücke ist Para¬
2853 329 3062 403 zu suchen.
1890 363 2859 429 celsus. Ich möchte es kurz stizzieren. Paracelsus
2953 350 3308 428 Ja, so sind wir
1892 419 2852 480 ist als verbummelter Student in die Welt gezogen
2950 415 3317 473 Und Schnitzler de
1891 465 2848 511 und kehrt als Zauberer und Wunderdoktor wieder
2851 460 3299 517 eine Reihe von Problen
1894 496 2854 542 — von den Leuten seines kleinen Heimatortes ange¬
2848 497 3244 561 nach seinem Sinn.
1899 534 2856 596 stannt. Nur Cyprian, der Waffenschmied, glaubt
2954 544 3308 601 Und in allen sein
1899 584 2847 630 nicht an ihn. Er bringt ihn in sein Haus und
2855 584 3314 652 rende Stimme: Resign
1896 628 2851 671 keizt ihn, seine Wunder zu zeigen. Und Paracelsus
2860 633 3311 704 Wege — für all die de
1899 671 2842 738 klüstert der schönen Frau Justina, des Waffen¬
2860 671 3309 741 menschliche Seele geht,
1902 710 2848 776 schmiedes Weib, zu, sie solle eine nicht begangene,
2854 709 3318 781 hen und Verzeihen un
1898 754 2844 804 aber dunkel ersehnte Schuld als begangen fühlen.
2854 758 3310 822 Wunderlampe wundersat
2853 807 3307 875 von neuem, daß hinter
1891 803 2848 853 Sie schläft ein — erwacht und gesteht. Cyprian,
2855 844 3191 908 täuschung lauert.
1890 845 2846 908 zurch das Geständnis der Schuld aus seiner be¬
1903 886 2863 942 haglichen satten Ruhe aufgeschreckt, gerät in Angst,
2948 872 3308 948 Fur dieses merkw
1900 930 2846 998 bis Paraceisus sie von dem Spuk befreit und sagt:
2863 929 3319 994 den Grillparzerpreis bei
1024 944 1822 1040 Theater und Literatur.
2866 972 3318 1038 sten einer, der uns une
1893 988 2853 1046 „Es war ein Spiel! Was sollt es anders sein?
2857 1016 3308 1077 noch so vieles geben wi
1898 1034 2829 1080 Was ist nicht Spiel, das wir auf Erden treiben,
991 940 1695 1124 Sreseithen antien
2856 1056 3312 1118 mit brennender Fackel
1896 1072 2750 1120 Und schien es noch so groß und tief zu sein!
2854 1098 3304 1163 kunft hineinleuchten un
1895 1113 2760 1159 Mit wilden Söldnerscharen spielt der Eine.
1108 1103 1626 1185 0 Von Marie Holzer.
966 1113 1119 1198 ##1.
2859 1147 3325 1218 die Entwicklung langsan
1900 1149 2785 1202 Ein anderer spielt mit tollen Abergläubischen,
999 1159 1892 1240 Arthur Schnitzler hat den Grillparzerpreis be¬
1894 1191 2752 1237 Vielleicht mit Sonne, Sternen irgend wer, —
912 1222 1881 1278 kommen! Wie eine Siegesnachricht tragen es die
1896 1228 2728 1274 Mit Menschenseelen spiele ich. Ein Sinn
1894 1263 2743 1314 Wird nur von dem gefunden, der ihn sucht.
923 1263 1892 1309 Zeitungen in alle Welt. Denn er ist der Reifsten
1902 1302 2800 1347 Es fließen in einander Traum und Wachen,
929 1312 1886 1363 einer, der uns unendlich viel gegeben. In jeder sei¬
1895 1337 2760 1385 Wahrheit und Lüge. Sicherheit ist nirgends.
912 1344 1886 1411 ner Dichtungen liegt ein Problem von wundersamer
1900 1379 2754 1444 Wir spielen immer, wer es weiß — ist klug.“
916 1394 1892 1450 Tiefe und er steht hoch darüber, auf einer hohen,
916 1451 1905 1494 hohen Sprosse, weit über der Parteien Haß und
1987 1422 2865 1502 Und dann im Grünen Kakadu: „Sein
921 1482 1863 1525 Gunst erhaben. Ein gütiger, abgeklärter Mensch —
1897 1489 2879 1542 spielen ... kennen Sie den Unterschied so genau —
924 1522 1884 1599 ein Weiser in des Wortes höchster, siegreichster Be¬
1893 1523 2874 1595 Chevalier?“ Ein Dichter und noch mehr ein
918 1570 1124 1630 deutung!
1894 1578 2871 1629 Zweifler — ein Seher — den das Leben aus schil¬
1012 1586 1887 1659 All die Gestalten seiner Bücher ziehen mir
1895 1614 2886 1690 lernden Märchenaugen anblickt und deren tiefstes
919 1647 1891 1704 durch die Seele. Der arme, kleine Leutnant Gustl,
1891 1663 2357 1728 Dunkel ergründen will.
918 1695 1902 1758 dessen natürliches Empfinden in Widerstreit liegt
1987 1682 2885 1764 Im „Zwischenspiel“ wird uns die Geschichte
944 1737 1889 1790 mit anerzogenen Ehrbegriffen, dies Schwanken
1902 1739 2874 1811 einer Ehe vorgeführt, die auf Freiheit, auf Wahr¬
912 1784 1886 1829 zwischen Einsicht und Pflicht — und endlich dieser
1904 1778 2872 1852 haftigkeit aufgebaut ist und wo die beiden Ehe¬
924 1830 1891 1887 tröstliche Schluß, der plötzliche Tod des Beleidigers
1896 1823 2880 1890 gatten sich frei geben, in dem Moment, wo der##
917 1871 1884 1924 und all iene Gespenster, die Räuber seiner Schein¬
1888 1885 2880 1936 Mann fühlt, daß er eine andere liebt. Die Fraus
928 1913 1888 1964 ehre— sind nichts als ein böser Spuk gewesen.
1900 1920 2884 1982 ist verzweifelt — und schweigt. Und dann — nach¬
924 1961 1884 2007 Dann Frau Beria Garlan. Die langsam erwachende
1902 1960 2879 2026 dem das Zwischenspiel bei ihm vorüber, will er zu
929 2002 1886 2055 Sehnsucht nach Glück in dem Herzen der jungen
1902 2008 2874 2070 seiner Frau zurückkehren, die durch einen neuen
921 2041 1896 2108 Witwe, wie sie ihm entgegengeht — suchend, ta¬
1895 2043 2872 2099 Erfolg als Bühnenkünstlerin ihm in erneutem
926 2082 1896 2148 stend und doch unentwegt— wie die große Liebe
1896 2092 2870 2153 Lichte erstrahlt. Aber sie will nicht — sie will ihm
929 2128 1892 2180 sie sehend macht — sie emportragt über alle klein¬
1901 2145 2872 2197 Freundin sein — nichts weiter, wie sies ausge¬
922 2174 1882 2232 lich=engherzigen Bedenken, und dann der kurze
1902 2179 2874 2237 macht, sie will sich treu bleiben, „denn worin wären
918 2218 1888 2263 Rausch, der ihr kaum zum Bewußtsein kam — kaum
1902 2229 2874 2294 wir jetzt besser, als all die Anderen, die wir ver¬
927 2253 1892 2310 ihr Sein erfüllte und an den sie doch unzählige,
1897 2264 2092 2334 achten?“
929 2310 1896 2362 frohlockende Hoffnungen knüpfte und dann die kalte
1998 2283 2883 2360 Und trotzdem geht er nicht. Mann und Fraus
927 2347 1894 2402 Douche, daß sie ihm nichts bedeutet als eine kurze
1905 2341 2880 2408 stehen sich gegenüber, vor Welt und Menschen ge¬
927 2391 1892 2445 Episode. In fast allen Arbeiten Schnitzlers: Lie¬
1896 2389 2875 2454 hören sie einander an — trotz ihrer Kompromisse
926 2429 1891 2486 belei, Freiwild, Märchen, Die griechische Tänzerin,
1905 2435 2867 2500 und trotzdem wie — wie grausam wirkt hier — die
925 2467 1882 2528 Lebendige Stunden, in allen zeichnet er die deutsche
1897 2487 2167 2547 Leidenschaft.
917 2514 1901 2592 Frau, deren Grundzug die Treue ist. Im Manne
1978 2497 2890 2582 Und dann — besteht sie auf dem Auseinander¬
923 2568 1892 2615 liegen Leidenschaft und Vernunft in ewigem
2012 2573 2880 2639 — er ist verzweifelt und geht — aber wir
1906 2570 2021 2633 gehen
925 2604 1881 2662 Kampse. Er ist beider Sklave und schwankt hin und
1898 2611 2448 2682 ahnen, daß er wiederkommt.
921 2646 1886 2701 her — ruhelos — ohne den Schwerpunkt zu fin¬
1971 2634 2869 2717 Die Frau ist die Starke. Sie hat sich durch
921 2693 1869 2750 den! Die Frau aber nimmt selbst eine Liebelei —
1898 2702 2868 2757 Jahrtausende alle Zucht in der Gewalt, sie kann
919 2730 1886 2799 eine Liebschaft — ein Intermezzo ernst — die ist
1892 2738 2873 2806 schweigen und leiden — sie kann schweigen und sich
920 2775 1728 2840 immer mit ihrem ganzen Herzen dabei.
1894 2797 2054 2858 sehnen.
1010 2794 1900 2879 Ich las einmal irgendwo eine wie mir dünkt
1986 2810 2869 2901 Die ganze Kraft der Liebe liegt in der Beherr¬
918 2867 1883 2921 vortreffliche Charakterisierung der mitteleuropäi¬
1899 2870 2051 2947 schung!
923 2906 1888 2958 schen Frau. Die Italienerin sagt: Er hat mich ge¬
1965 2907 2864 2984 Unsere ganze Gesellschaft und Geselligkeit ist
918 2946 1890 3006 liebt, er hat mich verraten, ich werde mich rächen,
1900 2955 2880 3011 auf Höflichkeit aufgebaut, einer verfeinerten Form##
922 2990 1879 3054 wo ich kann. Die Spanierin: Ich werde ihn töten.
1896 2997 2868 3056 der Lüge. Warum soll oder kann es im Kleinen an¬
916 3038 1886 3095 Die Französin: Ich werde mich mit einem anderen
1902 3038 2857 3100 ders sein als im Großen? Ist ein Zusammenleben
912 3076 1894 3129 trösten. Die Engländerin: Gut, daß er mich nicht
1900 3098 2864 3152 überhaupt möglich auf Wahrhaftigkeit gegründet,
923 3124 1883 3176 bestohlen hat. Und die Deutsche: Ich hab ihn ge¬
1903 3137 2855 3190 absoluter Wahrhaftigkeit? Wenn man alles sagen
923 3160 1888 3233 liebt, er hat mich verraten — ich werde beten, daß
1889 3179 2861 3229 würde, was uns durch die Seeele zieht, immer, wäre
914 3209 1286 3277 er glücklich werde.
1896 3233 2875 3284 es nicht oft eine Entweihung — oft eine Grausam¬
1016 3236 1882 3304 Das ist ein Grundzug der deutschen Frau. Sie
1903 3267 2484 3328 keit — oft sogar ein Frevel?
918 3286 1887 3339 ist sentimental und nimmt die Liebe ernst in jeder
1972 3301 2906 3374 Ist Aufrichtigkeit nicht ein Hirngespinst? Auf¬
914 3333 1891 3403 Form — sie spielt nicht — sie liebt wirklich. Und
1898 3346 2879 3407 richtigkeit, Wahrheit, die von tausend Zufälligkeiten,
923 3376 1834 3444 daraus ergeben sich die allermeisten Konflikte.
1011 3398 2871 3462 Und in all seinen Arbeiten schwingt leise, leise tausend Launen abhängig ist? Ist Wahrheit etwas
1892 3440 2871 3491 Feststehendes oder hat sie hundertfache Gestalt, hun¬
919 3452 1898 3515 ein Ton mit, unhörbar oft, vom glänzenden Or¬
1890 3486 2876 3553 dert Ecken und Kanten, hundert Seiten? Jede
911 3512 1885 3574 chester seiner reichen, wunderschönen Sprache be¬
1899 3529 2738 3595 hat ihre Berechtigung, hat ihre Begründung.
915 3542 1890 3611 gleitet, die sich wie ein Silberkranz um die tief¬
1990 3571 2876 3637 Wahrhaftigkeit! Ein Begriff, der nur im
917 3577 1899 3652 uinnigen Handlungen windet, ein Spott, ein lei¬
1893 3623 2872 3686 Hirn von Toren lebt, von Träumern! Es gibt keinen
931 3630 1891 3698 ses Lächeln über unsere Ehr= und Höflichkeitsbe¬
1897 3663 2862 3726 Wahrhaftigkeit, darf keine geben. Und dann warum
914 3679 1886 3729 griffe. Er eifert nicht laut und vernehmlich wie
1901 3713 2861 3771 haftet dem Wort Wahrheit so ein Nimbus an und
932 3727 1890 3785 Ibsen, er lächelt bloß — sein kluges, seines Lä¬
1901 3754 2853 3812 in Wirklichkeit ist sie doch meist so brüsk, so hart.
926 3746 1895 3826 cheln. Alles sollte verstummen vor dem Gott im
1893 3787 2870 3857 Warum ist die Lüge so verfehmt, und in Wirklichkeit
915 3797 1885 3861 Innern dessen Majestät allein wir uns beugen
1896 3833 2877 3907 lieat in ihr soviel Heroismus? Ist denn all unsere
928 3846 1895 3900 sollen. Aber daß der Gott im Innern eine Mase¬
916 3889 2867 3955 stät sei, darauf kommt es an. So sagt er im Mär= Beherrschungskunst nicht auch Lüge? Tausend sol¬
1898 3927 2877 3985 cher Fragen stürmen auf uns ein — während die
921 3940 1890 3991 chen: „Wenn die Frauen nach Deinem Prinzip
1891 3971 2868 4038 Handlung an uns vorüberzieht. Und dann sagt er
916 3985 1883 4036 handelten, dann könnte man sie auch darnach be¬
915 4014 2866 4072 #urteilen. Aber vergiß nicht, die wenigsten haben uns, daß eben nur das Aeußerliche uns Halt gibt.
921 4070 2865 4135 das Bewußtsein, daß unsere Gesellschaft auf einer Konvenienz — Schamgefühl — Rücksicht — Sitte,
