3392 4352
1273 334 1727 429 box 40/2
214 337 1134 451 Grillparzer-Preis
1427 1239 1619 1310 Nonzbuch.
832 1290 2229 1391 Schuhen schüttelten und den Staatsdienst verließen, dann würden die Herren Direktoren
824 1354 2217 1435 bald nicht mehr wissen, wie sie Schule halten sollten. Die Zahl der Kollegen, die sich mir
825 1406 2221 1492 in Schrift und Rede als Gesinnungsgenossen bekannt haben, ist größer, als Herr Coste
838 1453 2231 1538 annehmen dürfte. Während ich schreibe, kommt mir der „Tag“ vom vierzehnten Januar
833 1499 2233 1585 in die Hände, worin der Oberlehrer Dr. Albert Gruhn einen kleinen Aufsatz über das
838 1556 2235 1639 Thema: „Eine neue Art der Jugenderziehung“ (also doch?) veröffentlicht. Seine Worte
829 1600 2232 1688 kommen mir sehr gelegen und sind mir wie aus der Seele geschrieben; sie berechtigen
831 1659 2230 1732 mich zu der Hoffnung, daß bald noch weitere Gesinnungsgenossen helfen werden, unser
842 1710 2229 1787 neues Erziehungideal seiner Verwirklichung entgegenzuführen. Durch den Spott der
839 1746 2232 1836 Konservativen ist noch keine fortschrittliche Bewegung dauernd zurückgehalten worden.
958 1839 2232 1928 Herr Karl Jentsch hatte im Dezember hier an ein Wort Goethes über das schwäch¬
838 1896 2234 1985 liche Epigonengeschlecht der Dichter erinnert, das sich auf sein Talent nicht gar so viel
854 1952 2234 2028 einbilden dürfe. Jentich konnte die Stelle in den Gesprächen mit Eckermann nicht finden.
851 1999 2239 2078 Einzelne Leser waren glücklicher. Einer schreibt, offenbar sei die folgende Stelle gemeint:
851 2049 2233 2132 „Hier', sagte Goethe, steht in der Allgemeinen Zeitung ein Gedicht an den König (von
856 2092 2246 2182 Bayern), das der Kanzler mir vorlas und das Sie doch auch sehen müssen. Goethe gab
858 2137 2248 2236 mir das Blatt und ich las das Gedicht im Stillen. „Nun, was sagen Sie dazu? fragte
852 2191 2245 2293 Goethe. Es sind die Empfindungen eines Dilettanten', sagte ich, der mehr guten Willen
847 2269 2269 2326 als Talent hat und dem die Höhe der Literatur eine gemachte Sprache überliefert, die für
842 2291 2250 2397 ihntönt und reimt, währender selber zu reden glaubt.: Das sind nun nicht Goethes Worte,
855 2328 2264 2448 sondern Eckermanns (in dem die Erinnerung an Schillers Lenion von der „gebildeten!
858 2389 2234 2482 Sprache“ nachtönte) Wahrscheinlicher klingt die Vermuthung, Jentsch habe an das Ge¬
859 2440 2317 2534 spräch vom neunundzwanzigsten Januar des Jahres 1827 gedacht, über das Eckermanng ##
854 2485 2249 2567 berichtet: „Hieran knüpften sich manche Betrachtungen über die Produktionen unserer
872 2537 2256 2624 neusten deutschen Dichter und es ward bemerkt, daß fast keiner von ihnen mit einer guten
868 2586 2250 2681 Prosa aufgetreten. „Die Sache ist sehr einfach;, sagte Goethe; um Prosa zu schreiben,
868 2638 2250 2726 muß man Etwas zu sagen haben; wer aber nichts zu sagen hat, kann doch Verse und
865 2685 2256 2764 Reime machen, wo dann ein Wort das andere giebt und zuletzt Etwas herauskommt,
867 2730 2287 2822 das zwar nichts ist, aber doch aussieht, als wäre es was:" Noch zwei Stellen. Amsieben= □
872 2803 2252 2870 zehnten Januar 1827:„Ich sehe immer mehr, daß die Poesie ein Gemeingut der Mensch¬
861 2834 2299 2929 heit ist und daß sie überall und zu allen Zeiten in Hunderten und Aberhunderten von#
872 2889 2268 2971 Menschen hervortritt. Einer macht es ein Wenig besser als der Andere und schwimmt ein
870 2948 2271 3027 Wenig länger oben als der Andere: Das ist Alles. Jeder muß sich eben sagen, daß es
873 3007 2316 3067 mit der poctischen Gabe keine so seltene Sache sei und daß Niemand eine besondere Ur=—
875 3030 2270 3130 sache habe, sich viel darauf einzubilden, wenn er eingutes Gedicht macht.“ Und am fünf¬
866 3082 2269 3180 zehnten April 1829: „Das Verführerische für junge Leute ist Dieses: Wir leben in einer
879 3134 2262 3225 Zeit, wo so viel Kultur verbreitet ist, daß sie sich gleichsam der Atmospäre mitgetheilt
874 3168 2262 3263 hat, worin ein junger Mensch athmet. Poetische und philosophische Gedanken leben und
870 3226 2275 3303 regen sich in ihm, mit der Luft seiner Umgebung hat er sie eingesogen; aber er denkt, sie
879 3284 1900 3381 seien sein Eigenthum: und so spricht er sie als das Seinige aus.“
980 3378 2254 3464 Da wir gerade bei der Literatur sind, rasch ein paar Worte über die neuste Dichter¬
885 3444 2259 3519 preisverleihung. In Oesterreich giebts eine Grillparzer=Stiftung, die, so heißts im Sta¬
882 3468 2273 3576 tut, „die Aufgabehat, zur Hebung der deutschen dramatischen Produktion durch Verthei¬
889 3524 2296 3616 lung von Preisen beizutragen." Die Frage, ob mit solchen Mitteln eine „Hebung möglich
