3344 4352
1281 313 1740 413 box 40/2
209 317 1179 415 Grillparzer-Preis
2435 1674 3053 1749 —eheLesimausapir
2002 1686 2323 1775 ec
550 1699 1630 1784 envidere ich mit treuen Wünschen für Wir —.
549 1746 3042 1837 ffolge Ihrer Bestrebungen. Der Kreis tätiger Teil=] Karlsruhr. Angenommen: als Telegraphengehilfe: Hug¬
113 1739 563 1825 muß von ihnen ge¬
1812 1776 3050 1847 Diebold in Mannheim. — Ernaunt: zu Postassistenten:
558 1798 1805 1861 nehmer an Verbreitung nütlicher Volksbildung wird immer größer
115 1800 556 1870 ne mächtige Volks¬
1802 1818 3055 1885 die Postgehilfen Gustav Dennig, Friedrich Wahl in Karlsrube,
552 1833 1800 1917 und die Erfolge haben in jüngster Zeit eine erfreuliche Wirtung
117 1848 561 1910 men Mitteln. Dazu
1810 1903 3048 1980 iviele: Das Schlummerlied, das sich reizvoll durch alle drei Akte
561 1901 1801 1989 Schmerz weder verbergen noch stilisieren will, und vielleicht ist
126 1929 561 1998 Opernhäusern dieser
1805 1959 3042 2024 zieht, der echt wienerische Rosenwalzer und das Vorspiel zum
562 1953 1803 2037 diese Aufrichtigkeit und Rücksichtslosigkeit das wirkamste Element
120 1984 555 2044 von Weingartner die
1803 1991 3046 2065 britten Akt, das zweimal wiederholt werden mußte. Die stärkste
567 2023 1091 2106 des Puccinischen Werkes.
136 2014 558 2081 führt, werden Neu¬
1803 2035 3044 2112 Wirkung übten ein auf österreichischen Militärsignalen sehr ge¬
630 2036 1809 2128 Das eigentliche große Wiener Theatepereignis ist aber weder
144 2054 572 2141 Noch eifriger, wenn
1804 2096 3054 2167 schickt aufgebautes Duett und ein Cakewalk im dritten Akt. Das
566 2102 1794 2175 der Grillparzerpreis noch Puccini, jondernf natürlich die neue
120 2104 563 2182 rischen Erfolg ist die
1802 2130 3061 2197 Libretto stammt von Julius Bauer, eine gute Vaudeville=Idee,
556 2150 1798 2240 Leharoperette „Der Mann mit dex drei Franen“. Das war
110 2154 561 2225 nusikalische Moderne.
1815 2172 3053 2246 nämlich die Figur eines Reisemarschalls und Don Juans, der
565 2192 1799 2257 am Dienstag im Theater an der Wjen der richtige sensationelle
126 2195 564 2272 „Toska“ mit großer
1813 2229 3053 2288 in Wien eine legitime Frau und in Paris und London je eine
563 2233 1800 2315 Operettenpremierenabend, wie es ih vielleicht nur in dieser
124 2241 570 2320 auch ein Jugendwerk
1804 2263 3048 2339 illegitime Filiale hat, ist etwas schwächlich ausgeführt worden
567 2285 1799 2351 Stadt gibt. Ein aufgeregtes Durcheinander von hachgespannten
106 2298 559 2360 isten, nämlich sein
1803 2292 3053 2376 und in den drei Akten gibt es manche störende und ermüdende
568 2318 1809 2393 Erwartungen, unbestimmten Gerüchten und Vorurteilen. Wird
118 2342 559 2408 ine Entstehung reicht
1813 2360 3044 2437 Wiederholung. Auch eine große Zahl von mittelmäßigen und
566 2377 1804 2445 Lehar die lustige Witwe überireffen oder wird ihm überhaupt
121 2387 562 2458 aslande kennt man es
1813 2396 3047 2474 guten Witzen und einige brillante Scherze, was ja Julius Bauers
575 2425 1804 2489 nichts mehr einfallen? Der Komponist hat so ziemlich alle ent¬
102 2415 572 2509 n, sewohl in Italien
1810 2446 3051 2526 starke oder wenn man will schwache Seite ist, weil er darüber
577 2463 1800 2533 täuscht, die begeisterten Anhänger und die kritischen Gegner, er
105 2478 560 2548 wo man in Massenets
1819 2486 3038 2561 manche andere Notwendigkeit vergißt. Sehr hübsch und sorg¬
565 2509 1800 2588 ist dem ganzen Genre seines großen Erfolges aus dem Wege ge¬
118 2525 568 2587 wollte man lange von
1810 2548 3050 2613 fältig sind namentlich die Liedertexte, die stellenweise von einem
574 2551 1800 2637 gangen und befleißt sich diesmal wieder jenes sorgfältigen und
114 2567 558 2645 Lescaut nichts wissen.
1816 2593 3029 2655 selbstständigen Reiz und Wert sind. Der ungeschickte Versuch,
578 2603 1804 2668 einheitlichen Stils, der sich namentlich in seinen ersten Operetten
120 2597 560 2682 „Baheme und zuletzt
1801 2614 3048 2693 den in aller Eile van Berlin herbeigeholten Liebhaber Rudolf
576 2650 1801 2711 in schönen Ansätzen bemerkhar machte Er vermeidet nach Kräf¬
115 2650 559 2725 Ersilingserbeiten den
1816 2669 3048 2743 Christians an Stelle Treumanns als Gesangskomiker zu ver¬
568 2692 1805 2759 ten alle sogenannten Nummern und Schlager, er hat diesmal
116 2705 563 2774 der Voll#### hat sich
1806 2703 3059 2790 wenden, hätte den Abend beinahe gefährdet. Aber es war denn¬
568 2721 1811 2814 nicht für den Ballsaal und die Unterhaltungskonzerte geschrieben,
116 2748 566 2818 undsiff dem zweiten
1818 2771 3046 2831 noch ein lauter Erfolg mit allen ortsüblichen Merkmalen eines
577 2783 1815 2854 auch nicht für das Gramophon und sonstige Walzen, Lehar war
110 2797 575 2861 wirksanisss ist und das
1806 2811 3053 2870 siegreichen Premierenabends: Unzählige Hervorrufe für den Kom¬
576 2825 1811 2890 vielmehr bemüht, seine ganze musikalische Bildung, sein drama¬
105 2831 576 2903 ederholtwerden. Diese
1813 2864 3053 2928 ponisten und die Darsteller, ein Garten von Lorbeer und ähn¬
583 2876 1802 2936 tisches und orchestrales Können zu entfalten, seine Verwandi¬
113 2874 575 2951 denn Massenets Werk
1814 2898 3064 2974 lichen Nutzpflanzen, Tücherschwenken, Rührung, Begeisterung,
580 2915 1811 2991 schaft mit der komischen Oper zu bekunden. Das Beste an seiner
109 2933 568 2996 er Ohren und Gemüter
1806 2945 3053 3016 Uebertriebenheit aller Art. Tafür kann Lehar nichts und seine
571 2957 1806 3038 neuen Operette sind vaher auch die dramatischen und lorischen
127 2979 565 3045 düstere Bearbeitung,
1823 3002 3042 3056 Operette — dus ist halt wienerisch! Deshalb läßt sich im
575 2998 1816 3072 Elemente, die Dialogszenen, die Finalis und manche kleine Fein¬
101 3025 567 3084 an hat angedeihen las¬
1817 3036 3052 3095 Augenblick noch keineswegs sagen, ob die Operette 50 ober 500
566 3047 1807 3138 heiten, die im Theater spurlos vorüberhuschen. Auch sonst gibt
104 3057 566 3134 ncholischen Kapitel her¬
1823 3084 3048 3150 Mal gegeben wird. Der Ratschluß der Theaterdirektoren ist
572 3101 1812 3163 es viel Schönes, Zierliches und Fesches in diesen drei Alten,
110 3104 569 3177 öllig hingegeben an den
1815 3147 3068 3211 unerforschlich, sie lenten und wir — wir denken längst nicht mehr.
576 3142 1814 3204 wenn auch nicht in der mühelosen und freigebigen Fülle, durch
110 3155 578 3232 dieser Maßlosigkeit und
111 3188 1866 3285 die Jugend, die ihren j die Lehar das Publikum bisher verwöhnt hat. Ein paar Bei=1
