3344 4384
1281 304 1721 388 box 40//2
213 296 1225 412 Grillbarzer-Preis
1040 959 1447 1051 Telephon 12801.
286 1110 1437 1236 S MMrTTTTTnn
295 1216 1432 1287 □ l. österr. behördl. konz. Unternehmen für Zeitungs-Ausschnitte
293 1257 363 1302 60
454 1258 1347 1343 Wien, I., Concordiaplatz 4.
274 1300 382 1400 3
690 1344 1112 1419 Vertretungen
314 1396 1433 1465 0 in Berlin, Budapest, Chicago, Christiania, Genk, Kopen¬
285 1447 1440 1502 hagen, London, Madrid, Mailand, Minneapolis, New-Vork,
400 1479 1414 1526 Paris, Rom, San Francisco, Sterkholm, St. Petersburg.
699 1519 1093 1587 (Guclienangabe ohne Gewährs
295 1564 791 1652 5 Ausschnitt aus:
796 1594 1364 1698 REICHSPOST, WIEN
494 1641 559 1725 19
546 1650 776 1728 1. 1908
282 1674 505 1742 E vom:
570 1792 1173 1917 Streiflichter.
421 1908 1302 2001 Der niedergemetzelte Geschmack.
314 1973 1417 2039 Der künstlerische Triumph eines
268 2038 1451 2102 modernen Preß=und Götterlieblings.
366 2093 1446 2166 Signor Gabriele d'Annunzio gilt bei der frei¬
272 2145 1450 2213 sinnigen Presse als fast ebenso begabt wie bei Herrn
265 2206 1449 2275 Jakob Minor Herr Artur Schu# Denn
274 2244 1438 2299 schrieb dieser den „Reigen“ der Wiener Germanisten
270 2277 1435 2362 betört, so hat jener mit seiner „Lust“ den Exzeß des
274 2351 1443 2402 Wollüstlings zum Olymp erhoben. Und das ist ein Ver¬
266 2398 1438 2459 dienst, das eine Presse nicht hoch genug anschlagen darf,
267 2435 1440 2496 die Herrn Hermann Bahrs Glauben „die Welt werde
272 2492 1444 2555 nicht eher ruhen, als bis die Lust ihr höchstes Gesetz
276 2539 1442 2586 sei“, nicht nur teilt, sondern in die Praxis zu
266 2564 1441 2651 befördern befliessen ist. Signor d'Annunzio hat
263 2639 630 2695 nun aus dem
632 2635 1436 2703 Gemisch seiner romanisch=semitischen
655 2688 827 2744 neues
267 2686 620 2748 Instinkte ein
1319 2687 1440 2745 das
858 2688 1275 2748 Drama geformt,
265 2740 1435 2795 er „Das Schiff“ nannte und das im Theater Argentino
258 2762 1447 2848 in Rom eben ein hausgroßes Leck erlitt, obwohl es saftig
271 2839 1432 2891 antiösterreichisch ist und die Adria als „mare
256 2880 1442 2954 nostro“ für Italien beansprucht. Den Inhalt dieses
265 2927 1426 2989 untergegangenen Bühnenseglers gibt das „Berl. Tagebl.“
263 2972 730 3041 kurz und bündig an:
348 3008 1453 3093 Fünf Personen geblendet (davon vier zudem der Zunge
260 3075 464 3137 beraubt).
344 3102 1440 3188 Acht Personen vor den Augen des Publikums durch eine
251 3175 1438 3235 rothaarige und stark dekolletierte junge Dame mit Pfeilen
270 3224 418 3291 erlegt.
344 3253 944 3328 Eine Person beinahe erschossen.
340 3326 948 3383 Eine Person beinahe geblendet.
334 3375 960 3438 Eine Person beinahe gekreuzigt.
333 3417 1038 3490 Ein Brudermord auf offener Szene.
336 3465 687 3524 Ein Selbstmord.
328 3516 1450 3588 Ein toter Bischof; der Leichnam wird in stehender Stellung
269 3570 754 3624 auf die Bühne geschleppt.
330 3619 1446 3691 Ein Henker, der in einem Altarfeuer seine Instrumente
249 3657 576 3727 glübend macht.
352 3711 1444 3766 Dazu kommen: Eine nackte Haupthetäre und
249 3768 1444 3828 Tänzerin, sieben nackte Nebenhetären und Tänzerinnen,
257 3809 1435 3859 die den sogenannten heiteren Teil dieses Dramas besorgen.
248 3857 1433 3933 Welche Metzelei, um aus dem guten Geschmack eine —
255 3908 757 3987 Blutwurst zu machen!
2555 1111 2954 1200 Telephon 12801.
1787 1188 2242 1370 2 Modael
2235 1259 2933 1384 TTSnn
1783 1339 1829 1380 2
1790 1367 2935 1419 O l. österr. behördl. konz. Unternehmen für Zeitungs-Ausschnitte
1805 1407 1877 1453 60
1953 1414 2853 1515 Wien, I., Concordiaplatz 4.
1780 1480 1891 1542 4
2183 1493 2620 1551 Vertretungen
1805 1546 2934 1610 O in Beriin, Budapest, Chicago, Christiania, Genf, Kopen¬
1796 1592 1831 1623 *
1783 1606 2934 1649 hagen, London, Madrid, Mailand, Minneapolis, New-Vork,
1890 1629 2904 1674 Paris, Rom, San Francisco, Stockholm, St. Petersburg.
2201 1670 2582 1726 (Quellenangabe ohne Gewähr.)
1793 1696 2273 1797 Ausschnitt aus:
1782 1780 1848 1839 320
2329 1787 2875 1869 REICHSPOST, WIEN
1777 1829 2305 1925 # vom
1950 1926 2695 2031 „Der talentlose Verbrecher.
1834 1988 2920 2062 Daß die Judenpresse sich häufig wie eine Verbrecher¬
1749 2058 2917 2130 schule gibt, wurde schon oft gesagt und durch Belege er¬
1748 2110 2921 2190 wiesen. Der Abschluß des Prozesses gegen die Attentäter
1743 2154 2912 2200 ic Automobil, gegen das Verbrecherduo Hertzka und
1741 2198 2917 2258 Prosch gab den jüdischen Blättern, neuerlich Gelegenheit,
1745 2248 2913 2322 ihre geistige Richtung darzutun. Sie bedauern nicht etwa
1741 2296 2788 2352 das Opfer der frechen Verbrecher, sondern
2802 2309 2925 2376 den
1737 2348 2153 2416 „zum Verbrecher
2154 2352 2802 2422 gewordenen Philosophen“.
2799 2343 2920 2421 den
1737 2404 2956 2476 „großen Dichter“ Hertzka, der es leider noch nichtl#
1732 2458 2932 2531 zu einem Grillparzerpreis gebracht hat, wie
1738 2493 2618 2565 sein“ glücklicherer Stammesgenosse
2707 2499 2928 2581 Den
1732 2541 2908 2603 Rekord schlägt aber diesmal die „Arbeiuerzig.“, die in
1731 2594 2923 2662 ihrem abschließenden Kommentar zum Prozeß dem einen
1732 2619 2918 2713 der Verbrecher, dem Goj Prosch, eine scharfe Rüge erteilt,
1739 2675 2902 2761 daß er ein so geringes Verbrechertalent an den Tag
1730 2744 2913 2796 gelegt und das von Hertzka in ihn gesetzte Vertrauen
1738 2793 2905 2871 durchaus nicht gerechtfertigt habe. Das Fachorgan der
1745 2830 2128 2892 Platten schreibt:
1817 2887 2908 2937 Herzlich dumm war der Plan der zwei Leute, die sich für
1746 2924 2898 2992 übergescheit gehalten haben. Sie verübten eine Bluttat, die zwei
1743 2971 2897 3026 Menschen hätte das Leben kosten können aber die grausige
1738 3015 2900 3072 Tat war derart, daß sie ihnen den erhofften Gewinn nicht bringen
1734 3042 2898 3101 konnte. Keiner von ihnen konnte ein Automobil lenken (Wie
1747 3087 2903 3156 schade!) und abgesehen davon war der Glaube das Fahrzeug
1736 3127 2903 3192 in einem fremden Ort ohneweiters verkaufen zu können, eine
1733 3172 2895 3218 Utopie. Sie hatten die Kaltblütigkeit, die dazu gehört, einem
1731 3216 2894 3258 anderen Menschen mit Waffen ans Leben zu gehen, aber dem
1726 3252 2896 3303 einen von ihnen, dem Prosch, fehlte die
1733 3277 2898 3344 Selbstbeberrschung, die der Verbrecher
2018 3325 2127 3367 nd
1729 3318 1967 3370 braucht
2243 3330 2819 3376 hm das Schweigen
1724 3354 2905 3421 möglicht. Er redete vor der Tat so viel von einem Auto¬
1730 3408 2902 3455 mobil, daß er sofort nach der Entdeckung des Verbrechens dem
1733 3435 2902 3492 Bruder seiner Geliebten als der Täter erschien, und er konnte
1722 3479 2897 3537 sein Geheimnis vor seiner Geliebten nicht verbergen, die es in
1721 3522 2891 3567 dem Moment, da die Spur auf ihn gelenkt war, preisgeben
1722 3549 1876 3615 mußte.
1815 3600 2895 3662 Ein ganz talentloser, unfähiger Mensch, dieser
1720 3654 2898 3704 Prosch! Verbrecher, geht ihm aus dem Wege, schließt
1726 3698 2897 3766 kein Kompaniegeschäft mit ihm ab, sonst gehts schief.
1728 3745 2905 3804 Fachmännische Auskünfte erteilt gratis die „Arbeiter¬
1697 3779 1920 3891 zeitung“.
