3392 4352
234 323 1145 427 Grillparzer-Preis
316 764 1358 980 eeie ee reen
260 942 804 1038 S L. österrr venuu
266 988 337 1043 78
416 1004 1215 1119 Wien, I., Concordlapie.-
637 1099 1069 1168 Vertretungen
251 1149 287 1199 *
311 1136 1385 1241 in Berlin, Budapest, Chicago, Christiania, Genf, Kopen¬
250 1193 1389 1288 E hagen, London, Madrid, Mailand, Minneapolis, New-Vork,
253 1217 328 1256 0
350 1215 1361 1316 Paris, Rom, San Francisco, Stockholm, St. Petersburg.
244 1251 315 1296 00
662 1276 1052 1325 (Quellenangabe ohne Gewähr.)
237 1290 719 1384 6 Ausschnitt aus:
851 1318 1386 1417 REICHSPOST, WIEN
229 1404 454 1474 E vom:
506 1391 758 1479 7 1. 1908
441 1455 560 1510 1
292 1499 724 1631 „Theater,
737 1516 1361 1644 Kunst, Musik.
398 1626 1421 1697 Hofburgtheater. Durch die vielbesprochene Preis¬
243 1688 1423 1756 verleihung an Schnitzler ist heute die Wiederaufführung
256 1724 1427 1790 des Preisstückes „JMschenspiel“ möglich geworden.
262 1770 1423 1835 Aber auch dieser besondere äußere Anlaß, auch die tendenziöse
248 1822 1425 1900 Reklame wird nicht imstande sein, dem unerqnicklichen, von
253 1871 1403 1945 dem Verfasser als „Komödie“ bezeichneten Nicht=Drama wirk¬
255 1920 1412 1997 liches Bühnenleben einzuflößen. Die kritische Würdigung ist
244 1966 1408 2040 beim „Zwischenspiel“ längst abgeschlossen gewesen, auch die
233 1996 1428 2081 Freunde des Dichters hatten sich lange gewöhnt. gen#ha¬
202 2055 1385 2140 dieses Werk in der Lebensarbeit Schnitzlers nicht
202 2127 1382 2173 als vollwertig anzusehen. Die Entscheidung der Preis¬
200 2181 1383 2231 richter ist daher auch nach der heutigen Aufführung
218 2226 1382 2279 vom literarischen Standpunkt eine völlig rätselhafte und es
210 2269 1392 2338 kann in der Tut bie Erklärung des Falles #ulht#anders als
209 2310 1379 2370 aus der Parteistellung und moralischen Abhängigkeit der
214 2364 1373 2413 Preisrichter erklärt werden. Die modernisierte Ehe mit beider¬
208 2414 1389 2477 seitiger Freiheit sich „auszuleben", diese Ausgeburt neuerer
211 2456 1375 2503 Literatenphantasie, wiro mit Schnitzlers „Zwischenspiel“
205 2512 1382 2572 hoffentlich endgültig zu Tode gehetzt. An den Mustern einer
210 2565 1384 2617 gewissen französischen Halbliteratur herangebildet, leistete
216 2606 1375 2655 Schnitzler in den Theaterwerken „Freiwild“ und „Liebelei“
203 2655 1385 2701 das beste, was noch im Rahmen seines Talentes
200 2700 1386 2773 lag. Aber die Sucht nach höheren literarischen Er¬
216 2754 1380 2806 folgen brachte uns auch bei Schnitzler jenes
210 2795 1382 2850 Gemisch von Pornographie und Doktrinarismus, die das
209 2858 1388 2917 „Zwischenspiel“ kennzeichnen. Auch die erzwungene Nachahmung
207 2901 1396 2949 Ibiens kann über den mangelhaften sittlichen Ernst dieses
200 2949 1383 3010 durch geschraubte Unnatur und fürchterliche Langeweile charak¬
199 2999 1386 3047 terisierten dreiaktigen Gespräches nicht hinwegtäuschen. So
210 3044 1386 3095 erscheint uns auch das „Zwischenspiel“ als ein würdiges
211 3090 1391 3145 Musterbeispiel jener literarischen Gattung, die durch das
199 3140 1396 3199 bewußte oder unbewußte Streben nach
213 3183 1387 3254 sittlicher Verminderung gekennzeichnet
211 3246 1390 3305 ist, jener Gattung, die sich selbst als „Jung Wiener
196 3292 1394 3348 Literatur“ zu bezeichnen pflegt, bei der aber der
211 3329 351 3392 Name
350 3336 1393 3385 „Wiener Judendrama“ nicht vermieden werden
214 3386 342 3443 kann.
353 3378 1396 3446 Die heutige Aufführung gestaltete sich auch
211 3431 1381 3493 ganz offenkundig zu einer offiziellen jüdischen Siegesfeier.
214 3486 1396 3533 Nichts als Juden und wieder Juden, von den Proszeniumslogen
208 3534 1393 3593 bis zum letzten Platz auf der Galerie! Mit diesem Publikum
219 3584 1386 3627 über die Aufgaben der Wiener Hofbühne und die Ziele des
218 3624 1389 3684 deutschen Literaturstrebens zu rechten, wäre verlorene Mühe.
207 3683 1387 3736 Wenn sich aber auch die Vorgänge bei der Erteilung des
217 3731 1395 3779 Grillparzerpreises der näheren Untersuchung entziehen, so muß
209 3779 1388 3828 doch hier die Frage aufgeworfen werden, ob ein aus kaiser¬
211 3835 1401 3884 lichen Mitteln detiertes Kunstinstitut für derartige speziell
211 3873 1394 3933 jüdische Zwecke mißbraucht und geradezu in den Dienst jüdisch¬
1261 3924 1359 3986 N.
215 3923 1210 4004 freimaurerischer Organisationen gestellt werden darf.
1303 313 1736 400 box 40/2
2010 148 3112 208 neren eneene en ee enhere en Teteneg en-Kuneinie
2137 217 3011 308 Wien, I., Concordiaplatz 4.
2352 292 2791 355 Vertretungen
1969 335 3101 401 0 in Berlin, Budapest, Chicago, Christiania, Genf, Kopen¬
2006 374 2039 408 —
1962 402 3100 446 # hagen, London, Madrid, Mailand, Minncapolis, New-Vork,
1967 425 2052 465 0
2053 421 3080 489 Paris, Rom, San Francisco, Stockholm, St. Petersburg.
2372 466 2759 520 (Quellenangabe ohue Gewähr.)
1971 458 2045 512 00
1966 498 2011 545 —
1969 506 2442 582 6) Ausschnitt aus:
2859 513 3051 619 Ormatr
2818 528 2862 623 *
1964 556 2035 617 15
2219 574 2519 662 25 0Ml 190.
1948 603 2177 668 E vom:
2420 736 2774 833 Lheater.—
2146 818 2951 898 Der Sieger des Grillparzer-Preises.
2251 887 3034 960 bevorstehenden Auffüh¬
2069 884 2242 958 (Zur
2264 933 3035 998 von Arthur Schnitzlers
2070 939 2251 1011 rung
2919 970 3069 1049 e
2310 992 2843 1066 „Zwischenspiel
2157 1064 3032 1131 Eine literarische Genugtuung widerfuhr
2074 1125 3037 1177 uns Oesterreichern durch das bedeutungsvolle
2082 1166 3032 1229 Ereignis, daß das Preisrichter=Kollegium der
2071 1213 3035 1283 Wiener Akademie der Wissenschaften in seiner
2074 1260 3043 1332 am 15. d. M. gefällten Entscheidung dem
2084 1311 3032 1374 Dichter Arthur Schnitzler für seine Komö¬
2073 1358 3037 1434 die „Zwischenspiel“ den Betrag der
2075 1429 3041 1477 „Grillparzer = Stiftung zuerlannte, die Summe
2085 1448 3048 1525 von 5000 Kronen, die stistsbeirfgemäß jenes
2077 1491 3045 1585 zeutsche Literaturwerk erhält, das in dem der
2079 1549 3042 1652 letzten Preisverleihung folgenden Triennium
2079 1601 3054 1685 als das am meisten hervorragende allgemein
2089 1652 3052 1725 anerkannt, noch durch keine andere Ehrengabe
2081 1701 3054 1794 sausgezeichnet wurde und sich am Reperioire
2078 1749 3048 1831 einer namhaften deutschen Bühne befindet.
2081 1808 3043 1878 Seit 20 Jahren das erstemal, daß ein Lite¬
2077 1855 3046 1915 rat unseres Vaterlandes mit dieser: Beweise
2089 1901 3050 1988 uneingeschränktester Hochachtung bedacht
2081 1972 2255 2038 wurde!
2172 1990 3055 2069 Bekanntlich trug Ludwig Anzengruber
2558 2037 3061 2117 für seine auf Wiener
2079 2071 2550 2140 am 15. Jänner 1887
2085 2137 3058 2203 Boden fußende Weihnachtskomödie „Heim¬
2085 2176 3058 2260 g'funden“ den damals auf der Höhe von
2485 2241 2520 2282 —
2087 2229 2958 2301 1800 fl. stehenden „reis als erster und
2097 2291 3051 2355 bis auf Schnitzler — letzter Vertreter unserer
2101 2325 3066 2410 Monarchie davon. Innerhalb dieses Zeitrau¬
2092 2376 3069 2459 mes wanderten die Gelder der Grillparzerstif¬
2107 2428 3057 2508 tung durchgängig nach Deutschland und in
2112 2481 3058 2554 den letzten Jahren war es Gerhart Haupt¬
2103 2531 3056 2606 mann, der für „Hannele" „Fuhrmann Hen¬
2112 2574 3097 2667 schel" und „Armer Heinrich“ den Löwenanteil,
2110 2641 2603 2717 davon in Besitz nahm.
2197 2684 3061 2744 Unter den 94 der Beurteilung vorgeleg¬
2107 2724 3082 2810 ten Bühnenstücken ruhte das Hauptaugenmerk
2106 2761 3072 2860 der letzten Sessionen auf drei Dramen:
2104 2821 3085 2909 Schnitzlers „Zwischenspiel“ Schönherrs „Fa¬
2112 2874 3065 2947 milie" und Wildenbruchs „Rabensteinerin“.
2125 2921 3074 3006 Letzterwähntes Werk kam am Tage der Ent¬
2120 2977 2897 3060 scheidung gar nicht mehr in Betracht.
2201 3018 3084 3108 Die Rücksicht auf den inneren psychologi¬
2131 3081 3081 3161 schen Feingehalt des Schauspiels sowie dessen!
2129 3123 3087 3205 künstlerische Behandlung läßt die Krönung
2129 3168 3075 3254 der seit dem 12. Oktober 1905 am Burgthea¬
2126 3215 3088 3304 terspielplan befindlichen Komödie erklärlich fin¬
2129 3258 3096 3358 den, und wenn das Stück an sich schon vor¬
2125 3305 3098 3408 schriftsmäßig das Grundmotiv für die hohe
2138 3370 3091 3455 Ehrung bildete, so spielte nicht zum minde¬
2137 3422 3092 3508 sten auch der reich produktive Schrift¬
2140 3470 3096 3563 steller Schnitzler in die Erwägungen de¬
2132 3531 3107 3607 Kunstrichter mit hinein. Die Statistik der
2140 3565 3104 3657 Werke allein gestattet einen Ueberblick über
2137 3622 3088 3695 eine Anzahl von Schöpfungen (mehr als 25),
2137 3660 3104 3748 die man keinesfalls als literarisches Mittelgut¬
2143 3715 3100 3800 mit überlegenem Lächeln von oben herab be¬
2153 3758 3091 3851 trachten kann. Wir erinnern nur an die Zy¬
2149 3811 3101 3896 klen „Reigen“, „Anatot“, die Einakter „Para¬
2144 3874 3104 3957 celsus“, „Frau Berta Garlan“, namentlich aber
2156 3909 3112 4004 an die von Schnitzler selbst als ihm am glück¬
2158 3976 3107 4049 lichsten geraten und seiner dichterischen An¬
2159 4008 3119 4105 schauung am entsprechendsten Werke „Der ein¬
2148 4071 2981 4158 same Weg“ und „Der Ruf des Lebens“.
2235 4105 3112 4192 Karl Schönherrs „Familie“ stand in den
2433 4158 3114 4222 Kolleaiums der Schnitzlerschen
