3392 4352
1273 308 1725 397 box 40/2
209 308 1115 416 Grillbarzer-Preis
1154 1599 1534 1686 Telephon 12801.
396 1768 1544 1888 P amnerseAnen
399 1852 1554 1943 □ l. österr. behördl. konz. Unternehmen für Zeitungs-Ausschnitte
561 1920 1456 1998 Wien, I., Concordiaplatz 4.
804 1990 1226 2063 Vertretungen
414 2043 1547 2096 0 in Berlin, Budapest, Chicago, Christiania, Genf, Kopen¬
401 2107 450 2137 —
399 2083 1546 2152 S hagen, London, Madrid, Mailand, Minneapolis, New-Vork,
507 2117 1524 2199 Paris, Rom, San Francisco, Stockholm, St. Petersburg.
415 2155 485 2194 0
815 2171 1217 2234 (Quellenangabe ohne Gewahr.)
413 2204 904 2309 Ausschnitt aus:
409 2304 486 2348 230
633 2288 947 2379 25 Mi. 1008
941 2264 1501 2436 Wondhenbiat, Wian
415 2337 630 2406 E vom:
955 2354 1378 2466 —Abendblatt
366 2454 1620 2526 — Artur Schnitzler, der jüngste Träger des Grillparzer¬
210 2526 1618 2608 Preises ist im Spielplan des Hofburgtheaters bisher durch
218 2584 1075 2650 sechs seiner Bühnenwerke vertreten, nämlich:
340 2601 1633 2694 „Liebelei“, Schauspiel in drei Akten, vom 9. Oktober 1895 bis
224 2654 660 2723 22. April 1907: 36mal.
329 2679 1615 2763 „Das Vermächtnis“, Schauspiel in drei Akten, vom 30. No¬
214 2742 947 2814 vember 1898 bis 31. Mai 1899: 11mal.
335 2754 1633 2850 „Paracelsus“, Schauspiel in einem Akt, vom 1. März 1899 bis
218 2820 714 2873 7. November 1900: 12mal.
338 2849 1625 2912 „Die Gefährtin", Schauspiel in einem Akt, ebenfalls am
209 2895 1565 2945 1. März 1899 zum ersten Male gegeben, bis 29. September 1905: 14mal.
336 2937 1627 2985 „Der grüne Kakadu, Groteske in einem Akt, vom 1. März
215 2961 703 3046 bis 18. Mai 1899: 8mal.
443 3020 1631 3077 ischenspiel“ Komödie in drei Akten, vom 12. Oktober 1905
211 3039 797 3119 bis 6. September 1907: 17mal.
334 3085 1632 3159 Schnitzlers Name erschien sonach 98mal auf den Zetteln des
213 3137 557 3217 Hofburgtheaters.
1423 3146 1613 3247 W—r.
2701 522 3094 608 Telephon 12801.
1962 678 2018 744 *
2040 673 3081 791 MnRTEKHrErSKuen
1946 737 2029 785 415
1955 785 3080 848 O l. österr. behördl. konz. Unternehmen für Zeitungs-Ausschnitte
2113 826 2975 916 Wien, I., Concordiaplatz 4.
2339 904 2761 970 Vertretungen
1951 962 3081 1023 ( in Berlin, Budapest, Chicago, Christiania, Genf, Kopen¬
1931 1003 3087 1057 E hagen, London, Madrid, Mailand, Minneapolis, New-Vork,
2044 1040 3052 1088 Paris, Rom, San Francisco, Stockholm, St. Petersburg.
2313 1074 2744 1138 #-anellenangabe obne dewähr.)
2386 1101 2990 1214 Hochel Ceufief, Fürnberg
1975 1109 2383 1193 Ausschnitt au
1929 1134 1967 1173 1
2203 1191 2388 1267 1. 1905
1934 1202 2197 1287 E vom:
2223 1314 2780 1413 Wiener Theater.
2169 1388 2825 1470 Von Ludwig Hirschfeld.
2032 1463 3016 1526 * Wien, 23. Jan. Das bemerkenswerteste Er¬
1983 1500 3017 1559 eignis der letzten Theaterwochen, das auf den ersten
1981 1544 3003 1621 Blick gar kein Theaterereignis zu sein scheint, ist
1958 1596 3001 1660 die Verleihung des Grillparzerpreises an
1971 1649 3010 1729 [Artur Schnitzler. Seit Anzengruber ist kein
1971 1701 2995 1765 österreichichter dieser Ehrung mehr teil¬
1971 1750 3016 1815 haftig gewochen. Minder erfreulich ist es aber, zu
1971 1790 3011 1839 hören, in Pelcher Art diese Zuerbennung erfolgte.
1970 1836 3001 1900 Schnitzley unser Bester, erscheint da gleichsam als
1971 1882 3003 1944 Lückenbüßer, als ein Ersatzmann aus dem Hinter¬
1971 1937 2993 1990 grund, Auf den man sich im letzten Augenblick hastig
1968 1984 2999 2038 besann weil sich die Juroren über Wildenbruch und
1981 2018 2998 2091 Schönherr nicht einigen konnten. Noch bedenklicher
1971 2069 3008 2138 mutgt die Begründung des Schiedsspruches an. Die
1977 2125 2998 2194 Ehrung gilt seiner im vorigen Jahre am Burg¬
1951 2155 2988 2233 stheeter aufgeführten Komödie „Zwischenspiel“
1964 2200 3008 2274 Nicht ihm selbst, dem Kräftigsten und Echtesten des
1974 2262 3017 2335 ganzen jungen Wien, nicht seinen schönsten und
1967 2295 2994 2361 #tärksten Leistungen, der „Liebelei“ der „Leben#
1973 2359 2979 2400 digen Stunden“ oder dem „Schleier der Beatrice“
1969 2402 2993 2476 Von der Existenz dieser Werke scheint die Koms
1960 2443 2996 2501 mission in den ganzen letzten zehn Jahren nichts
1961 2484 2981 2561 bemerkt zu haben. Jetzt besann sie sich plötzlich auf
1969 2542 2999 2608 ihre österreichische Pflicht und Schuldigkeit, und in
1961 2581 2997 2649 aller Eile wurde die Komödie „Zwischenspiel“ preis
1965 2633 2989 2691 gekrönt und dadurch als das Beste hingestellt, was¬
1959 2685 2986 2739 in den letzten drei Jahren auf deutschen Bühnen
1957 2737 2981 2798 zur Aufführung gelangt ist, wie es im Stiftungs
1952 2774 2965 2850 brief heißt. Nun ist aber gerade „Zwischenspiel
1957 2824 2991 2897 eine zwar sehr feine und geistreiche, aber dennock
1957 2872 2976 2940 schwache Arbeit, namentlich in dramatischer und
1949 2927 2981 2980 theatralischer Hinsicht. Selbst für die Novellenforn
1961 2972 2990 3035 wäre dieses bißchen Ehebruchsfabel zu fein und zu¬
1961 3015 2985 3082 körperlos, die Art der psychologischen Behandlung
1952 3056 2970 3124 zu spitzfindig und zu ermüdend. Es wird hier nicht
1961 3116 2969 3166 Ehebruch geschrieben, sondern doziert, und die Ges
1954 3154 2973 3228 stalten gebärden sich, als ob sie berufsmäßig Psycho
1953 3198 2985 3259 logie betreiben würden. Ohne Zweifel ist dieses
1960 3247 2966 3325 Stück eines der schwächsten, das der reise und der
1958 3305 2975 3377 rühmte Artur Schnitzler geschrieben hat, und die
1956 3349 2981 3400 Begeisterung der Preisrichter kann man sich nur
1952 3397 2979 3469 aus einer gewissen Verlegenheit erklären, aus dem
1954 3444 2987 3509 Unvermögen, dem Ausland irgend eine bemerkens¬
1947 3488 2981 3553 werte österreichische, in den letzten drei Jahren ent¬
1942 3526 2971 3610 standene dichtere Leistung vorzuführen. Es ist dies
1944 3590 2977 3657 ein beschämendes Bewußtsein, das uns alle be¬
1942 3633 2968 3702 herrscht: Publikum, Kritik, Theaterdirektoren, alle
1934 3677 2967 3739 die am Theater mit dem Geist, dem Gemüt oder¬
1935 3717 2972 3778 der Tasche interessiert sind. Ueber die erschreckenden
1935 3770 2960 3831 Unfruchtbarkeit der österreichischen Literatur, ins¬
1935 3813 2976 3862 besondere der dramatischen, kann man sich keinens
1943 3871 2968 3917 Augenblick täuschen, und alles, was wir dagegen
1940 3914 2967 3981 tun, besteht in der Gründung von neuen Operetten¬
1933 3964 2969 4012 bühnen, in der geschickt geschürten Begeisterung für
1941 4012 2959 4086 dieses Geure und in der Unterbreitung von Maje¬
1945 4053 2743 4131 stätsgesuchen — in Sachen der Oneratte
