3344 4320
192 227 780 331 2. Cuttings
891 227 1350 322 box 37/1
1624 1326 1961 1409 Die Schaubühne
1148 1451 2438 1532 den Dichter. Gerhart Hauptmanns Kunst hat in diesen fünfzehn Jahren
1149 1492 2022 1558 weder neue Inhalte noch neue Formen gefunden.
1239 1542 2421 1619 Von dieser ganzen Generation hat eigentlich nur ein einziger eine
1154 1603 2418 1660 starke nach aufwärts führende Entwicklung durchgemacht: Arthur Schnitzler.
1161 1643 2423 1707 Die Inhalte seiner Kunst sind gewaltig aufgewachsen; von sentimalen
1152 1694 2425 1747 Liebeleien ist er zu den großen tiefbesondern Lebenskämpfen der
1152 1751 2422 1808 modernen Seele gekommen. Er hat sehr starke, szenisch vollendete
1153 1772 2411 1848 Werke geschaffen — aber: eine eigne, neue Form ist ihm nicht erwachsen.
1154 1841 2418 1911 Von einem Schnitzlerschen Stil kann man nicht reden. (Eher noch von
1154 1891 2405 1955 einem Hauptmannschen — obschon dieser als ein undramatischer Dramen¬
1158 1935 2415 1993 stil eben etwas Halbes, Brüchiges ist!) „Schnitzlerisch“ sind im künstlerisch
1160 1982 2425 2042 formalen Sinne eigentlich nur jene kleinen keck gaukelnden Dialoge
1142 2023 1673 2089 („Anatol“, „Reigen") ——
1671 2039 2417 2105 sie werden deshalb vielleicht auch seine
1145 2087 2418 2138 größern Werke überleben; für die Entwicklung unsers dramatischen Stils
1148 2131 2419 2203 freilich bieten sie so gut wie nichts. Schnitzlers stärkste und eigenste Werke
1150 2188 2405 2235 wandeln doch alle in überkommenen Formen daher; nicht unfrei auf¬
1143 2242 2406 2304 genommene Formen (wie oft bei Hauptmann) — Schnitzlerisch gefärbt,
1158 2289 2409 2355 organisch umgestaltet sind sie stets. Aber ein neuer selbständiger fort¬
1139 2319 2424 2394 zeugender Stil kündigt sich dennoch nirgends an. Ist es das weiche Wesen
1152 2370 2409 2454 des Wieneriums, das hier wieder einmal die letzten entscheidenden
1139 2424 2416 2497 Schroffen der Individualität umbiegt? Auch von diesem reichsten, tiefsten
1141 2476 2411 2548 Talent der jetzt dominierenden Generation scheint nichts zu erhoffen für
1137 2517 2269 2580 die Enwicklung eines neuen deutschen Dramas großen Stils.
1216 2606 2412 2683 Wir sind am Ende unsrer Schau über die Kämpen von 1890.
1128 2662 1953 2718 Nicht gern begannen wir mit einer Klage
1950 2670 2417 2737 — aber es ziemte sich
1143 2711 2413 2782 wohl, ehe wir nach neuen Helfern ausschauen, zu prüfen, was die
1137 2775 2421 2841 ältern, länger bemühten uns noch versprechen mögen. Mir scheint, daß
1135 2815 1996 2876 es fast nichts sei. Und nun gilt es sich umtun.
1214 2853 2408 2924 In dem Jahrzehnt, das seit dem ziemlich geschlossenen Auftreten der
1133 2908 2399 2974 eben gemusterten Schar vergangen ist, sind nur zwei deutsche Autoren lite¬
1135 2957 2392 3010 rarischen Ranges auf der Bühne neu erschienen. Zwei völlig verschiedne —
1133 3014 2406 3067 zwei aber, die wirklich Wege zu einer innerlichen Erneuerung des
1132 3059 2397 3110 dramatischen Stiles weisen. Völlig geschiedne Wege — aber auf beiden
1136 3105 2408 3166 scheint in der Tat die jüngste, jetzt eben auftretende Generation im
1129 3152 2397 3222 Vormarsch zu sein. Diese beiden Autoren haben beide das neue Drama
1131 3205 2411 3260 noch nicht geschaffen — und ob es ihnen gelingen wird, ist mehr denn
1136 3252 2411 3311 fraglich. Aber sie gehen Wege, auf denen ihnen der dramatische Nachwuchs
1133 3307 2412 3359 nachdrängt. Mit Recht, denn diese Wege können zum Ziele führen.
1191 3359 2414 3405 Die beiden Bahner so völlig geschiedner Wege heißen: Hugo von
1118 3389 1771 3472 Hofmannsthal und Frank Wedekind.
2028 3437 2366 3514 Julius Bab.
