3344 4352
160 239 1309 337 2. Cuttings box 37/1
1829 1043 2107 1201 7 77
1282 1137 1623 1222 Die Schaubühne
1015 1258 1917 1366 Dramatischer (Nachwuchs.
898 1377 2104 1483 Vor anderthalb Jahrzehnten war man ein aschgrauer Pessimist und
817 1454 2095 1520 beinahe ein schlechter Mensch, wenn man nicht glaubte, daß die große
829 1513 2104 1564 neue Blüte des deutschen Dramas dicht bevorstehe und beinahe schon da
837 1549 2111 1618 sei! Der kampffrohe Enthusiasmus der „Freien Bühne“ zitterte noch
834 1610 2111 1672 nach im jüngern Teil des literarischen Publikums und die Fülle neuer
833 1666 2105 1720 Talente, die in so kurzer Zeit zu Tage traten und deren Namen sich in
834 1700 2121 1770 dem halben Jahrzehnt von 1890 bis 1895 wie starke, frohe Versprechungen
819 1748 2119 1815 ins Licht der Bühne drängten, diese üppig wuchernde, jäh aufschießende
827 1799 2114 1866 Fülle schien jede Hoffnung zu rechtfertigen. Wenn nach der schlimmsten,
834 1849 2113 1907 lebenverlassensten Zeit, die die deutsche Kunst je durchgemacht hat, wenn
835 1906 2117 1971 nach den Jahren, wo Lindaus und Blumenthals „ernste Dramen“ die
830 1941 2113 2001 Szene beherrscht hatten, ein Talent von der Reinheit und In¬
826 1990 2105 2044 brunst Gerhart Hauptmanns die Bretter eroberte, wenn Halbes „Jugend“,
837 2039 2103 2111 Hirschfelds „Mütter“, Schnitzlers Liebelei“ Schlag auf Schlag neue Bühnen¬
822 2073 2114 2146 dichter, wirkliche Dichtet Mzutündigen schienen — wenn Holz und
840 2153 2122 2204 Schlaf und Hartleben und Rosmer und andre mehr lauter, lanter neue
830 2189 2124 2246 deutsche Dramatiker schienen — wer hätte da nicht schwärmen dürfen?
837 2245 2127 2304 Wer hätte nicht im berückenden Morgenlicht des neuen Tages sich ein
832 2296 2119 2353 wenig in den Physiognomieen irren und auch Leute wie Wolzogen,
839 2351 2117 2398 selbst Sudermann, ja sogar Fulda, die doch in aller Reinlichkeit den ur¬
840 2392 2127 2446 alten Typus des handwerkfesten, modebeflissnen Bühnenarbeiters darstellten,
841 2431 2115 2506 für neue Dichter halten können?! Soviel neue Talente — und dazu ein
840 2480 2119 2544 neuer Stil, der neue Realismus, auch Naturalismus genannt, der all
830 2529 2119 2587 diesen jungen Kräften gemeinsames Gut schien, sie als eine Schule, als
844 2599 2128 2642 Träger einer einheitlichen Bewegung wirken ließ — wer hätte nicht
837 2639 2126 2702 glauben, hoffen und weissagen sollen: Der Tag des großen neuen
837 2681 1524 2755 deutschen Dramas steht vor der Tür. -
922 2765 2133 2837 Was man zuerst als argen Irrtum erkannte, das war der „neue
847 2831 2119 2886 Stil“. Der von Holz entdeckte, von Brahm gepflegte „Naturalismus“
845 2869 2126 2932 ist wohl die bislang absurdeste Verirrung in der großen Geschichte der
843 2919 2117 2983 Asthetik. Daß ein Menschenalter nach Hebbels Tode noch derlei Kunst¬
847 2970 2120 3032 theorie in Deutschland ernsthaft und wirksam geäußert werden konnte,
847 3026 2135 3078 ist der stärkste Beweis, wie sehr dem Volk der Dichter und Denker im
853 3061 2124 3144 Zeitalter Darwins und Bismarcks jede ästhetische Bildung abhanden ge¬
846 3137 1140 3194 kommen war.
894 3147 2117 3233 „Freunde, ihr wollt die Natur, nachahmend, erreichen — o Torheit!
892 3215 2112 3281 Kommt ihr nicht über sie weg — bleibt ihr auch unter ihr stehn.“
936 3259 2139 3326 Man blieb sehr weit unter ihr stehn. Man fühlte bald, daß die
838 3310 2147 3390 Kunst, die „die Tendenz hatte, möglichst genau wieder Natur und nichts
