3392 4352
207 261 794 369 2. Cuttings
906 261 1351 352 box 37/1
1479 1234 1821 1311 Die Schaubühne
1005 1341 2298 1417 als Natur zu werden“ ein Unding war, das nur durch Inkonsequenz
1012 1387 2296 1494 gegen sein ausgesprochnes Prinzip bestand, und daß sie, soweit der Ein¬
1016 1434 2306 1540 fluß ihres Prinzips reichte, für ewig ausgeschlossen war von dem heiligen
1021 1475 2307 1570 Kreise der großen erschütternden Wirkung, die wahre Kunst übt — weil
1022 1533 2301 1625 sie in einem erneuten Schöpfungsalt die Dinge der Natur einer höhern
1025 1576 2317 1672 Form einordnet, so etwa wie die schöpferische Natur die wahren Elemente
1032 1635 2238 1727 im Organismus schon einmal zu einem neuen Formsinn verband. —
1112 1675 2314 1776 Die Unfruchtbarkeit des neuen Stils für das große Drama empfand
1030 1728 2314 1825 man schnell. Das große Drama — das hieß ja den Kampf der über¬
1039 1782 2320 1872 individuellen geheimen Kräfte zeigen, die im Leben, in der Natur stets
1031 1823 2316 1923 empfunden, nie angeschaut werden. Diesem Kampf sichtbare Form leihen,
1039 1873 2315 1958 das hieß ja, von der „Natur", im hölzernen Sinne der Wirklichkeits¬
1043 1917 2322 2011 dogmatiker, sich so schneidend wie denkbar abwenden. In der Tat ist
1048 1971 2321 2077 denn auch keiner der jungen Bühnennaturalisten von 1890 dem „Pro¬
1039 2030 2328 2125 gramm“ jemals treu gewesen. Aber wenn das Prinzip sich als Hemmung
1041 2066 2321 2165 erwies — konnte man nicht ohne, nicht gegen die Theorie siegen? So
1052 2118 2325 2217 gewiß das Holz=Brahmsche Dogma ein Armutszeugnis für den ästhe¬
1055 2166 2331 2274 tischen Geist der Zeit war — daß neues Leben, neues Kunstgefühl auf¬
1060 2219 2328 2317 erstanden war in der neuen Generation, das bewies die Flut der jungen
1060 2291 2343 2360 Talente doch zweifellos. Konnte nicht der gesunde Instinkt die neuen
1060 2320 2345 2406 Kräfte abseits von aller theoretischen Einsicht doch zum großen Ziele
1064 2369 2214 2460 führen? — Gewiß konnte er! Wenn nur die Kräfte ausreichten —
1143 2499 2346 2600 Ich glaube, man kann schon heute ein ziemlich endgültiges Resümee
1070 2568 2351 2663 ziehen und sagen: Die Generation von 1890 hat uns das neudeutsche
1069 2617 2350 2699 Drama großen Stils nicht geschenkt und sie wird es uns auch nicht mehr
1076 2652 2355 2755 schenken. Über die gröbsten Fälle ist man sich ja heute einig: daß
1077 2712 2358 2810 weder das Sudermannsche Geschäftsverfahren, die Zuschauernerven
1076 2763 2363 2858 tunlichst zu reizen, noch das Fuldasche, selbige Nerven tunlichst zu
1076 2804 2368 2907 streicheln, zum Stil eines neuen Dramas führt, das haben inzwischen
1083 2864 2366 2950 wohl auch Schwachbegabte begriffen. Man sieht auch ein, daß kein
1083 2921 2363 3007 Wesensunterschied ist zwischen solchen gebornen Bühnenarbeitern und den
1084 2948 2368 3047 gefallnen Dichtern, denen, die trotz völliger Verausgabung des innern
1085 2999 2365 3093 Besitzes, bei dessen Gestaltung sie einmal Künstler waren, aus Selbst¬
1085 3063 2370 3160 täuschung und Eitelkeit und wirtschaftlichem Bedürfnis beim Metier
1097 3099 2367 3188 bleiben und kaltlächelnd jedes Jahr ihr Theaterstück herstellen. Daß ein
1088 3157 2376 3231 Mann wie Max Dreyer in diesem Falle ist, das bestreitet heute kaum
1101 3193 2373 3295 noch ein Einsichtiger, — aber wird selbst das verhängnisvolle Wohl¬
1101 3246 2383 3341 wollen der guten Freunde sich noch lange der Einsicht verschließen können,
1094 3289 2378 3373 daß auch die Dichter der „Jugend“ und der „Mütter“ zu diesen Früh¬
1099 3340 2395 3439 verarmten gehören? Schnell und gründlich Verarmte, denen doch Einsicht
1102 3390 2397 3489 oder Mut gebrach, um ehrlich zu entsagen, und die in Stücken von
