3392 4352
201 243 787 347 2. Cuttings
897 245 1334 332 box 37/1
1318 1257 1659 1329 Die Schaubühne
870 1379 2132 1442 fürchterlicher Ohnmacht wieder und wieder — qualvoll und quälend —
868 1435 1619 1495 poetische Fruchtbarkeit vortäuschen wollen.
949 1484 2146 1541 Viele bleiben also nicht aus der großen Schar der Talente, die man vor
861 1538 2137 1587 einem halben Menschenalter frohlockend begrüßte. Aber immerhin eiliche.
943 1571 2140 1632 Da ist Johannes Schlaf, dessen wenig gekannte Dramen zu dem
857 1638 2150 1696 künstlerisch Reinsten und Feinsten gehören, was seine ganze Generation
869 1665 2143 1738 für die Bühne geschaffen hat. In der subtilen, tiefbohrenden Psychologie
869 1715 2155 1804 dieser Dichtungen stecken Werte, die in der Entwicklung des deutschen
870 1762 2154 1841 Dramas vielleicht noch einmal fruchtbar sein werden. Schlaf selbst
876 1822 2143 1885 freilich entbehrt zu sehr des eigentlich theatralischen Instinkts, des drama¬
873 1864 2147 1930 tischen Temperaments, um in dieser Entwicklung selbst eine starke Rolle
864 1926 1218 2000 spielen zu können.
952 1952 2147 2023 Und dann: Gerhart Hauptmann. Daß er die kulturell, vielleicht
869 2014 2154 2086 auch künstlerisch bedeutsamste Erscheinung seiner Generation ist, mag
862 2081 2157 2120 leicht wahr sein. Aber immer mehr einigen sich in der Erkenntnis, daß
874 2119 2155 2176 er kein Dramatiker großen Stils ist und — obschon nicht ohne hohe
871 2153 2146 2235 szenische Talente — im Grunde überhaupt kein Dramatiker. Die eigent¬
880 2219 2161 2285 liche Lebenskraft des Dramas, die geistige Dialektik blieb ihm fremd:
876 2250 2157 2317 den Kampf der großen gleichgewachsnen Lebensmächte, der wie eine
882 2313 2166 2372 Geisterschlachi über dem äußern Geschehen jedes Dramas ausgefochten
876 2351 2168 2415 wird, er kennt ihn nicht. Ohne innern Dialog sind, im tiefsten Sinne
877 2423 2159 2471 des Wortes, all seine Dramen. Monologisch, lyrisch sind sie: nicht an¬
874 2456 2135 2532 geschaut mit dem ruhig gerechten Blick des großen Kampfordners —
888 2499 2167 2577 das ist der wahre Dramatiker, — — nein, fiebrisch ergriffen mit der
889 2547 2162 2628 leidenschaftlichen Parteinahme, dem heißen Mitgefühl eines Beteiligten.
881 2593 2161 2673 Wo diese Lyrik am größten, am ergreifendsten wird — im „Florian
894 2640 2161 2704 Geyer“ — da ist Hauptmann auch von allem innerlich oder äußerlich
885 2707 2166 2758 Dramatischen am weitesten entfernt. Und doch war dort sein Höhepunkt.
885 2742 2173 2798 Wo er danach ernst und ehrlich seine Scholle bestellte, kleine Schicksale
888 2800 2167 2850 ergriffen abspiegelte („Fuhrmann Henschel“, „Rose Bernd“), da erhob er sich
892 2836 2164 2930 in nichts über den Stil seiner Frühzeit. Wo ihn die Sehnsucht nach
895 2904 2171 2973 Größerm trieb — welche Unselbständigkeit enthüllte sich da! Von dem
888 2942 2178 3006 Stilpotpourri der „Versunknen Glocke“ wollen wir schweigen — aber
896 2984 2171 3059 waren nicht „Schluck und Jau“ in allen großgewollten Partien hülflos
899 3037 2187 3113 gegängelt von Shakespeares und teilweise selbst von des jungen
896 3093 2175 3162 Hofmannsthals Vorbild? Bringt nicht kraftlose Ibsennachahmung den
901 3132 2178 3210 trotz seiner starken Schluß=Lyrik völlig verbognen „Michael Kramer“ fast
901 3188 2182 3264 an die Grenze des Parodistischen? Und welch trübes Versagen in dem
900 3241 2184 3309 so ernsten, so inbrünstigen Ringen des „Armen Heinrich“ um einen
900 3268 2179 3349 stärkern dramatischen Stil! Wer will noch immer hoffen und glauben,
900 3322 2179 3411 daß dieser ewig Suchende, Tastende finden werde? Die geistige Macht,
908 3382 2187 3443 die aus den Erschütterungen des Lebens die bewegenden Kräfte erkennt
907 3422 2179 3509 und zum Kampfspiel des Dramas anordnet, sie fehlt diesem nur fühlen¬
