3344 4384
1594 170 2317 261 ——
1224 190 1436 267 ——
1226 259 1663 366 box 40/1
293 291 389 345 a u
204 276 1067 370 B#Infeld-Preis
2134 644 2592 738 Telephon 12801.
1763 735 2982 821 Alex. Weigl’s Unternehmen für Zeitungs-Ausschnitte
2006 806 2914 951 „OBSEREP“
1619 830 1927 970 9.105
2769 861 3021 964 Nr. 87
1647 938 3093 1027 I. österr. behördl. conc. Bureau für Zeitungsberichte u. Personalnachrichten
1929 1013 2843 1091 Wien, I., Concondiaplatz 4.
1658 1063 3090 1143 Vertretungen in Berlin, Budapest, Chicago, Genf, London, Newyork, Paris, Rom,
2018 1126 2728 1192 Stockholm, Kristiania, St. Petersburg.
1649 1207 2755 1361 kussennu aus + eücen
1664 1370 2264 1498 von: 27/1 1905
669 1559 1133 1655 Telephon 12801.
1834 1572 2864 1698 Literarische Interpellationen
2312 1659 2404 1725 im
279 1651 1489 1740 Alex. Weigl'’s Unternehmen für Zeitungs-Ausschnitte
1916 1703 2773 1803 Osterreichischen Abgeordnetenhaus
525 1714 1438 1873 „OBSERWEP“
1790 1758 2938 1855 nach Dr. Pattais Musterinterpellation gegen die Vergebung des
1291 1768 1567 1866 Nr. 64
1985 1836 2736 1899 Bauernfeldpreises an Arthur Schnitzler.
183 1845 1619 1932 I. österrs behördl. conc. Bureau für Zeitungsberichte u. Personalnachrichten
2168 1875 2555 1953 Gegen Schiller.
145 1898 337 1992 TAu
437 1908 1353 2002 Wien, I., Concondiaplarz 4.
1863 1917 2925 2009 Interpellation von Damian Tappschädel und Ge¬
188 1967 1621 2071 Vertretungen in Berlin, Budapest, Chicago, Genf, London, Newyork, Paris, Ron,
1788 1985 2916 2054 nossen, wegen Zulassung des judenliberalen „Don Carlos“
555 2032 1254 2104 Stockholm, Kristiania, St. Petersburg.
1779 2034 2935 2112 von einem gewissen Schiller(!), der unverkennbar auf unseren
1774 2082 2925 2153 allverehrten Führer Dr. Karl Lueger hinzielt, wenn er
1781 2131 2908 2212 schreibt: „Der Knabe Karl fängt an mir fürchterlich:
172 2161 698 2251 Ausschnitt aus:
1771 2202 1979 2271 werden“.
1682 2200 1771 2274 Für
2897 2204 3051 2276 lusive
2167 2236 2556 2311 Gegen Darwin.
808 2163 1494 2312 Die Wage, Wien
2910 2266 3033 2313 irto.
1885 2270 3048 2360 Interpellation von Chrysostomus Affenthaler und alber
183 2277 632 2401 vom: 1/2700:
1680 2343 3087 2440 § 1 Genossen, wegen des Werkes „Von der Entstehung der Voraus.
1796 2385 3099 2459 Arten“, in dem die väterliche Autorität durch die Theorie ist das
1682 2434 3092 2498 Abomr Darwins untergraben wird, wo doch die Kinder nicht glauben es der
190 2466 557 2553 Bokousai jun.
1692 2498 1797 2556 Abonn
1803 2499 2665 2564 sollen, daß sie von einem Affen abstammen.
1999 2539 2744 2617 Gegen die Literatur überhaupt.
206 2545 657 2634 Wiener Köpfe.
2920 2538 3101 2627 nd die
1676 2604 3089 2665 lnhalt Interpellation von Hermann Bielohlawek undrgen¬
211 2626 829 2728 XXIV. Arthur Schnitzler.
1687 2662 1792 2711 Hit
1693 2645 3064 2739 rodun, Genossen (Unterschriften in analphabetischer Reihenfolge): itung")
328 2704 1610 2787 Jüngstes und unschuldiges Opfer antisemitischer Interpellationsgier. Hat den
1702 2699 3092 2779 ueben Die Unterzeichneten lenken das Augenmerk einer hohen #ktliche
1697 2718 3090 2839 heilun Regierung auf den von Jahr zu Jahr überhand= Alt¬
213 2755 1610 2832 Bauernfeld=Preis bekommen, und Dr. Pattai schrieb und interpellierte dies jüdischer
220 2807 1609 2882 Clique=Wirtschaft zu. Armer Arlhur, das mußte dir passieren! Vor Jahren sagte man
1797 2795 2960 2877 nehmenden Import von Büchern und gedruckten Werken,
215 2841 1612 2943 in der Wiener Gesellschaft, Schnitzler stünde im Salon stets da, als suche er eine
1800 2839 2966 2929 welcher eine Gefahr für unser christliches Volk bedeutet.
225 2905 1619 2969 Säule, sich daran zu lehnen. All diese scheinbare Gespreiztheil, Gezwungenheit erklärt
1800 2891 2955 2983 Die judenliberale Erfindung eines angeblichen Gutenberg (!)
219 2937 1612 3028 sich atavistisch. Seine Menschenverachtung ist in Wahrheit Menschenscheu. Papa
1805 2925 2966 3016 recte Gensfleisch (I!) hat schon seit Jahrhunderten genügendes
1804 2989 2959 3068 Unheil in den Köpfen des Volkes angestiftet und fordern
218 3003 1612 3082 Schnitzler war Concordiaarzt, Schützer der Offentlichkeit. Schnitzlers Söhne werden
1811 3051 2694 3124 die Unterzeichneten eine hohe Regierung auf:
217 3039 1612 3139 überängstliche Bekenner des Ibsen=Wortes: der Starke ist am stärksten allein. So
1908 3096 2954 3162 1. Die Erzeugung von Büchern im Inland auf den
215 3090 1613 3177 geht es Julius Schnitzler, dem genialsten Wiener Operateur seit Billroths und
1818 3131 2911 3225 Druck von Gebetbüchern, Katechismen 2c. zu beschränken.
216 3158 1616 3229 Alberts Zeiten, so geht es Bruder Arthur, dem Dichter. Stiller, liebenswürdiger,
1904 3186 2954 3276 2. Die Einfuhr von Büchern aus dem Ausland
228 3190 1618 3273 äußerlich ungemein bescheidener Mensch. Kein Menschenkenner. Päppelte jahrelang
231 3234 1613 3332 mit den Brosamen, die unter den Griensteidl=Kaffeehaustisch fielen, das ekle Geschlech
1817 3256 2268 3325 gänzlich zu verbieten.
1912 3288 2957 3352 3. Die schon existierenden Bibliotheken aufzulösen und
221 3280 1627 3373 der Literaturschmarotzer groß, die seine Haartracht compromittierten, indem sie sich
1804 3329 2957 3410 den Erlös dem Wahlfond der vereinigten bildungsfeindlichen
233 3335 1631 3426 die Locke gleich ihm kräuselten, und die sicherlich auch seine literarische Manier
226 3384 1635 3487 verunehrt hätten, ließen sich Stil und Gedankeninhalt mit der Brennscheere bearbeiten
1817 3402 2296 3471 Parteien zu überweisen.
1908 3414 2965 3516 4. Der Besitz von Büchern ist polizeilich zu überwachen
228 3437 1634 3525 gleich dem Kopfhaar. Hat mit dem tintenvergeudenden Jung=Wien nichts weiter zu
227 3482 1626 3564 tun, als daß dieses sein Talent zur Schutzmarke eigener Talentlosigkeit mißbraucht.
1817 3502 2340 3581 und eventuell zu ahnden.
2365 3504 2946 3615 (Folgen die Unterschriften.)
228 3539 1634 3625 Hat sich nie entdecken lassen. Ein Poseur der Poselosigkeit; aber ehrlich und
2790 3560 3049 3669 Segene
242 3570 1630 3666 unbewußt. An seiner zeitweiligen Überschätzung absolut unschuldig. Heute Burg¬
2509 3590 2813 3712 W
234 3630 1636 3709 teatergeächtet, weil er nicht nur Stolz vor Königstronen, sondern auch Stolz vor
229 3685 1639 3782 Intendanten=Fauteuils besitzt. Nehmt alles nur in allem, Einer der Wenigen, über
239 3750 977 3833 deren Österreichertum man sich freuen darf.
