<?xml version="1.0" encoding="UTF-8" standalone="yes"?>
<PcGts xmlns="http://schema.primaresearch.org/PAGE/gts/pagecontent/2013-07-15" xmlns:xsi="http://www.w3.org/2001/XMLSchema-instance" xsi:schemaLocation="http://schema.primaresearch.org/PAGE/gts/pagecontent/2013-07-15 http://schema.primaresearch.org/PAGE/gts/pagecontent/2013-07-15/pagecontent.xsd">
    <Metadata>
        <Creator>prov=University of Rostock/Institute of Mathematics/CITlab/Gundram Leifert/gundram.leifert@uni-rostock.de:name=ONB_Newseye_GT_M1+(htr_id=10810)::::v=2.4.2
prov=University of Rostock/Institute of Mathematics/CITlab/Tobias Gruening/tobias.gruening@uni-rostock.de:name=de.uros.citlab.module.baseline2polygon.B2PSeamMultiOriented:v=2.4.2
prov=University of Rostock/Institute of Mathematics/CITlab/Tobias Gruening/tobias.gruening@uni-rostock.de:name=/mnt/transkribus/LA/DEA/URO/LA_news_onb_att.pb:de.uros.citlab.segmentation.CITlab_LA_ML:v=2.4.2
Transkribus</Creator>
        <Created>2019-10-07T20:31:50.097+02:00</Created>
        <LastChange>2019-10-09T06:52:14.808+02:00</LastChange>
        <TranskribusMetadata docId="224440" pageId="9574963" pageNr="71" tsid="16624595" status="IN_PROGRESS" userId="40391" imgUrl="https://files.transkribus.eu/Get?id=FQABXUZZGQFTNSVFFKVWJZRJ&amp;fileType=view" xmlUrl="https://files.transkribus.eu/Get?id=OLACBKXLSUSIAZDEWHLOXLLF" imageId="6206863"/>
    </Metadata>
    <Page imageFilename="224440_0071.jpeg" imageWidth="3344" imageHeight="4384">
        <ReadingOrder>
            <OrderedGroup id="ro_1711442573693" caption="Regions reading order">
                <RegionRefIndexed index="0" regionRef="r1"/>
                <RegionRefIndexed index="1" regionRef="r2"/>
            </OrderedGroup>
        </ReadingOrder>
        <TextRegion orientation="0.0" id="r1" custom="readingOrder {index:0;}">
            <Coords points="109,333 109,3390 1667,3390 1667,333"/>
            <TextLine id="r1l1" custom="readingOrder {index:0;}">
                <Coords points="1214,352 1273,375 1343,364 1382,388 1441,358 1479,372 1619,371 1676,355 1676,329 1617,296 1574,294 1468,305 1420,338 1373,313 1337,322 1251,296 1213,312"/>
                <Baseline points="1223,363 1249,362 1275,362 1301,361 1327,361 1353,361 1379,361 1405,361 1431,361 1458,361 1484,362 1510,361 1536,361 1562,361 1588,361 1614,360 1640,359 1667,357"/>
                <TextEquiv>
                    <Unicode>box 40/1</Unicode>
                </TextEquiv>
            </TextLine>
            <TextLine id="r1l2" custom="readingOrder {index:1;}">
                <Coords points="208,392 914,405 1065,381 1064,334 969,302 876,324 799,299 763,325 566,299 532,326 505,304 365,325 207,298"/>
                <Baseline points="216,383 258,383 300,383 342,383 384,383 426,383 468,383 510,382 552,382 594,382 636,382 678,382 720,381 762,381 804,381 846,381 888,380 930,380 972,380 1014,380 1056,380"/>
                <TextEquiv>
                    <Unicode>Bauernfeld-Preis</Unicode>
                </TextEquiv>
            </TextLine>
            <TextLine id="r1l3" custom="readingOrder {index:2;}">
                <Coords points="547,1196 992,1196 992,1133 928,1122 799,1145 716,1119 693,1139 668,1135 639,1117 548,1140"/>
                <Baseline points="556,1172 581,1172 606,1173 631,1173 656,1173 681,1173 707,1173 732,1173 757,1173 782,1173 807,1173 832,1173 858,1173 883,1174 908,1174 933,1174 958,1174 984,1174"/>
                <TextEquiv>
                    <Unicode>Telephon 12801.</Unicode>
                </TextEquiv>
            </TextLine>
            <TextLine id="r1l4" custom="readingOrder {index:3;}">
                <Coords points="178,1278 649,1300 1391,1262 1363,1212 1260,1208 178,1224"/>
                <Baseline points="186,1268 245,1268 305,1268 365,1269 425,1269 485,1269 544,1270 604,1270 664,1270 724,1271 784,1271 843,1271 903,1271 963,1271 1023,1271 1083,1271 1142,1270 1202,1270 1262,1269 1322,1269 1382,1268"/>
                <TextEquiv>
                    <Unicode>Alex. Weigl’s Unternehmen für Zeitungs-Aussohnitte</Unicode>
                </TextEquiv>
            </TextLine>
            <TextLine id="r1l5" custom="readingOrder {index:4;}">
                <Coords points="137,1370 160,1356 226,1378 248,1369 269,1378 294,1369 361,1377 402,1363 401,1286 372,1271 333,1268 317,1279 268,1272 218,1285 179,1273 159,1291 136,1288"/>
                <Baseline points="146,1350 173,1353 200,1354 228,1355 255,1355 282,1354 310,1353 337,1352 364,1351 392,1351"/>
                <TextEquiv>
                    <Unicode>410e</Unicode>
                </TextEquiv>
            </TextLine>
            <TextLine id="r1l6" custom="readingOrder {index:5;}">
                <Coords points="428,1421 1014,1398 1128,1341 1338,1327 1333,1276 1146,1277 1112,1316 837,1295 635,1312 555,1364 493,1338 423,1364"/>
                <Baseline points="435,1392 479,1393 524,1393 568,1392 613,1392 658,1391 702,1390 747,1387 791,1385 836,1382 881,1378 925,1374 970,1369 1014,1365 1059,1360 1104,1354 1148,1348 1193,1341 1237,1334 1282,1325 1327,1317"/>
                <TextEquiv>
                    <Unicode>„CBSERWEP“</Unicode>
                </TextEquiv>
            </TextLine>
            <TextLine id="r1l7" custom="readingOrder {index:6;}">
                <Coords points="1177,1424 1224,1424 1245,1411 1276,1424 1324,1395 1369,1420 1382,1409 1408,1409 1409,1334 1373,1332 1355,1350 1315,1364 1274,1357 1244,1332 1177,1339"/>
                <Baseline points="1187,1399 1213,1397 1240,1397 1266,1398 1293,1398 1319,1399 1346,1399 1372,1398 1399,1395"/>
                <TextEquiv>
                    <Unicode>Nr. 5</Unicode>
                </TextEquiv>
            </TextLine>
            <TextLine id="r1l8" custom="readingOrder {index:7;}">
                <Coords points="118,1470 1501,1466 1398,1412 118,1414"/>
                <Baseline points="127,1464 195,1464 263,1464 331,1463 400,1463 468,1463 536,1463 604,1463 673,1463 741,1463 809,1463 877,1464 946,1464 1014,1464 1082,1464 1150,1464 1219,1464 1287,1463 1355,1463 1423,1463 1492,1462"/>
                <TextEquiv>
                    <Unicode>österr. beb#nc. Bureau für Zeitungsberichte u. Personalnachrichten</Unicode>
                </TextEquiv>
            </TextLine>
            <TextLine id="r1l9" custom="readingOrder {index:8;}">
                <Coords points="332,1534 470,1562 866,1537 1201,1563 1257,1536 1257,1502 1180,1482 725,1501 635,1477 598,1504 564,1477 486,1499 332,1470"/>
                <Baseline points="342,1525 387,1528 432,1530 477,1532 523,1533 568,1534 613,1535 659,1535 704,1535 749,1534 795,1534 840,1534 885,1533 930,1533 976,1533 1021,1533 1066,1533 1112,1534 1157,1535 1202,1536 1248,1538"/>
                <TextEquiv>
                    <Unicode>Wien, I., Concondiaplatz 4.</Unicode>
                </TextEquiv>
            </TextLine>
            <TextLine id="r1l10" custom="readingOrder {index:9;}">
                <Coords points="122,1596 1511,1620 1511,1548 122,1558"/>
                <Baseline points="131,1590 199,1590 268,1590 336,1590 405,1590 473,1590 542,1590 610,1590 679,1589 747,1589 816,1589 885,1589 953,1589 1022,1589 1090,1589 1159,1590 1227,1591 1296,1591 1364,1593 1433,1594 1502,1596"/>
                <TextEquiv>
                    <Unicode>rtretungen in Berlin, Budapest, Chicago, Genf, London, Newyork, Paris, Rom.</Unicode>
                </TextEquiv>
            </TextLine>
            <TextLine id="r1l11" custom="readingOrder {index:10;}">
                <Coords points="418,1625 742,1655 800,1632 828,1652 852,1630 1059,1648 1147,1628 1147,1602 1112,1594 418,1599"/>
                <Baseline points="426,1628 461,1628 497,1629 532,1629 568,1629 604,1629 639,1629 675,1629 710,1629 746,1629 782,1629 817,1629 853,1629 888,1629 924,1629 960,1630 995,1630 1031,1631 1066,1632 1102,1633 1138,1635"/>
                <TextEquiv>
                    <Unicode>Stockholm, Kristiania, St. Petersburg.</Unicode>
                </TextEquiv>
            </TextLine>
            <TextLine id="r1l12" custom="readingOrder {index:11;}">
                <Coords points="117,1782 1449,1789 1526,1776 1526,1645 1397,1695 1334,1644 1214,1694 1105,1664 1015,1719 840,1723 750,1650 488,1731 117,1710"/>
                <Baseline points="127,1768 196,1771 266,1773 335,1774 405,1776 474,1777 544,1778 613,1778 683,1778 752,1779 822,1778 892,1778 961,1778 1031,1777 1100,1776 1170,1775 1239,1774 1309,1773 1378,1771 1448,1770 1518,1768"/>
                <TextEquiv>
                    <Unicode>sschul aud ine Huehanng</Unicode>
                </TextEquiv>
            </TextLine>
            <TextLine id="r1l13" custom="readingOrder {index:12;}">
                <Coords points="834,1876 892,1910 920,1891 945,1903 988,1884 1015,1898 1049,1888 1061,1901 1118,1905 1153,1891 1155,1830 1113,1840 1092,1823 1078,1828 1034,1789 993,1790 964,1807 914,1775 900,1781 880,1768 837,1778"/>
                <Baseline points="844,1874 869,1876 894,1878 919,1880 944,1881 969,1882 994,1882 1019,1883 1044,1883 1069,1883 1094,1884 1119,1884 1144,1885"/>
                <TextEquiv>
                    <Unicode>eilämne</Unicode>
                </TextEquiv>
            </TextLine>
            <TextLine id="r1l14" custom="readingOrder {index:13;}">
                <Coords points="104,1942 143,1924 224,1947 306,1928 356,1934 383,1963 436,1953 477,1969 502,1953 596,1952 601,1890 564,1876 489,1897 329,1867 257,1890 170,1841 111,1851"/>
                <Baseline points="116,1907 142,1909 168,1911 194,1914 220,1917 247,1921 273,1924 299,1928 325,1931 352,1935 378,1939 404,1941 430,1943 456,1944 483,1944 509,1943 535,1941 561,1939 588,1934"/>
                <TextEquiv>
                    <Unicode>om: 1</Unicode>
                </TextEquiv>
            </TextLine>
            <TextLine id="r1l15" custom="readingOrder {index:14;}">
                <Coords points="162,2235 297,2276 1092,2304 1333,2307 1379,2267 1253,2228 560,2244 474,2201 164,2192"/>
                <Baseline points="171,2254 230,2258 290,2261 350,2264 410,2268 470,2270 530,2273 590,2275 650,2277 710,2279 770,2281 829,2283 889,2285 949,2286 1009,2288 1069,2290 1129,2291 1189,2293 1249,2295 1309,2297 1369,2300"/>
                <TextEquiv>
                    <Unicode>Der Bauernfeldpreis (2000 Kronen) ist dem Dichter Arthur</Unicode>
                </TextEquiv>
            </TextLine>
            <TextLine id="r1l16" custom="readingOrder {index:15;}">
                <Coords points="110,2289 1148,2346 1367,2341 1369,2300 488,2291 111,2244"/>
                <Baseline points="119,2288 181,2293 243,2297 305,2301 367,2305 429,2308 491,2311 553,2314 615,2316 677,2318 739,2321 801,2322 863,2324 925,2325 987,2327 1049,2328 1111,2329 1173,2330 1235,2332 1297,2332 1359,2334"/>
                <TextEquiv>
                    <Unicode>Se’ nitzler für seine „Lebendigen Stunden“ zugesprochen worden.</Unicode>
                </TextEquiv>
            </TextLine>
            <TextLine id="r1l17" custom="readingOrder {index:16;}">
                <Coords points="120,2336 1325,2387 1378,2333 121,2298"/>
                <Baseline points="130,2329 191,2334 253,2338 315,2342 377,2345 439,2348 501,2352 562,2354 624,2356 686,2359 748,2361 810,2363 872,2365 934,2366 995,2368 1057,2369 1119,2370 1181,2371 1243,2371 1305,2372 1367,2372"/>
                <TextEquiv>
                    <Unicode>Diese Ehrung bedeutef gleichzeitig eine Mahnung an das Burg¬</Unicode>
                </TextEquiv>
            </TextLine>
            <TextLine id="r1l18" custom="readingOrder {index:17;}">
                <Coords points="113,2377 1298,2426 1368,2425 1370,2384 114,2339"/>
                <Baseline points="122,2367 183,2371 245,2376 307,2381 369,2385 431,2388 493,2392 555,2395 617,2398 679,2400 741,2403 802,2404 864,2406 926,2408 988,2409 1050,2409 1112,2410 1174,2410 1236,2410 1298,2410 1360,2409"/>
                <TextEquiv>
                    <Unicode>heater, einen der fählgsten jüngeren Wiener Dramatiker nicht</Unicode>
                </TextEquiv>
            </TextLine>
            <TextLine id="r1l19" custom="readingOrder {index:18;}">
                <Coords points="115,2424 1357,2488 1400,2483 1402,2420 116,2377"/>
                <Baseline points="124,2409 187,2412 250,2416 314,2419 377,2422 441,2425 504,2428 567,2431 631,2433 694,2436 758,2438 821,2440 884,2442 948,2444 1011,2446 1075,2448 1138,2449 1201,2450 1265,2451 1328,2452 1392,2452"/>
                <TextEquiv>
                    <Unicode>änge“ persönlicher Zerwürtnisse halber von der Hofbähne fern—0</Unicode>
                </TextEquiv>
            </TextLine>
            <TextLine id="r1l20" custom="readingOrder {index:19;}">
                <Coords points="112,2456 146,2462 225,2460 253,2486 287,2477 290,2425 252,2431 206,2418 173,2430 161,2417 114,2424"/>
                <Baseline points="122,2451 148,2452 174,2452 201,2453 227,2455 253,2456 280,2459"/>
                <TextEquiv>
                    <Unicode>uhalten</Unicode>
                </TextEquiv>
            </TextLine>
            <TextLine id="r1l21" custom="readingOrder {index:20;}">
                <Coords points="536,2669 590,2667 606,2682 717,2668 744,2681 828,2666 850,2682 896,2665 922,2680 1031,2654 1031,2620 984,2625 955,2609 916,2624 781,2605 695,2627 624,2628 582,2606 536,2617"/>
                <Baseline points="545,2661 570,2661 595,2661 620,2661 645,2661 670,2661 695,2661 720,2661 745,2661 770,2660 795,2660 820,2660 845,2659 870,2659 895,2659 920,2659 945,2659 970,2659 995,2659 1021,2659"/>
                <TextEquiv>
                    <Unicode>Bezugs-Bedingungen:</Unicode>
                </TextEquiv>
            </TextLine>
            <TextLine id="r1l22" custom="readingOrder {index:21;}">
                <Coords points="1127,2713 1140,2710 1166,2715 1184,2713 1191,2719 1202,2716 1213,2725 1222,2726 1223,2677 1198,2682 1188,2674 1175,2674 1170,2668 1152,2673 1140,2663 1129,2665"/>
                <Baseline points="1136,2709 1161,2707 1187,2708 1213,2712"/>
                <TextEquiv>
                    <Unicode>15.—</Unicode>
                </TextEquiv>
            </TextLine>
            <TextLine id="r1l23" custom="readingOrder {index:22;}">
                <Coords points="183,2710 773,2740 1119,2721 1119,2680 1055,2668 183,2672"/>
                <Baseline points="193,2711 238,2712 284,2713 330,2713 376,2714 422,2714 468,2714 513,2714 559,2714 605,2714 651,2714 697,2714 743,2713 789,2713 834,2712 880,2712 926,2712 972,2711 1018,2711 1064,2710 1110,2710"/>
                <TextEquiv>
                    <Unicode>50 Zeitungsansschnitte (Artikel oder Notizen) Kr.</Unicode>
                </TextEquiv>
            </TextLine>
            <TextLine id="r1l24" custom="readingOrder {index:23;}">
                <Coords points="1128,2756 1203,2753 1251,2775 1308,2731 1398,2733 1445,2749 1483,2742 1482,2675 1372,2700 1325,2671 1315,2681 1268,2675 1217,2721 1148,2711 1126,2720"/>
                <Baseline points="1136,2749 1162,2746 1188,2744 1214,2741 1240,2738 1266,2735 1292,2732 1319,2729 1345,2728 1371,2726 1397,2726 1423,2727 1449,2729 1476,2733"/>
                <TextEquiv>
                    <Unicode>28.— inclusive</Unicode>
                </TextEquiv>
            </TextLine>
            <TextLine id="r1l25" custom="readingOrder {index:24;}">
                <Coords points="170,2757 205,2756 220,2760 243,2757 252,2763 261,2763 262,2723 249,2725 244,2719 230,2717 219,2721 206,2718 198,2709 185,2714 180,2709 171,2709"/>
                <Baseline points="179,2750 216,2748 253,2752"/>
                <TextEquiv>
                    <Unicode>100</Unicode>
                </TextEquiv>
            </TextLine>
            <TextLine id="r1l26" custom="readingOrder {index:25;}">
                <Coords points="1284,2762 1299,2759 1311,2771 1327,2777 1334,2770 1349,2774 1361,2765 1399,2772 1414,2760 1419,2764 1428,2757 1437,2758 1438,2738 1422,2741 1383,2732 1365,2733 1348,2741 1322,2731 1285,2737"/>
                <Baseline points="1293,2764 1319,2763 1346,2764 1373,2765 1400,2767 1427,2768"/>
                <TextEquiv>
                    <Unicode>Porto.</Unicode>
                </TextEquiv>
            </TextLine>
            <TextLine id="r1l27" custom="readingOrder {index:26;}">
                <Coords points="1122,2786 1136,2788 1140,2785 1151,2795 1165,2794 1170,2790 1185,2790 1197,2795 1210,2785 1219,2788 1231,2785 1231,2765 1217,2763 1203,2751 1195,2756 1169,2750 1154,2752 1140,2765 1136,2763 1131,2768 1122,2768"/>
                <Baseline points="1131,2787 1161,2783 1192,2783 1223,2787"/>
                <TextEquiv>
                    <Unicode>50.—</Unicode>
                </TextEquiv>
            </TextLine>
            <TextLine id="r1l28" custom="readingOrder {index:27;}">
                <Coords points="156,2796 174,2793 183,2797 199,2796 203,2800 206,2796 208,2798 219,2797 216,2756 205,2756 200,2759 191,2757 184,2760 165,2743 152,2742"/>
                <Baseline points="164,2791 210,2788"/>
                <TextEquiv>
                    <Unicode>20</Unicode>
                </TextEquiv>
            </TextLine>
            <TextLine id="r1l29" custom="readingOrder {index:28;}">
                <Coords points="1268,2807 1286,2805 1315,2814 1365,2808 1376,2816 1397,2816 1440,2806 1440,2780 1406,2769 1385,2773 1361,2765 1349,2773 1322,2776 1297,2762 1284,2766 1268,2762"/>
                <Baseline points="1277,2804 1302,2803 1328,2803 1354,2803 1380,2803 1406,2803 1432,2803"/>
                <TextEquiv>
                    <Unicode>Zahlbar</Unicode>
                </TextEquiv>
            </TextLine>
            <TextLine id="r1l30" custom="readingOrder {index:29;}">
                <Coords points="1110,2831 1125,2827 1193,2836 1219,2823 1257,2848 1276,2845 1270,2772 1252,2773 1214,2793 1205,2788 1200,2794 1152,2794 1133,2786 1119,2795 1107,2794"/>
                <Baseline points="1118,2825 1147,2822 1176,2824 1205,2824 1234,2820 1264,2806"/>
                <TextEquiv>
                    <Unicode>110.—</Unicode>
                </TextEquiv>
            </TextLine>
            <TextLine id="r1l31" custom="readingOrder {index:30;}">
                <Coords points="1115,2880 1170,2873 1192,2883 1234,2862 1269,2878 1329,2849 1375,2866 1401,2850 1441,2864 1493,2839 1491,2804 1393,2817 1292,2808 1263,2837 1248,2825 1219,2843 1112,2830"/>
                <Baseline points="1122,2862 1147,2862 1173,2861 1199,2861 1225,2858 1251,2856 1277,2854 1303,2852 1328,2849 1354,2847 1380,2845 1406,2845 1432,2845 1458,2845 1484,2848"/>
                <TextEquiv>
                    <Unicode>200.—) im Voraus.</Unicode>
                </TextEquiv>
            </TextLine>
            <TextLine id="r1l32" custom="readingOrder {index:31;}">
                <Coords points="148,2877 160,2879 164,2875 189,2887 205,2876 225,2887 237,2887 250,2874 262,2879 280,2877 280,2849 262,2844 247,2829 237,2837 185,2837 178,2830 167,2838 160,2834 147,2838"/>
                <Baseline points="157,2871 185,2870 214,2869 243,2869 272,2870"/>
                <TextEquiv>
                    <Unicode>1000</Unicode>
                </TextEquiv>
            </TextLine>
            <TextLine id="r1l33" custom="readingOrder {index:32;}">
                <Coords points="187,2919 1497,2906 1429,2873 187,2883"/>
                <Baseline points="195,2919 259,2918 324,2918 389,2918 453,2918 518,2918 583,2918 647,2918 712,2918 777,2918 842,2917 906,2917 971,2917 1036,2916 1100,2916 1165,2915 1230,2914 1294,2912 1359,2911 1424,2909 1489,2906"/>
                <TextEquiv>
                    <Unicode>Im Gegensatze en anderen Bureaux für Zeitungsausschnitte ist das</Unicode>
                </TextEquiv>
            </TextLine>
            <TextLine id="r1l34" custom="readingOrder {index:33;}">
                <Coords points="123,2964 1505,2947 1504,2908 122,2907"/>
                <Baseline points="132,2958 200,2959 268,2959 336,2958 404,2958 472,2958 540,2958 609,2957 677,2957 745,2957 813,2956 881,2956 949,2955 1017,2955 1086,2954 1154,2954 1222,2953 1290,2953 1358,2952 1426,2952 1495,2952"/>
                <TextEquiv>
                    <Unicode>bonnement durch keine bestimmte Zeitdauer begrenzt; — auch steht es den</Unicode>
                </TextEquiv>
            </TextLine>
            <TextLine id="r1l35" custom="readingOrder {index:34;}">
                <Coords points="127,3007 1375,3008 1351,2950 127,2968"/>
                <Baseline points="136,2995 197,2995 259,2996 320,2996 382,2997 443,2997 505,2998 566,2998 628,2998 689,2998 751,2998 812,2998 874,2998 935,2997 997,2996 1058,2996 1120,2994 1181,2993 1243,2992 1304,2990 1366,2988"/>
                <TextEquiv>
                    <Unicode>onnenten frei die aufgegebenen Themen zu ergänzen oder zu ändern.</Unicode>
                </TextEquiv>
            </TextLine>
            <TextLine id="r1l36" custom="readingOrder {index:35;}">
                <Coords points="188,3086 1425,3089 1498,3049 187,3043"/>
                <Baseline points="197,3079 261,3080 326,3080 390,3081 455,3081 520,3081 584,3081 649,3081 713,3081 778,3080 843,3080 907,3079 972,3079 1036,3078 1101,3077 1165,3077 1230,3076 1295,3075 1359,3074 1424,3073 1489,3072"/>
                <TextEquiv>
                    <Unicode>Der „OBSERVER“ veranstaltet täglich einen Auszug enthaltend die</Unicode>
                </TextEquiv>
            </TextLine>
            <TextLine id="r1l37" custom="readingOrder {index:36;}">
                <Coords points="115,3128 1495,3103 115,3065"/>
                <Baseline points="124,3122 192,3122 260,3122 328,3122 396,3122 464,3122 532,3122 601,3122 669,3121 737,3121 805,3121 873,3121 941,3121 1009,3120 1078,3120 1146,3119 1214,3119 1282,3119 1350,3118 1418,3118 1487,3117"/>
                <TextEquiv>
                    <Unicode>haltsangabe aller wichtigen Mitthellungen der Wiener Morgen¬</Unicode>
                </TextEquiv>
            </TextLine>
            <TextLine id="r1l38" custom="readingOrder {index:37;}">
                <Coords points="131,3161 1477,3169 1498,3113 130,3129"/>
                <Baseline points="139,3159 206,3160 274,3161 341,3161 409,3162 476,3162 544,3162 611,3161 679,3161 746,3160 814,3160 882,3159 949,3158 1017,3158 1084,3157 1152,3156 1219,3156 1287,3155 1354,3154 1422,3154 1490,3154"/>
                <TextEquiv>
                    <Unicode>ätter (Tagesjournale ausser „Neue Freie Presse“ und „Wiener Zeitung“)</Unicode>
                </TextEquiv>
            </TextLine>
            <TextLine id="r1l39" custom="readingOrder {index:38;}">
                <Coords points="125,3204 1471,3207 1503,3156 125,3172"/>
                <Baseline points="133,3198 201,3199 269,3200 337,3201 405,3201 473,3201 541,3201 609,3200 677,3200 745,3199 814,3198 882,3197 950,3196 1018,3195 1086,3193 1154,3193 1222,3192 1290,3191 1358,3191 1426,3191 1495,3191"/>
                <TextEquiv>
                    <Unicode>bdurch eine Uebersicht über das gesammte politische und wirthschaftliche</Unicode>
                </TextEquiv>
            </TextLine>
            <TextLine id="r1l40" custom="readingOrder {index:39;}">
                <Coords points="118,3251 1500,3229 1097,3188 118,3206"/>
                <Baseline points="127,3237 195,3237 263,3237 331,3238 400,3238 468,3238 536,3238 604,3237 673,3237 741,3237 809,3237 877,3236 946,3236 1014,3235 1082,3235 1150,3234 1219,3234 1287,3233 1355,3233 1423,3232 1492,3232"/>
                <TextEquiv>
                    <Unicode>ben des In- und Auslandes in drastischer Kürze geboten wird. Diese Mit¬</Unicode>
                </TextEquiv>
            </TextLine>
            <TextLine id="r1l41" custom="readingOrder {index:40;}">
                <Coords points="100,3289 1086,3274 1085,3245 1005,3235 100,3249"/>
                <Baseline points="109,3277 157,3278 205,3279 254,3280 302,3280 350,3280 399,3280 447,3280 495,3279 544,3279 592,3278 640,3278 689,3277 737,3276 785,3276 834,3275 882,3274 930,3274 979,3274 1027,3273 1076,3273"/>
                <TextEquiv>
                    <Unicode>eilungen werden in Wien um 9 Uhr Früh verschickt.</Unicode>
                </TextEquiv>
            </TextLine>
            <TextLine id="r1l42" custom="readingOrder {index:41;}">
                <Coords points="390,3373 559,3396 1168,3370 1148,3324 738,3337 678,3315 539,3345 390,3316"/>
                <Baseline points="399,3375 437,3376 475,3377 513,3378 551,3378 589,3378 627,3378 665,3378 703,3377 741,3376 779,3376 817,3375 855,3374 893,3374 931,3373 969,3372 1007,3372 1045,3371 1083,3371 1121,3371 1160,3371"/>
                <TextEquiv>
                    <Unicode>Prospecre gratis und flanco.</Unicode>
                </TextEquiv>
            </TextLine>
            <TextEquiv>
                <Unicode>box 40/1
Bauernfeld-Preis
Telephon 12801.
Alex. Weigl’s Unternehmen für Zeitungs-Aussohnitte
410e
„CBSERWEP“
Nr. 5
österr. beb#nc. Bureau für Zeitungsberichte u. Personalnachrichten
Wien, I., Concondiaplatz 4.
rtretungen in Berlin, Budapest, Chicago, Genf, London, Newyork, Paris, Rom.
Stockholm, Kristiania, St. Petersburg.
sschul aud ine Huehanng
eilämne
om: 1
Der Bauernfeldpreis (2000 Kronen) ist dem Dichter Arthur
Se’ nitzler für seine „Lebendigen Stunden“ zugesprochen worden.
Diese Ehrung bedeutef gleichzeitig eine Mahnung an das Burg¬
heater, einen der fählgsten jüngeren Wiener Dramatiker nicht
änge“ persönlicher Zerwürtnisse halber von der Hofbähne fern—0
uhalten
Bezugs-Bedingungen:
15.—
50 Zeitungsansschnitte (Artikel oder Notizen) Kr.
28.— inclusive
100
Porto.
50.—
20
Zahlbar
110.—
200.—) im Voraus.
1000
Im Gegensatze en anderen Bureaux für Zeitungsausschnitte ist das
bonnement durch keine bestimmte Zeitdauer begrenzt; — auch steht es den
onnenten frei die aufgegebenen Themen zu ergänzen oder zu ändern.
Der „OBSERVER“ veranstaltet täglich einen Auszug enthaltend die
haltsangabe aller wichtigen Mitthellungen der Wiener Morgen¬
ätter (Tagesjournale ausser „Neue Freie Presse“ und „Wiener Zeitung“)
bdurch eine Uebersicht über das gesammte politische und wirthschaftliche
ben des In- und Auslandes in drastischer Kürze geboten wird. Diese Mit¬
eilungen werden in Wien um 9 Uhr Früh verschickt.
Prospecre gratis und flanco.</Unicode>
            </TextEquiv>
        </TextRegion>
        <TextRegion orientation="0.0" id="r2" custom="readingOrder {index:1;}">
            <Coords points="1651,223 1651,3814 3112,3814 3112,223"/>
            <TextLine id="r2l1" custom="readingOrder {index:0;}">
                <Coords points="1921,268 2027,263 2072,279 2127,260 2240,273 2253,262 2283,266 2283,214 2179,215 2139,228 2073,211 2033,224 1985,206 1965,223 1920,223"/>
                <Baseline points="1929,249 1955,249 1981,250 2008,250 2034,250 2061,250 2087,250 2114,250 2140,250 2167,249 2193,248 2220,247 2246,246 2273,245"/>
                <TextEquiv>
                    <Unicode>—.—</Unicode>
                </TextEquiv>
            </TextLine>
            <TextLine id="r2l2" custom="readingOrder {index:1;}">
                <Coords points="2158,1008 2618,1013 2619,962 2589,965 2548,933 2516,942 2498,929 2356,951 2227,926 2189,948 2159,944"/>
                <Baseline points="2167,978 2193,978 2219,979 2245,979 2271,979 2297,979 2323,979 2349,979 2375,979 2401,979 2427,979 2453,980 2479,980 2505,982 2531,983 2557,985 2583,987 2610,990"/>
                <TextEquiv>
                    <Unicode>Teleplion 12801.</Unicode>
                </TextEquiv>
            </TextLine>
            <TextLine id="r2l3" custom="readingOrder {index:2;}">
                <Coords points="1782,1091 3012,1081 2893,1012 1782,1046"/>
                <Baseline points="1791,1076 1851,1076 1912,1076 1972,1076 2033,1076 2094,1076 2154,1076 2215,1077 2275,1077 2336,1077 2397,1078 2457,1078 2518,1078 2578,1078 2639,1078 2700,1078 2760,1077 2821,1076 2881,1075 2942,1074 3003,1072"/>
                <TextEquiv>
                    <Unicode>Alex. Weigl’s Unternehmen für Zeitungs-Ausschnitte</Unicode>
                </TextEquiv>
            </TextLine>
            <TextLine id="r2l4" custom="readingOrder {index:3;}">
                <Coords points="2042,1228 2248,1199 2627,1205 2660,1165 2768,1138 2937,1136 2949,1082 2746,1086 2712,1119 2188,1125 2109,1182 2037,1184"/>
                <Baseline points="2049,1207 2093,1206 2138,1206 2183,1205 2228,1204 2272,1202 2317,1200 2362,1198 2407,1195 2451,1192 2496,1188 2541,1183 2586,1179 2630,1173 2675,1167 2720,1160 2765,1152 2809,1144 2854,1135 2899,1125 2944,1113"/>
                <TextEquiv>
                    <Unicode>„UBSERVEP“ </Unicode>
                </TextEquiv>
            </TextLine>
            <TextLine id="r2l5" custom="readingOrder {index:4;}">
                <Coords points="2773,1214 2794,1213 2828,1230 2846,1212 2885,1224 2908,1213 2925,1226 2947,1217 2963,1227 2999,1213 3016,1221 3037,1212 3031,1135 3010,1146 2982,1130 2968,1137 2955,1130 2923,1153 2906,1141 2892,1148 2880,1138 2850,1138 2769,1159"/>
                <Baseline points="2781,1207 2808,1206 2835,1206 2862,1203 2889,1201 2917,1199 2944,1196 2971,1194 2998,1192 3026,1190"/>
                <TextEquiv>
                    <Unicode>Nr. 93</Unicode>
                </TextEquiv>
            </TextLine>
            <TextLine id="r2l6" custom="readingOrder {index:5;}">
                <Coords points="1670,1283 3057,1283 3120,1224 1670,1240"/>
                <Baseline points="1679,1272 1750,1272 1822,1273 1893,1273 1965,1272 2037,1272 2108,1272 2180,1272 2252,1271 2323,1271 2395,1270 2467,1270 2538,1269 2610,1268 2682,1268 2753,1267 2825,1267 2897,1266 2968,1265 3040,1264 3112,1264"/>
                <TextEquiv>
                    <Unicode>I. österr. bebärdl., conc. Bureau für Zeitungsberichte u. Porsonalnachrichten</Unicode>
                </TextEquiv>
            </TextLine>
            <TextLine id="r2l7" custom="readingOrder {index:6;}">
                <Coords points="1773,1334 1950,1328 2083,1370 2857,1337 2800,1290 1773,1293"/>
                <Baseline points="1782,1319 1835,1325 1888,1330 1941,1334 1995,1337 2048,1339 2101,1341 2155,1341 2208,1342 2261,1342 2315,1342 2368,1341 2421,1340 2474,1340 2528,1339 2581,1338 2634,1338 2688,1338 2741,1338 2794,1338 2848,1339"/>
                <TextEquiv>
                    <Unicode>Watwien, I., Concondiaplatz 4.</Unicode>
                </TextEquiv>
            </TextLine>
            <TextLine id="r2l8" custom="readingOrder {index:7;}">
                <Coords points="1687,1406 3101,1403 3036,1349 1687,1349"/>
                <Baseline points="1696,1396 1765,1397 1835,1398 1905,1398 1975,1399 2045,1399 2114,1398 2184,1398 2254,1398 2324,1397 2394,1397 2463,1396 2533,1396 2603,1395 2673,1395 2743,1395 2812,1395 2882,1395 2952,1395 3022,1396 3092,1397"/>
                <TextEquiv>
                    <Unicode>Vertretungen in Berlin, Budapest, Chicago, Ganf, London, Nowyork, P’aris, Rom,</Unicode>
                </TextEquiv>
            </TextLine>
            <TextLine id="r2l9" custom="readingOrder {index:8;}">
                <Coords points="2036,1462 2153,1440 2384,1456 2660,1438 2691,1456 2744,1452 2744,1411 2547,1395 2515,1415 2477,1397 2036,1412"/>
                <Baseline points="2046,1435 2080,1435 2115,1436 2149,1436 2184,1436 2218,1436 2253,1436 2287,1436 2322,1436 2356,1435 2391,1435 2425,1435 2460,1435 2494,1435 2529,1434 2563,1434 2598,1434 2632,1435 2667,1435 2701,1436 2736,1437"/>
                <TextEquiv>
                    <Unicode>Stockholm, Kristiania, St. Petersburg.</Unicode>
                </TextEquiv>
            </TextLine>
            <TextLine id="r2l10" custom="readingOrder {index:9;}">
                <Coords points="2796,1565 2816,1572 2828,1569 2835,1578 2843,1576 2854,1585 2871,1574 2879,1580 2912,1565 2919,1574 2944,1584 2955,1539 2941,1536 2934,1526 2905,1525 2885,1509 2873,1512 2858,1504 2854,1507 2833,1487 2816,1481"/>
                <Baseline points="2809,1548 2834,1551 2860,1557 2885,1565 2911,1571 2937,1576"/>
                <TextEquiv>
                    <Unicode>ien</Unicode>
                </TextEquiv>
            </TextLine>
            <TextLine id="r2l11" custom="readingOrder {index:10;}">
                <Coords points="1662,1596 1968,1610 2181,1559 2680,1593 2751,1577 2749,1479 2281,1481 2180,1543 1877,1513 1661,1546"/>
                <Baseline points="1671,1577 1724,1579 1778,1580 1831,1580 1885,1580 1938,1579 1992,1578 2045,1577 2099,1575 2152,1574 2206,1572 2260,1570 2313,1568 2367,1567 2420,1565 2474,1564 2527,1563 2581,1562 2634,1562 2688,1563 2742,1564"/>
                <TextEquiv>
                    <Unicode>Ausschnitt aus: Melrchen Terlerren</Unicode>
                </TextEquiv>
            </TextLine>
            <TextLine id="r2l12" custom="readingOrder {index:11;}">
                <Coords points="1683,1747 1897,1727 1953,1756 2042,1759 2138,1727 2186,1753 2269,1704 2334,1695 2330,1625 2231,1654 2136,1650 2002,1714 1984,1697 1898,1712 1757,1662 1733,1683 1679,1679"/>
                <Baseline points="1691,1721 1722,1725 1754,1728 1786,1731 1817,1733 1849,1735 1881,1736 1912,1736 1944,1736 1976,1735 2008,1733 2039,1731 2071,1729 2103,1726 2134,1722 2166,1718 2198,1713 2229,1708 2261,1702 2293,1696 2325,1689"/>
                <TextEquiv>
                    <Unicode>vom:1755</Unicode>
                </TextEquiv>
            </TextLine>
            <TextLine id="r2l13" custom="readingOrder {index:12;}">
                <Coords points="1766,1897 2867,1880 2828,1844 2360,1826 1766,1859"/>
                <Baseline points="1776,1894 1830,1895 1884,1896 1938,1896 1992,1897 2046,1896 2100,1896 2154,1895 2208,1894 2262,1893 2317,1892 2371,1891 2425,1890 2479,1888 2533,1887 2587,1886 2641,1885 2695,1884 2749,1883 2803,1882 2858,1882"/>
                <TextEquiv>
                    <Unicode>Der Bauernfeld=Preis. Minister für Kultus und Unter¬</Unicode>
                </TextEquiv>
            </TextLine>
            <TextLine id="r2l14" custom="readingOrder {index:13;}">
                <Coords points="1641,1920 1728,1953 2878,1921 2718,1880 2063,1914 1641,1882"/>
                <Baseline points="1651,1935 1711,1936 1772,1936 1833,1937 1894,1937 1955,1937 2016,1936 2077,1936 2138,1935 2199,1934 2260,1934 2320,1933 2381,1931 2442,1931 2503,1929 2564,1928 2625,1928 2686,1927 2747,1926 2808,1926 2869,1925"/>
                <TextEquiv>
                    <Unicode>richt Dr. Ritter v. Hartel beantwortete die Interpellation der</Unicode>
                </TextEquiv>
            </TextLine>
            <TextLine id="r2l15" custom="readingOrder {index:14;}">
                <Coords points="1660,1975 2793,1978 2882,1936 1659,1934"/>
                <Baseline points="1669,1977 1729,1977 1789,1978 1849,1978 1910,1978 1970,1978 2030,1977 2090,1977 2151,1976 2211,1975 2271,1974 2331,1973 2392,1972 2452,1971 2512,1969 2572,1968 2633,1967 2693,1965 2753,1964 2813,1963 2874,1962"/>
                <TextEquiv>
                    <Unicode>Abgeordneten Dr. Pattai und Genossen, betreffend die Zu¬</Unicode>
                </TextEquiv>
            </TextLine>
            <TextLine id="r2l16" custom="readingOrder {index:15;}">
                <Coords points="1650,2005 2774,2016 2877,1973 1649,1987"/>
                <Baseline points="1659,2019 1719,2019 1779,2019 1840,2019 1900,2019 1961,2019 2021,2018 2082,2018 2142,2017 2203,2016 2263,2015 2323,2013 2384,2012 2444,2011 2505,2009 2565,2007 2626,2006 2686,2005 2747,2003 2807,2001 2868,2000"/>
                <TextEquiv>
                    <Unicode>weisung eines Preises von 2000 Kronen aus der Bauernfeld¬</Unicode>
                </TextEquiv>
            </TextLine>
            <TextLine id="r2l17" custom="readingOrder {index:16;}">
                <Coords points="1653,2077 2881,2040 2869,1999 1653,2034"/>
                <Baseline points="1662,2060 1722,2060 1783,2059 1843,2058 1904,2058 1964,2057 2025,2056 2085,2055 2146,2054 2206,2053 2267,2052 2327,2051 2388,2050 2448,2049 2509,2048 2569,2047 2630,2046 2690,2045 2751,2044 2811,2043 2872,2042"/>
                <TextEquiv>
                    <Unicode>Stiftung an den Literaten Dr. Arthur Schnitzler in folgender</Unicode>
                </TextEquiv>
            </TextLine>
            <TextLine id="r2l18" custom="readingOrder {index:17;}">
                <Coords points="1654,2093 2853,2095 2869,2052 1654,2077"/>
                <Baseline points="1663,2097 1722,2097 1782,2097 1842,2096 1902,2096 1962,2095 2022,2094 2081,2093 2141,2092 2201,2091 2261,2090 2321,2089 2381,2087 2441,2086 2500,2085 2560,2084 2620,2083 2680,2082 2740,2082 2800,2082 2860,2081"/>
                <TextEquiv>
                    <Unicode>Weise: „Die Interpellanten scheinen von der Voraussetzung aus¬</Unicode>
                </TextEquiv>
            </TextLine>
            <TextLine id="r2l19" custom="readingOrder {index:18;}">
                <Coords points="1656,2151 2769,2136 2876,2090 1655,2094"/>
                <Baseline points="1665,2141 1725,2139 1785,2137 1845,2135 1905,2134 1965,2133 2025,2131 2085,2130 2145,2129 2205,2128 2266,2128 2326,2127 2386,2126 2446,2125 2506,2124 2566,2124 2626,2123 2686,2122 2746,2121 2806,2120 2867,2119"/>
                <TextEquiv>
                    <Unicode>zugehen, daß ich alr Unterrichtsminister Mitglied des betreffenden</Unicode>
                </TextEquiv>
            </TextLine>
            <TextLine id="r2l20" custom="readingOrder {index:19;}">
                <Coords points="1654,2176 2808,2171 2883,2132 1653,2161"/>
                <Baseline points="1663,2179 1723,2177 1784,2176 1844,2175 1905,2174 1965,2173 2026,2171 2086,2170 2147,2169 2207,2168 2268,2167 2329,2166 2389,2165 2450,2164 2510,2163 2571,2162 2631,2162 2692,2161 2752,2160 2813,2159 2874,2158"/>
                <TextEquiv>
                    <Unicode>Kurat#riums, und als solcher für die Beschlüsse desselben ver¬</Unicode>
                </TextEquiv>
            </TextLine>
            <TextLine id="r2l21" custom="readingOrder {index:20;}">
                <Coords points="1653,2228 2874,2203 2873,2169 2751,2158 1653,2175"/>
                <Baseline points="1663,2217 1723,2216 1783,2215 1843,2214 1903,2213 1963,2212 2023,2211 2083,2210 2143,2209 2203,2208 2264,2207 2324,2206 2384,2205 2444,2204 2504,2203 2564,2202 2624,2202 2684,2200 2744,2200 2804,2198 2865,2197"/>
                <TextEquiv>
                    <Unicode>antworlich sei. Dem gegenüber beehre ich mich zu konstatieren,</Unicode>
                </TextEquiv>
            </TextLine>
            <TextLine id="r2l22" custom="readingOrder {index:21;}">
                <Coords points="1662,2253 2879,2243 2878,2204 2796,2202 1661,2217"/>
                <Baseline points="1670,2256 1733,2255 1796,2254 1859,2252 1922,2251 1985,2250 2048,2249 2111,2248 2174,2247 2237,2246 2301,2245 2364,2244 2427,2243 2490,2242 2553,2241 2616,2240 2679,2239 2742,2238 2805,2237 2869,2235"/>
                <TextEquiv>
                    <Unicode>daß ich nicht etwa als Unterrichtsminister in das Kuratorium</Unicode>
                </TextEquiv>
            </TextLine>
            <TextLine id="r2l23" custom="readingOrder {index:22;}">
                <Coords points="1653,2293 2795,2297 2873,2274 2873,2239 1652,2241"/>
                <Baseline points="1661,2296 1721,2295 1781,2294 1841,2293 1901,2292 1961,2291 2021,2290 2082,2288 2142,2287 2202,2286 2262,2284 2322,2283 2382,2282 2442,2281 2503,2280 2563,2279 2623,2278 2683,2277 2743,2276 2803,2276 2864,2275"/>
                <TextEquiv>
                    <Unicode>dieser Stiftung berufen wurde, sondern auf Grund des Stiftungs¬</Unicode>
                </TextEquiv>
            </TextLine>
            <TextLine id="r2l24" custom="readingOrder {index:23;}">
                <Coords points="1654,2345 2880,2317 2838,2279 1653,2293"/>
                <Baseline points="1662,2337 1722,2336 1782,2334 1843,2333 1903,2331 1964,2330 2024,2328 2084,2327 2145,2326 2205,2325 2266,2324 2326,2323 2386,2322 2447,2321 2507,2320 2568,2320 2628,2319 2688,2319 2749,2318 2809,2318 2870,2318"/>
                <TextEquiv>
                    <Unicode>briefes vom 13. Jänner 1894 demselben angehöre. Obwohl ich</Unicode>
                </TextEquiv>
            </TextLine>
            <TextLine id="r2l25" custom="readingOrder {index:24;}">
                <Coords points="1663,2373 2671,2378 2887,2337 1663,2346"/>
                <Baseline points="1673,2375 1733,2374 1793,2373 1853,2372 1914,2371 1974,2370 2034,2369 2094,2368 2155,2367 2215,2366 2275,2365 2335,2364 2396,2362 2456,2362 2516,2361 2576,2360 2637,2359 2697,2358 2757,2358 2817,2358 2878,2358"/>
                <TextEquiv>
                    <Unicode>mich demnach nicht verpflichte; fühle, für meine Handlungen als</Unicode>
                </TextEquiv>
            </TextLine>
            <TextLine id="r2l26" custom="readingOrder {index:25;}">
                <Coords points="1664,2425 2842,2409 2868,2361 1663,2373"/>
                <Baseline points="1673,2414 1732,2413 1791,2413 1850,2412 1910,2411 1969,2410 2028,2409 2088,2408 2147,2407 2206,2406 2266,2405 2325,2403 2384,2402 2443,2401 2503,2400 2562,2399 2621,2399 2681,2398 2740,2397 2799,2397 2859,2397"/>
                <TextEquiv>
                    <Unicode>Privatmann Rechenschaft zu geben, so stehe ich doch nicht an,</Unicode>
                </TextEquiv>
            </TextLine>
            <TextLine id="r2l27" custom="readingOrder {index:26;}">
                <Coords points="1662,2465 2856,2452 2875,2408 1661,2430"/>
                <Baseline points="1671,2455 1730,2454 1790,2454 1850,2452 1910,2451 1970,2450 2029,2448 2089,2447 2149,2446 2209,2444 2269,2443 2328,2442 2388,2440 2448,2439 2508,2437 2568,2436 2627,2435 2687,2435 2747,2434 2807,2434 2867,2433"/>
                <TextEquiv>
                    <Unicode>zuzugestehen, daß unter meiner Teilnahme Gerechte und Sünder,</Unicode>
                </TextEquiv>
            </TextLine>
            <TextLine id="r2l28" custom="readingOrder {index:27;}">
                <Coords points="1674,2496 2863,2480 2862,2444 2735,2436 1674,2456"/>
                <Baseline points="1683,2495 1741,2494 1800,2492 1858,2491 1917,2490 1975,2489 2034,2488 2092,2486 2151,2485 2209,2484 2268,2483 2327,2482 2385,2481 2444,2480 2502,2479 2561,2478 2619,2477 2678,2475 2736,2474 2795,2473 2854,2472"/>
                <TextEquiv>
                    <Unicode>Christen und Juden, Ausländer und Inländer durch Ehren¬</Unicode>
                </TextEquiv>
            </TextLine>
            <TextLine id="r2l29" custom="readingOrder {index:28;}">
                <Coords points="1670,2538 2871,2525 2860,2475 1669,2492"/>
                <Baseline points="1679,2536 1738,2535 1797,2533 1856,2531 1915,2530 1974,2528 2033,2527 2093,2525 2152,2524 2211,2523 2270,2522 2329,2520 2388,2519 2447,2518 2507,2517 2566,2516 2625,2514 2684,2514 2743,2512 2802,2511 2862,2511"/>
                <TextEquiv>
                    <Unicode>gaben und Preise ausgezeichnet wurden, indem nach dem Wort¬</Unicode>
                </TextEquiv>
            </TextLine>
            <TextLine id="r2l30" custom="readingOrder {index:29;}">
                <Coords points="2869,2535 2895,2545 3010,2541 3035,2549 3059,2527 3088,2522 3088,2504 3031,2491 3022,2482 2986,2489 2963,2481 2943,2488 2927,2482 2914,2491 2893,2478 2869,2487"/>
                <Baseline points="2877,2536 2902,2534 2927,2533 2952,2533 2977,2533 3002,2534 3027,2535 3052,2536 3078,2538"/>
                <TextEquiv>
                    <Unicode>inelusive</Unicode>
                </TextEquiv>
            </TextLine>
            <TextLine id="r2l31" custom="readingOrder {index:30;}">
                <Coords points="1664,2570 2856,2571 2860,2517 1663,2543"/>
                <Baseline points="1673,2574 1735,2573 1797,2572 1859,2570 1921,2569 1983,2568 2045,2567 2107,2566 2169,2564 2231,2563 2293,2562 2355,2560 2417,2559 2479,2558 2541,2556 2603,2555 2665,2554 2727,2553 2789,2552 2852,2551"/>
                <TextEquiv>
                    <Unicode>laute und dem Geiste des Stiftbriefes hierbei nicht der Tauf¬</Unicode>
                </TextEquiv>
            </TextLine>
            <TextLine id="r2l32" custom="readingOrder {index:31;}">
                <Coords points="2880,2572 2933,2581 2964,2576 3001,2583 3012,2578 3026,2586 3041,2575 3050,2576 3051,2552 3012,2542 2985,2548 2956,2540 2947,2549 2927,2539 2881,2543"/>
                <Baseline points="2888,2573 2913,2571 2939,2571 2964,2573 2990,2574 3015,2575 3041,2576"/>
                <TextEquiv>
                    <Unicode>Porto.</Unicode>
                </TextEquiv>
            </TextLine>
            <TextLine id="r2l33" custom="readingOrder {index:32;}">
                <Coords points="1673,2617 2752,2611 2859,2560 1672,2574"/>
                <Baseline points="1681,2613 1739,2612 1797,2612 1856,2611 1914,2610 1973,2609 2031,2608 2090,2606 2148,2605 2207,2603 2265,2602 2323,2600 2382,2599 2440,2597 2499,2596 2557,2594 2616,2593 2674,2592 2733,2591 2791,2590 2850,2589"/>
                <TextEquiv>
                    <Unicode>schein, sondern literarische Leistuigen maßgebend waren. Aller¬</Unicode>
                </TextEquiv>
            </TextLine>
            <TextLine id="r2l34" custom="readingOrder {index:33;}">
                <Coords points="2868,2612 2882,2610 2893,2620 2920,2627 2945,2617 2986,2618 2994,2625 3019,2618 3029,2622 3042,2614 3054,2617 3053,2583 3021,2586 3010,2577 2994,2585 2899,2575 2883,2592 2867,2591"/>
                <Baseline points="2877,2619 2905,2616 2933,2615 2961,2615 2989,2615 3017,2614 3045,2611"/>
                <TextEquiv>
                    <Unicode>Zahlbar</Unicode>
                </TextEquiv>
            </TextLine>
            <TextLine id="r2l35" custom="readingOrder {index:34;}">
                <Coords points="1671,2656 2786,2648 2857,2639 2857,2600 1670,2614"/>
                <Baseline points="1679,2650 1737,2650 1796,2649 1854,2648 1913,2648 1971,2647 2030,2646 2088,2645 2147,2644 2205,2642 2264,2641 2322,2640 2381,2639 2439,2638 2498,2637 2556,2636 2615,2635 2673,2634 2732,2634 2790,2633 2849,2633"/>
                <TextEquiv>
                    <Unicode>dings wäre es dem Kuratorium leichter, seine undankbare Aus¬</Unicode>
                </TextEquiv>
            </TextLine>
            <TextLine id="r2l36" custom="readingOrder {index:35;}">
                <Coords points="1665,2701 2853,2681 3109,2657 3110,2612 1664,2656"/>
                <Baseline points="1673,2694 1744,2691 1815,2689 1887,2687 1958,2685 2030,2684 2101,2682 2172,2681 2244,2680 2315,2679 2387,2678 2458,2677 2529,2675 2601,2674 2672,2672 2744,2669 2815,2667 2886,2663 2958,2659 3029,2654 3101,2648"/>
                <TextEquiv>
                    <Unicode>gabe zu erfüllen, wenn einzig und allein oder vorwiegend] im Voraus.</Unicode>
                </TextEquiv>
            </TextLine>
            <TextLine id="r2l37" custom="readingOrder {index:36;}">
                <Coords points="1682,2733 3007,2732 3101,2688 2941,2657 1681,2699"/>
                <Baseline points="1690,2730 1760,2729 1830,2729 1900,2727 1970,2726 2040,2724 2110,2722 2180,2721 2250,2719 2320,2717 2391,2716 2461,2714 2531,2713 2601,2712 2671,2712 2741,2712 2811,2712 2881,2714 2951,2716 3021,2718 3092,2722"/>
                <TextEquiv>
                    <Unicode>der Taufschein oder die Stammesangehörigkeit seine Ent# tte ist das</Unicode>
                </TextEquiv>
            </TextLine>
            <TextLine id="r2l38" custom="readingOrder {index:37;}">
                <Coords points="1657,2769 3107,2772 3082,2720 1657,2713"/>
                <Baseline points="1667,2771 1738,2770 1810,2769 1881,2767 1953,2765 2024,2764 2096,2762 2167,2760 2239,2759 2310,2757 2382,2756 2454,2755 2525,2754 2597,2753 2668,2753 2740,2753 2811,2754 2883,2755 2954,2756 3026,2758 3098,2760"/>
                <TextEquiv>
                    <Unicode>scheidung bestimmen könnte.11) Gegen den Vorwurf aber, Literaten gtcht as den</Unicode>
                </TextEquiv>
            </TextLine>
            <TextLine id="r2l39" custom="readingOrder {index:38;}">
                <Coords points="1657,2834 2981,2798 2837,2752 1656,2770"/>
                <Baseline points="1665,2811 1730,2811 1795,2809 1860,2808 1926,2806 1991,2805 2056,2803 2122,2801 2187,2800 2252,2798 2318,2796 2383,2795 2448,2793 2513,2793 2579,2792 2644,2792 2709,2792 2775,2792 2840,2794 2905,2796 2971,2798"/>
                <TextEquiv>
                    <Unicode>mißliebigen (!) Ursprungs vor anderen zu begünstigen, kann das dern.</Unicode>
                </TextEquiv>
            </TextLine>
            <TextLine id="r2l40" custom="readingOrder {index:39;}">
                <Coords points="1669,2847 2879,2833 2849,2792 1668,2810"/>
                <Baseline points="1677,2851 1736,2850 1796,2848 1855,2847 1915,2845 1975,2844 2034,2842 2094,2841 2153,2839 2213,2838 2273,2836 2332,2835 2392,2834 2451,2832 2511,2831 2571,2830 2630,2829 2690,2828 2749,2827 2809,2826 2869,2825"/>
                <TextEquiv>
                    <Unicode>Kuratorium die Tatsache schützen, daß den fünf in der Inter¬</Unicode>
                </TextEquiv>
            </TextLine>
            <TextLine id="r2l41" custom="readingOrder {index:40;}">
                <Coords points="1668,2899 3107,2889 3039,2839 2802,2830 1668,2852"/>
                <Baseline points="1677,2889 1748,2889 1819,2887 1890,2885 1961,2884 2032,2882 2103,2880 2174,2878 2245,2875 2316,2874 2387,2872 2458,2871 2529,2870 2600,2870 2671,2870 2742,2871 2813,2873 2884,2875 2955,2878 3026,2883 3098,2888"/>
                <TextEquiv>
                    <Unicode>pellation namhaft gemachten Dichtern 19 christlicher Konfession haltend ####</Unicode>
                </TextEquiv>
            </TextLine>
            <TextLine id="r2l42" custom="readingOrder {index:41;}">
                <Coords points="1674,2937 3006,2936 3104,2901 1673,2896"/>
                <Baseline points="1683,2927 1753,2927 1824,2926 1894,2925 1965,2924 2036,2922 2106,2921 2177,2919 2248,2918 2318,2916 2389,2915 2460,2914 2530,2913 2601,2912 2672,2912 2742,2913 2813,2914 2884,2916 2954,2919 3025,2922 3096,2927"/>
                <TextEquiv>
                    <Unicode>mit dem Betrage von mehr als 30.000 Kronen gegenübergestellt Morgen¬</Unicode>
                </TextEquiv>
            </TextLine>
            <TextLine id="r2l43" custom="readingOrder {index:42;}">
                <Coords points="1672,2982 3065,2975 3086,2923 1672,2936"/>
                <Baseline points="1681,2966 1750,2966 1820,2966 1890,2965 1960,2964 2030,2962 2100,2961 2169,2959 2239,2957 2309,2955 2379,2953 2449,2952 2519,2951 2589,2950 2658,2950 2728,2950 2798,2951 2868,2954 2938,2957 3008,2961 3078,2966"/>
                <TextEquiv>
                    <Unicode>werden könnten. (!) Je schwieriger es ist, in Sachen der Kunster Zeitung")</Unicode>
                </TextEquiv>
            </TextLine>
            <TextLine id="r2l44" custom="readingOrder {index:43;}">
                <Coords points="1676,3011 3107,3001 2817,2949 1676,2979"/>
                <Baseline points="1686,3008 1756,3007 1827,3006 1897,3005 1968,3004 2039,3002 2109,3000 2180,2999 2250,2997 2321,2995 2392,2994 2462,2992 2533,2991 2603,2990 2674,2990 2745,2990 2815,2991 2886,2993 2956,2995 3027,2998 3098,3001"/>
                <TextEquiv>
                    <Unicode>unfehlbar zu urteilen, desto dankbarer werde ich sein, thschaftliche</Unicode>
                </TextEquiv>
            </TextLine>
            <TextLine id="r2l45" custom="readingOrder {index:44;}">
                <Coords points="1664,3073 2834,3032 2852,2994 1663,3024"/>
                <Baseline points="1673,3047 1731,3046 1790,3044 1848,3043 1907,3043 1965,3042 2024,3041 2082,3040 2141,3039 2199,3038 2258,3037 2317,3036 2375,3035 2434,3034 2492,3032 2551,3031 2609,3029 2668,3027 2726,3025 2785,3023 2844,3020"/>
                <TextEquiv>
                    <Unicode>auf Künstler aufmerksam gemacht zu werden, deren Werke einen</Unicode>
                </TextEquiv>
            </TextLine>
            <TextLine id="r2l46" custom="readingOrder {index:45;}">
                <Coords points="1663,3093 2829,3076 3111,3040 3110,3001 1663,3072"/>
                <Baseline points="1673,3089 1744,3086 1815,3084 1887,3082 1958,3081 2030,3080 2101,3079 2172,3078 2244,3077 2315,3076 2387,3075 2458,3073 2529,3071 2601,3069 2672,3066 2744,3062 2815,3058 2886,3052 2958,3046 3029,3038 3101,3029"/>
                <TextEquiv>
                    <Unicode>unbestreitbaren Vorzug vor anderen verdienen. Parteipolitische Diese Mit¬</Unicode>
                </TextEquiv>
            </TextLine>
            <TextLine id="r2l47" custom="readingOrder {index:46;}">
                <Coords points="1663,3144 2826,3114 2877,3100 2877,3061 1662,3094"/>
                <Baseline points="1671,3128 1730,3127 1790,3125 1850,3124 1910,3122 1970,3121 2030,3120 2090,3119 2150,3117 2210,3116 2270,3115 2329,3114 2389,3112 2449,3111 2509,3110 2569,3108 2629,3106 2689,3105 2749,3103 2809,3101 2869,3099"/>
                <TextEquiv>
                    <Unicode>Rücksichten aber, welcher Art immer, wird die Kommission von</Unicode>
                </TextEquiv>
            </TextLine>
            <TextLine id="r2l48" custom="readingOrder {index:47;}">
                <Coords points="1678,3177 2893,3133 1677,3128"/>
                <Baseline points="1687,3165 1746,3164 1806,3164 1866,3163 1926,3162 1986,3161 2046,3159 2105,3158 2165,3157 2225,3155 2285,3154 2345,3152 2405,3151 2465,3149 2524,3148 2584,3146 2644,3145 2704,3144 2764,3144 2824,3143 2884,3142"/>
                <TextEquiv>
                    <Unicode>sich fernhalten müssen, wenn sie im Sinne des Stifters weiter</Unicode>
                </TextEquiv>
            </TextLine>
            <TextLine id="r2l49" custom="readingOrder {index:48;}">
                <Coords points="1670,3198 2881,3196 2880,3131 1669,3178"/>
                <Baseline points="1679,3206 1738,3205 1798,3203 1858,3202 1917,3201 1977,3199 2037,3198 2096,3197 2156,3196 2216,3195 2276,3194 2335,3193 2395,3192 2455,3191 2514,3190 2574,3188 2634,3187 2693,3185 2753,3183 2813,3181 2873,3178"/>
                <TextEquiv>
                    <Unicode>wirken soll.“ Wenn man zwischen den Zeilen zu lesen versteht, so</Unicode>
                </TextEquiv>
            </TextLine>
            <TextLine id="r2l50" custom="readingOrder {index:49;}">
                <Coords points="1669,3244 2897,3215 2717,3184 1669,3223"/>
                <Baseline points="1679,3244 1739,3243 1799,3242 1860,3240 1920,3239 1981,3238 2041,3237 2101,3236 2162,3235 2222,3233 2283,3232 2343,3231 2403,3230 2464,3228 2524,3227 2585,3226 2645,3224 2705,3223 2766,3221 2826,3220 2887,3218"/>
                <TextEquiv>
                    <Unicode>sieht man klar, daß Seine Exzellenz im zweiten Teile seiner Antwort.</Unicode>
                </TextEquiv>
            </TextLine>
            <TextLine id="r2l51" custom="readingOrder {index:50;}">
                <Coords points="1678,3291 2864,3278 2878,3216 1677,3246"/>
                <Baseline points="1687,3283 1746,3282 1805,3281 1864,3280 1923,3279 1982,3278 2041,3277 2100,3276 2159,3275 2218,3274 2278,3273 2337,3272 2396,3270 2455,3269 2514,3268 2573,3266 2632,3265 2691,3263 2750,3261 2809,3260 2869,3258"/>
                <TextEquiv>
                    <Unicode>die Hand der Christlich=Sozialen, die er im ersten sanft zurück¬</Unicode>
                </TextEquiv>
            </TextLine>
            <TextLine id="r2l52" custom="readingOrder {index:51;}">
                <Coords points="1674,3332 2884,3301 2843,3263 1673,3286"/>
                <Baseline points="1683,3325 1742,3324 1802,3322 1861,3320 1921,3319 1981,3318 2040,3316 2100,3315 2159,3314 2219,3313 2279,3311 2338,3310 2398,3309 2457,3308 2517,3306 2577,3305 2636,3303 2696,3302 2755,3300 2815,3298 2875,3296"/>
                <TextEquiv>
                    <Unicode>wies, liebevoll ergreist. Er bedauert es, eine undankbare Aufgabs</Unicode>
                </TextEquiv>
            </TextLine>
            <TextLine id="r2l53" custom="readingOrder {index:52;}">
                <Coords points="1670,3382 2406,3339 2898,3366 2896,3298 1669,3335"/>
                <Baseline points="1679,3368 1739,3366 1799,3363 1860,3360 1920,3359 1981,3357 2041,3355 2102,3354 2162,3353 2223,3352 2283,3351 2343,3350 2404,3349 2464,3348 2525,3346 2585,3345 2646,3344 2706,3342 2767,3340 2827,3337 2888,3335"/>
                <TextEquiv>
                    <Unicode>zu erfüllen; es wäre ihm lieber, wenn einzig und allein oder</Unicode>
                </TextEquiv>
            </TextLine>
            <TextLine id="r2l54" custom="readingOrder {index:53;}">
                <Coords points="1672,3409 2886,3389 2885,3358 2759,3338 1672,3371"/>
                <Baseline points="1681,3404 1740,3402 1800,3401 1860,3399 1920,3397 1980,3396 2039,3395 2099,3393 2159,3392 2219,3391 2279,3390 2338,3388 2398,3387 2458,3385 2518,3384 2578,3383 2637,3381 2697,3380 2757,3378 2817,3376 2877,3374"/>
                <TextEquiv>
                    <Unicode>vorwiegend der Taufschein oder die Stammesangehörigkeit die</Unicode>
                </TextEquiv>
            </TextLine>
            <TextLine id="r2l55" custom="readingOrder {index:54;}">
                <Coords points="1680,3441 2757,3418 2876,3446 2889,3388 1679,3407"/>
                <Baseline points="1690,3446 1749,3444 1809,3441 1868,3438 1928,3437 1987,3435 2047,3434 2106,3432 2166,3431 2225,3430 2285,3429 2345,3427 2404,3426 2464,3425 2523,3424 2583,3422 2642,3421 2702,3419 2761,3417 2821,3416 2881,3413"/>
                <TextEquiv>
                    <Unicode>Entscheidung bestimmen könnte. Er schützt das Kuratorium gegen#</Unicode>
                </TextEquiv>
            </TextLine>
            <TextLine id="r2l56" custom="readingOrder {index:55;}">
                <Coords points="1671,3494 2800,3471 2887,3451 2886,3413 1669,3443"/>
                <Baseline points="1679,3482 1742,3481 1805,3479 1868,3478 1931,3476 1994,3475 2057,3473 2120,3472 2183,3471 2246,3470 2310,3468 2373,3467 2436,3465 2499,3464 2562,3463 2625,3461 2688,3460 2751,3458 2814,3457 2878,3456"/>
                <TextEquiv>
                    <Unicode>den Vorwurf Literaten „mißliebigen Ursprungs“ zu begünstigen.</Unicode>
                </TextEquiv>
            </TextLine>
            <TextLine id="r2l57" custom="readingOrder {index:56;}">
                <Coords points="1679,3524 2898,3520 2896,3461 1678,3492"/>
                <Baseline points="1687,3521 1747,3520 1807,3519 1867,3518 1927,3517 1987,3515 2047,3514 2107,3513 2167,3511 2227,3510 2287,3508 2347,3507 2407,3506 2467,3504 2527,3503 2587,3501 2647,3501 2707,3499 2767,3498 2827,3497 2888,3496"/>
                <TextEquiv>
                    <Unicode>Schau, schau; also jüdische Abstammung ist in den Augen</Unicode>
                </TextEquiv>
            </TextLine>
            <TextLine id="r2l58" custom="readingOrder {index:57;}">
                <Coords points="1687,3560 2874,3558 2894,3491 1686,3522"/>
                <Baseline points="1695,3559 1754,3557 1814,3556 1873,3555 1933,3553 1992,3552 2052,3551 2111,3550 2171,3549 2230,3548 2290,3547 2350,3545 2409,3544 2469,3543 2528,3542 2588,3541 2647,3540 2707,3539 2766,3537 2826,3536 2886,3534"/>
                <TextEquiv>
                    <Unicode>Sr. Exzellenz gleichbedeutend mit mißliebigem Ursprung, Selbst¬</Unicode>
                </TextEquiv>
            </TextLine>
            <TextLine id="r2l59" custom="readingOrder {index:58;}">
                <Coords points="1662,3631 1794,3598 2886,3579 2847,3537 2043,3573 1660,3547"/>
                <Baseline points="1671,3605 1731,3602 1791,3598 1851,3596 1912,3593 1972,3591 2032,3590 2093,3588 2153,3587 2213,3586 2274,3585 2334,3584 2394,3583 2454,3582 2515,3581 2575,3580 2635,3579 2696,3578 2756,3577 2816,3575 2877,3573"/>
                <TextEquiv>
                    <Unicode>verständlich ist die „N. F. P.“ mit der Antwort Hartels sehr</Unicode>
                </TextEquiv>
            </TextLine>
            <TextLine id="r2l60" custom="readingOrder {index:59;}">
                <Coords points="1675,3655 2873,3622 2897,3573 1673,3609"/>
                <Baseline points="1683,3643 1743,3640 1803,3637 1864,3634 1924,3632 1984,3630 2045,3628 2105,3626 2165,3624 2226,3623 2286,3622 2346,3621 2407,3619 2467,3618 2527,3617 2588,3616 2648,3615 2708,3614 2769,3613 2829,3611 2890,3610"/>
                <TextEquiv>
                    <Unicode>zufrieden. Man hätte es verstanden, wenn Hartel die Inter¬</Unicode>
                </TextEquiv>
            </TextLine>
            <TextLine id="r2l61" custom="readingOrder {index:60;}">
                <Coords points="1673,3677 2745,3652 2884,3685 2895,3609 1672,3635"/>
                <Baseline points="1683,3680 1743,3677 1803,3675 1863,3673 1923,3671 1984,3669 2044,3667 2104,3666 2164,3665 2224,3664 2285,3662 2345,3661 2405,3661 2465,3660 2525,3659 2586,3658 2646,3657 2706,3657 2766,3656 2826,3655 2887,3654"/>
                <TextEquiv>
                    <Unicode>pellation Pattais keiner Antioort für würdig befunden hätte; #</Unicode>
                </TextEquiv>
            </TextLine>
            <TextLine id="r2l62" custom="readingOrder {index:61;}">
                <Coords points="1681,3728 2897,3704 2829,3657 1681,3688"/>
                <Baseline points="1690,3716 1749,3715 1809,3713 1869,3712 1929,3710 1989,3709 2049,3707 2109,3706 2169,3705 2229,3703 2289,3702 2348,3701 2408,3700 2468,3699 2528,3697 2588,3696 2648,3695 2708,3694 2768,3693 2828,3692 2888,3691"/>
                <TextEquiv>
                    <Unicode>aber wenn er antwortete, mußte er der Partei des „Dummen</Unicode>
                </TextEquiv>
            </TextLine>
            <TextLine id="r2l63" custom="readingOrder {index:62;}">
                <Coords points="1684,3764 2905,3761 2904,3707 1683,3728"/>
                <Baseline points="1693,3753 1753,3753 1813,3753 1873,3752 1933,3751 1993,3750 2053,3749 2113,3747 2173,3745 2233,3743 2294,3741 2354,3739 2414,3737 2474,3736 2534,3734 2594,3732 2654,3731 2714,3730 2774,3730 2834,3730 2895,3730"/>
                <TextEquiv>
                    <Unicode>Kerl von Wien“ eine energische Abfertigung verabreichen. Diese</Unicode>
                </TextEquiv>
            </TextLine>
            <TextLine id="r2l64" custom="readingOrder {index:63;}">
                <Coords points="1678,3832 1703,3832 1725,3812 1777,3816 1857,3796 2058,3833 2098,3822 2097,3763 2058,3770 2022,3745 1984,3765 1932,3751 1848,3767 1784,3751 1750,3769 1678,3762"/>
                <Baseline points="1687,3803 1712,3801 1737,3800 1762,3798 1787,3797 1812,3796 1837,3795 1862,3794 1887,3793 1912,3793 1937,3793 1962,3794 1987,3795 2012,3796 2037,3799 2062,3801 2088,3804"/>
                <TextEquiv>
                    <Unicode>ist nicht erfolgt. ##</Unicode>
                </TextEquiv>
            </TextLine>
            <TextEquiv>
                <Unicode>—.—
Teleplion 12801.
Alex. Weigl’s Unternehmen für Zeitungs-Ausschnitte
„UBSERVEP“ 
Nr. 93
I. österr. bebärdl., conc. Bureau für Zeitungsberichte u. Porsonalnachrichten
Watwien, I., Concondiaplatz 4.
Vertretungen in Berlin, Budapest, Chicago, Ganf, London, Nowyork, P’aris, Rom,
Stockholm, Kristiania, St. Petersburg.
ien
Ausschnitt aus: Melrchen Terlerren
vom:1755
Der Bauernfeld=Preis. Minister für Kultus und Unter¬
richt Dr. Ritter v. Hartel beantwortete die Interpellation der
Abgeordneten Dr. Pattai und Genossen, betreffend die Zu¬
weisung eines Preises von 2000 Kronen aus der Bauernfeld¬
Stiftung an den Literaten Dr. Arthur Schnitzler in folgender
Weise: „Die Interpellanten scheinen von der Voraussetzung aus¬
zugehen, daß ich alr Unterrichtsminister Mitglied des betreffenden
Kurat#riums, und als solcher für die Beschlüsse desselben ver¬
antworlich sei. Dem gegenüber beehre ich mich zu konstatieren,
daß ich nicht etwa als Unterrichtsminister in das Kuratorium
dieser Stiftung berufen wurde, sondern auf Grund des Stiftungs¬
briefes vom 13. Jänner 1894 demselben angehöre. Obwohl ich
mich demnach nicht verpflichte; fühle, für meine Handlungen als
Privatmann Rechenschaft zu geben, so stehe ich doch nicht an,
zuzugestehen, daß unter meiner Teilnahme Gerechte und Sünder,
Christen und Juden, Ausländer und Inländer durch Ehren¬
gaben und Preise ausgezeichnet wurden, indem nach dem Wort¬
inelusive
laute und dem Geiste des Stiftbriefes hierbei nicht der Tauf¬
Porto.
schein, sondern literarische Leistuigen maßgebend waren. Aller¬
Zahlbar
dings wäre es dem Kuratorium leichter, seine undankbare Aus¬
gabe zu erfüllen, wenn einzig und allein oder vorwiegend] im Voraus.
der Taufschein oder die Stammesangehörigkeit seine Ent# tte ist das
scheidung bestimmen könnte.11) Gegen den Vorwurf aber, Literaten gtcht as den
mißliebigen (!) Ursprungs vor anderen zu begünstigen, kann das dern.
Kuratorium die Tatsache schützen, daß den fünf in der Inter¬
pellation namhaft gemachten Dichtern 19 christlicher Konfession haltend ####
mit dem Betrage von mehr als 30.000 Kronen gegenübergestellt Morgen¬
werden könnten. (!) Je schwieriger es ist, in Sachen der Kunster Zeitung")
unfehlbar zu urteilen, desto dankbarer werde ich sein, thschaftliche
auf Künstler aufmerksam gemacht zu werden, deren Werke einen
unbestreitbaren Vorzug vor anderen verdienen. Parteipolitische Diese Mit¬
Rücksichten aber, welcher Art immer, wird die Kommission von
sich fernhalten müssen, wenn sie im Sinne des Stifters weiter
wirken soll.“ Wenn man zwischen den Zeilen zu lesen versteht, so
sieht man klar, daß Seine Exzellenz im zweiten Teile seiner Antwort.
die Hand der Christlich=Sozialen, die er im ersten sanft zurück¬
wies, liebevoll ergreist. Er bedauert es, eine undankbare Aufgabs
zu erfüllen; es wäre ihm lieber, wenn einzig und allein oder
vorwiegend der Taufschein oder die Stammesangehörigkeit die
Entscheidung bestimmen könnte. Er schützt das Kuratorium gegen#
den Vorwurf Literaten „mißliebigen Ursprungs“ zu begünstigen.
Schau, schau; also jüdische Abstammung ist in den Augen
Sr. Exzellenz gleichbedeutend mit mißliebigem Ursprung, Selbst¬
verständlich ist die „N. F. P.“ mit der Antwort Hartels sehr
zufrieden. Man hätte es verstanden, wenn Hartel die Inter¬
pellation Pattais keiner Antioort für würdig befunden hätte; #
aber wenn er antwortete, mußte er der Partei des „Dummen
Kerl von Wien“ eine energische Abfertigung verabreichen. Diese
ist nicht erfolgt. ##</Unicode>
            </TextEquiv>
        </TextRegion>
    </Page>
</PcGts>
