3392 4256
1482 149 1562 197 —
1266 220 1726 321 box 40/1
264 225 1111 340 Bauernfeld-Preis
792 969 1240 1059 Telephon 12801.
402 1052 1617 1137 Alex. Weigl’s Unternehmen für Zeitungs-Ausschnitte
660 1134 1578 1264 „OBSERYER“
1416 1192 1568 1287 Nr.
291 1272 1646 1354 I. österr. behördl. conc. Bureau für Zeitungsberichte u. Personalnachrit
565 1334 1481 1400 Wien, I., Concondiaplatz 4.
210 1319 475 1425 NAIO
299 1398 1637 1461 Vertrétußgen in Berlin, Budapest, Chicago, Genf, London, Newyork, Paris,
668 1450 1385 1515 Stockholm, Kristiania, St. Petersburg.
297 1553 1548 1674 Ausschnitt aus: Die Reichswehr, Wien
299 1685 892 1814 vom: ½100
406 1835 1486 1948 * In der heutigen Sitzung des Abgeordnetenhauses
318 1900 1497 2006 stellten die Abgeordneten Dr. Pattai und Genossen ein¬
313 1950 1488 2057 Anfrage an den Unterrichtsminister R. v. Hartel, be¬
322 1988 1495 2100 ireffend die Zuweisung eines Preises von 2000 Kronen aus
316 2056 1491 2139 der Bauernfeld=Stiftung an Dr. Arthur
333 2086 1502 2187 Schnitzler. Nach der Anfrage sei in dieser Verleihung
315 2130 1504 2265 ein Verstoß gegen den Sinn und Zweck der Bauernfeld¬
324 2179 1504 2283 Stiftung und die unbegründete Auszeichnung eines nicht
335 2237 1500 2337 preiswürdigen Werkes zu erblicken. Die ausdrückliche Rang¬
327 2264 1505 2385 erhöhung desselben durch eine Prämiirung in Wien müsse im
339 2317 1508 2421 Auslande die falsche Vorstellung erwecken, als hätte das öster¬
346 2373 1517 2473 reichische Schriftthum keine besseren Producte aufzuweisen.
334 2420 1516 2531 In Erwägung dieser Thatsachen richten die Unterzeichneten
1386 2466 1528 2507 —.—
353 2480 1531 2573 an den Minister die Anfrage: Wie gedenkt der Minister als
353 2532 1667 2631 Mitglied des Curatoriums der Bauernfeld=Stiftung die dies= inelusis
355 2585 1653 2677 malige Verleihung des Bauernfeld=Preises angesichts der Porto,
347 2619 1680 2726 Verantwortung, welche die Einhaltung der Zwecke der Bauern=Zahlbar
357 2658 1675 2768 feld=Stiftung dem Curatorium auferlegt, zu rechtfertigen? im Vorg
560 2719 1633 2787 beiesno-nauganderen burenux ur Zelbungstüsseamüte ist
1361 2765 1654 2826 auch steht es #
298 2777 1314 2830 Abonnement durch keine bestimmte Zeitdauer begrenzt;
299 2822 1614 2871 Abonnenten frei die aufgegebenen Themen zu ergänzen oder zu ändern.
415 2880 1648 2939 Der „OBSERVER“ veranstaltet täglich einen Auszug enthaltend
285 2921 1667 2978 Inhaltsangabe aller wichtigen Mittheilungen der Wiener Morge
294 2968 1672 3022 blätter (Tagesjournale ausser „Neue Freie Presse“ und Wiener Zeitum
297 3017 1659 3062 wodurch eine Uebersicht über das gesammte politische und wirthschaftlic
301 3050 1666 3108 Leben des In- und Auslandes in drastischer Kürze geboten wird. Diese M
306 3100 1327 3145 theilungen werden in Wien um 9 Uhr Früh verschickt.
631 3171 1391 3255 Pnospecte guatis und franco.
1847 108 2241 207 —..—
2191 1015 2649 1093 Telephon 12801.
1815 1081 3014 1176 Alex. Welgl's Unternehmen für Zeitungs-Aussohnitte
2654 1156 2971 1255 #ee Ausschnitt
2816 1212 3117 1312 Nr. 75
2066 1219 2734 1312 „OBSEN VEN
1652 1223 1967 1318 TIO
1736 1306 3148 1370 I. österr. behördl. conc. Bureau für Zeitungsberichte u. Personalnachrichten
1984 1361 2895 1435 Wien, I., Concondiaplarz 4.
1719 1450 3151 1495 Vertretungen in Berlin, Budapest, Chicago, Genf, London, Newyork, Paris, Rom.
2088 1475 2789 1553 Stockholm, Kristiania, St. Petersburg.
1714 1608 2228 1700 Ausschnitt aus:
2314 1633 2997 1729 KRUES WIERER TAEBEATT
1719 1732 2287 1872 vom: 70
1944 1959 2873 2044 * Die christlich=soziale Partei hat die Verleihung des
1837 2012 2880 2095 [Bauernfeld=Preises an Dr. Arthur Schnitzler
1850 2061 2898 2135 zum Gegenstande einer Interpellation an den Unterrichts¬
1850 2130 2910 2178 minister gemacht, welche heute im Abgeordnetenhause zur —
1849 2153 2892 2210 Verlesung gebracht werden wird. Die Interpellanten er¬
1860 2183 2916 2262 blicken in dieser Verleihung eine „Verletzung der Rechte der 7
1867 2213 2881 2294 nichtjüdischen Schriftstellerwelt“ und einen „Verstoß gegen“
1864 2283 2876 2335 den Sinn und Zweck der Stiftung und die unbegründete
1858 2320 2881 2379 Auszeichnung eines nicht preiswürdigen Werkes“. Es wird
1857 2349 2880 2417 die Anfrage gestellt, wie der Minister als Mitglied des
1852 2395 2889 2458 Kuratoriums der Bauernfeld=Stiftung diese abermalige
1869 2441 2897 2502 Bevorzugung eines jüdischen Literaten zu rechtfertigen
1868 2497 2040 2557 vermag.
2790 2519 2904 2595 15.—
2004 2525 2796 2630 . Mans Peftcer uaef onten Nr.
2945 2546 3151 2623 inclusive
1740 2553 1835 2619 Für
2800 2582 2921 2634 28.—
2951 2605 3112 2650 Porto.
1848 2588 1947 2655 100
2804 2627 2924 2683 50.—
1848 2643 1943 2691 200
2942 2639 3132 2692 Zahlbar
2794 2664 2930 2714 110.—
1829 2683 1935 2731 500
2790 2680 3171 2758 200.— imn Vorans.
1826 2718 1942 2782 1000
1764 2740 1803 2784 9
1857 2732 3177 2820 Im Gegensatze zu anderen Bureaux für Zeitungsausschnitte ist das
1742 2804 3191 2856 Abonnement durch keine bestimmte Zeitdauer begrenzt; — auch stcht es den
1751 2844 3062 2903 Abonnenten frei die aufgegebenen Themen zu ergänzen oder zu ändern.
1871 2902 3177 2974 Der „OBSERVER“ veranstaltet täglich einen Auszug enthaltend die
1753 2949 3173 3022 Inhaltsangabe aller wichtigen Mittheilungen der Wiener Morgen¬
1755 2989 3147 3061 blätter (Tagesjournale ausser „Neue Freie Presse“ und Wiener Zeitung“)
1752 3028 3186 3087 wodurch eine Uebersicht über das gesammte politische und wirthschaftliche
1755 3063 3184 3132 Leben des In- und Auslandes in drastischer Kürze geboten wird. Diese Mit¬
1751 3115 2780 3203 theilungen werden in Wien um 9 Uhr Früh verschickt.
2078 3196 2842 3282 Prospecte gnatis und fnanco.
