3392 4384
1238 340 1679 434 box 40/1
239 352 1079 443 Bauernfeld-Preis
594 1326 1071 1416 Telephon 12801.
212 1421 1443 1488 Alex. Welgl’s Unternehmen für Zeitungs-Ausschnitte
1128 1478 1397 1565 " Ausschnitt
462 1530 1154 1626 „OBSEN VEN
1222 1537 1511 1636 Nr. 14
172 1522 417 1639 4103
158 1635 1568 1691 österr. beffördl. conc. Bureau für Zeitungsberichte u. Personalnachrichten
392 1672 1319 1755 Wien, I., Concondiaplatz 4.
152 1744 1554 1819 Vertretungen in Berlin, Budapest, Chicago, Genf, London, Newyork, P’aris, Rom,
477 1797 1198 1852 Stockholm. Kristiania, St. Petersburg.
142 1868 1452 2014 Ausschnitt aus: Fachte Zeusste Lachzchhn
738 1993 1485 2105 Sacrdm MaL
157 2051 746 2155 vom: 4¾1302
1063 2094 1517 2187 Tarsun
309 2300 1210 2365 * Artur Schnitzler hat, wie schon gemelbet, für seinen
244 2354 1208 2408 Einakter=Zyklus Lebendige Stunden den Bauernfeld¬
264 2397 1219 2459 Preis erhalten. Dieses erschreckliche Greianis hat der
256 2454 1208 2501 christlich= sozialen Partei Anlaß zu einer Intervel.
257 2490 1201 2536 lation an den Unterrichtsminister gegeben. Die
259 2524 1214 2573 Interpellanten erblicken in dieser Verleihung eine „Ver¬
247 2569 1209 2621 letzung der Rechte der nichtjüdischen Schrift¬
252 2606 1207 2652 stellerwelt“ und einen „Verstoß gegen den Sinn und
248 2636 1208 2702 Zweck der Stiftung und die unbegründete Auszeich¬
246 2670 1195 2738 nung eines nicht preiswürdigen Werkes.“ Es
246 2700 1203 2785 wird die Anfrage gestellt, wie der Minister als Mitglied
236 2765 1189 2830 des Kuratoriums der Bauernfeld=Stiftung diese aber¬
247 2789 1191 2854 malige Bevorzugung eines jüdischen Literaten
246 2818 1199 2891 zu rechtfertigen vermag. — Diese Intervellation ist eine
249 2886 1190 2930 befreiende Tat, die das den Christlich=Sozialen so geistes¬
156 2866 249 2931 Für
1209 2867 1552 2969 18.— inelusire
246 2907 1195 2983 verwandte bayerische Centrum vor Neid bersten lassen muß.
1356 2923 1516 2970 Porto.
1215 2946 1336 2994 50.—
242 2954 347 3004 200
1349 2953 1527 3009 Zahlbar
1190 2979 1331 3031 110.—
238 2994 341 3038 500
1192 2992 1579 3069 200. im Voraus.
226 3018 360 3099 1000
269 3046 1580 3126 In Gegensatze zu anderen Bureanx für Zeitungsausschnitte ist das
158 3104 1586 3164 Abonnement durch keine bestimmte Zeitdauer begrenzt; — auch steht es den
156 3157 1470 3220 Abonnenten frei die aufgegebenen Themen zu ergänzen oder zu ändern.
263 3225 1575 3287 Der „OBSERVER“ veranstaltet täglich einen Auszug enthaltend die
155 3276 1570 3328 Inhaltsangabe aller wichtigen Mittheilungen der Wiener Morgen¬
159 3303 1577 3370 blätter (Tagesjournale ausser „Neue Freie Presse“ und „Wiener Zeitung")
164 3342 1576 3404 wodurch eine Uebersicht über das gesammte politische und wirthschaftliche
156 3375 1573 3444 Leben des In- und Auslandes in drastischer Kürze geboten wird. Diese Mit¬
162 3427 1184 3491 theilungen werden in Wien um 9 Uhr Früh verschickt.
475 3511 1259 3601 Prospecte gnatis und franco.
2384 1217 2589 1308 12801.
1893 1299 2992 1388 Weigl’s Unternehmen für Zeitungs-Ausschnitte
2687 1361 2921 1445 " Ausschuitt
2015 1377 2661 1521 „OBSERVER
2771 1423 3050 1517 Nr. 23
1641 1499 3102 1569 I. östert beug oonc. Bureau für Zeitungsberichte u. Personalnachrichter
1951 1569 2835 1648 Wien, I., Concordiaplatz 4.
1659 1622 3116 1709 Vertretungen in Berlin, Budapest, Chicago, Genf, London, Newyork, Paris, Rom.
2026 1689 2745 1750 Stoch olm, Kristiania, St. Petersburg.
1663 1774 2988 1909 Ausschnitt aus: ##estebürger-Zeitung, Deum
1670 1950 2383 2068 vom: 2% 602
1817 2268 2908 2320 = Das jüdische Talent. Der Bauernfeld¬
1692 2309 2894 2371 Preis ist, wie schon gemeldet, dem Juden Arthur Schnitz¬
1693 2368 2891 2434 ler verliehen worden. Arthur Schnitzler ist nun schon
1699 2401 2898 2471 der fünfte Jude, der mit diesem ansehnlichen Preise von
1691 2440 2893 2524 (der „Jury“ beglückt worden ist. Gegen diese Bevorzugung
1709 2492 2890 2554 des jüdischen Talents wendet sich eine Interpellation,
1695 2548 2899 2606 die der christlich=soziale Reichsratsabgeordnete Dr. Pattai
1692 2582 2901 2641 namens seiner Partei im österreichischen Abge¬
1697 2625 2894 2687 ordnetenhause eingebracht hat, und worin er beim
1705 2674 2904 2738 Unterrichtsminister anfragt, wie er als Mitglied des Kura¬
1704 2713 2899 2769 toriums der Bauernfeld=Stiftung die Verteilung des
1698 2750 3105 2825 Bauernfeldpreises an den jüdischen Literaten Arthur Schnitz= inclusive
1695 2801 3064 2866 ler rechtfertigen könne, da dies eine neuerliche Hintansetzung 1 Porto.
1707 2843 2433 2914 der nichtjüdischen Autoren bedeute
2902 2851 3085 2900 Zahlbar
2751 2862 2885 2922 110.—
1794 2885 1901 2939 500
2738 2889 3120 2973 200. — im Voruus.
1773 2933 1907 2987 1000
1727 2950 1776 2997 „
1813 2946 3125 3020 Im Gegensatze zu anderen Bureaux für Zeitungsausschnitte ist das
1704 2997 3138 3072 Abonnement durch keine bestimmte Zeitdauer begrenzt; — auch steht es den
1706 3037 3013 3110 Abonnenten frei die aufgegebenen Themen zu ergänzen oder zu ändern.
1910 3114 3129 3190 „OBSERVER“ veranstaltet täglich einen Auszug enthaltend die
1824 3140 1914 3195 Der
1702 3160 3130 3237 Inhaltsangabe aller wichtigen Mittheilungen der Wiener Morgen¬
1708 3203 3128 3269 blätter (Tagezjournale ausser „Neue Freie Presse“ und „Wiener Zeitung“)
1706 3239 3146 3305 wodurch eine Uebersicht über das gesammte politische und wirthschaftliche
1705 3275 3134 3344 Leben des In- und Auslandes in drastischer Kürze geboten wird. Diese Mit¬
1716 3323 2737 3393 theilungen werden in Wien um 9 Uhr Früh verschickt.
2030 3389 2792 3488 Pnospecte gratis und franco.
