3392 4384
2013 175 2230 247 —.—
1210 267 1718 357 box 40/1
252 263 1116 389 Bauernfeld-Preis
650 1965 2894 2093 Eine Sitzung des Theater-Censur-Beirathes.
1011 2081 2498 2163 (Stenographische Aufnahme vom Original-Propheten des Kikeriki.)
1247 2145 2301 2207 Hervorbringungen dieser beiden Zierden der deutschen!
2380 2146 3010 2225 Zopf: Es scheint allerdings s#z
3135 2153 3207 2217 9
577 2155 880 2221 Personen:
2303 2188 3030 2252 selbst zufällig Kenntnis von dem Inhaft
3112 2202 3263 2256 ommen
1245 2203 2297 2274 Literatur werden doch über höhere Weisung ohne Censur
297 2189 1185 2265 Eein hoher Verwaltungsbeamter, zugleich Prolog.
2311 2244 3248 2291 kann den Herrn Collegen versichern, daß in diesem St
1256 2248 1778 2308 zur Aufführung zugelassen!
248 2252 963 2313 mmel, ein hoher richterlicher Beamter.
2314 2287 3213 2334 mit Ausnahme der Lebensmittelverfälschung, so z
1320 2263 2294 2333 Schimmel: Ganz richtig! Laut Geheimerlaß der hohen
277 2283 1231 2350 #ock, Dichter, Jude, Kritiker und literarischer Sach¬
2304 2325 3278 2370 alle im Strafgesetz verpönten Handlungen begangen werde
1251 2327 2305 2377 Statthalterei vom 10. April 1904, Zahl 27843, § 67,
236 2328 498 2383 verständiger.
2378 2364 3282 2425 Schimmel: Entsetzlich! Ablehnen! Unbedingt ablehne
1251 2369 1462 2423 alinea 3a.
214 2343 1146 2428 Der Kisteriai als Prophet, Stenograph und Epilog.
2377 2404 3181 2460 Zopf: Was sagen Sie dazu, Herr Schmock?
1328 2381 2293 2470 Schmock: Nü, is mer auch recht! Alstern, woderüm
261 2405 805 2478 Sopf (tritt als Prolog auf):
2385 2423 3239 2495 Schmock: Nu, was soll jach sagen? Es hat às
1262 2433 1556 2498 handelt es sich?
360 2443 1059 2499 Weh! Zu den vielen Amtsgeschäften,
2304 2470 3272 2531 gegeben, wo mer gehalten hat den Schiller for à groß
1330 2471 2289 2530 Jopf: Zunächst um Schnitzler's „Lebende Stunden“.
361 2492 1065 2553 Die ich beschlafe nach besten Kräften,
2305 2523 3267 2569 Dichter. Dadrüber sennen wir aber schon lang hina
1335 2509 2289 2572 Schmock: Ae Meisterwerk! Haben S' de Herren ge¬
367 2526 983 2583 Kommt jetzo noch die Literatur,
2314 2561 3249 2605 seitdem die Jüden machen alleinig die National=Liter
1245 2553 1401 2624 lesen?
363 2552 998 2616 Allein der Herr Minister will es,
2318 2597 3264 2643 für die Daitschen. Und drüm sag jach mit gutem kritif#
1320 2579 1878 2657 Zopf und Schimmel: Nein!
370 2605 983 2660 Und der Beamte, der erfüll' es,
2304 2633 3261 2689 Gewissen: Lehnen mer's ab! Mer hoben genug ber
1322 2640 2302 2699 Schimmel: Aber wenn es der Herr Schmock sagt, der
364 2636 981 2693 Hat er davon auch keine Spur!
2305 2671 2790 2738 Stück' vün ünsere Leut'!
1259 2662 2302 2731 juristisch genommen als Sachverständiger im Sinne der
358 2682 1054 2740 Doch horch! Ich höre ein Gebimmel,
2378 2704 3277 2767 Zopf: Also einstimmig abgelehnt! Ich beglückwün
1261 2719 2304 2783 analogen Bestimmung der Strafproceß=Ordnung maß¬
366 2712 1198 2781 Schon nahen sich der Schmock, der Schimmel,
2309 2741 3274 2792 die Herren zu dem schönen und für die Erhaltung
1255 2752 1735 2811 gebendes Urtheil besitzt —
364 2762 1002 2818 Bereitung braucht es nicht voran.
2306 2786 3288 2844 Staates Oesterreich so fruchtbaren Verlauf der heutige
1322 2790 2301 2843 Schmock: Hot der Schnitzler doch dafor bekümmen den
362 2797 1017 2847 Beisammen sind wir! Fanget an!
2317 2832 2758 2893 Sitzung. Meine Herren —
1252 2832 2298 2884 Bauernfeld=Preis von der groißen Commission, in der
267 2818 1249 2890 Meine Herren! Nachdem ich im Drange der Geschäfte
2387 2853 3247 2919 Schimmel: Bitte, wir haben die Hauptsache
1246 2875 2137 2922 auch gesessen ist der Herr Minister Hartelleben!
189 2877 1238 2937 Fseit fünf Jahren, neun Monaten, drei Tagen keine Sitzung
2305 2904 3293 2961 gessen, nämlich das heutige Protokoll zu unterschreiben
1323 2885 2297 2959 Zopf und Schimmel: Der Herr Minister! Da müßte
185 2917 1239 2978 einberufen habe, sind wir endlich heute in der Lage, wieder
1258 2949 2304 2997 man ja der reinste Anarchist — die Herren verzeihen das
2386 2959 3315 3012 Zopf: Sehr richtig! (Unterschreibt gleich den Uebrigen
191 2952 1243 3007 einmal unserer ernsten Pflicht Genüge leisten zu können.
2301 2986 2664 3049 und empfiehlt sich.)
1263 2987 2292 3054 schreckliche Wort! — sein, eine gegentheilige Meinung zu
180 2984 1248 3050 In der letzten Sitzung blieben 843 eingereichte Stücke vor¬
2377 3006 3279 3078 Schmock (ruft ihnen nach): Maseltoff, meine Herre
1257 3031 2217 3098 haben. Ich beantrage die Zulassung zur Aufführung!
184 3028 1241 3072 läufig unerledigt, inzwischen sind noch 697 Stücke einge¬
2308 3068 3293 3123 (Vergnügt:) Jach hab's doch immer gesagt, der Erlaß vil
1336 3075 1830 3123 Schimmel: Angenommen!
193 3071 1242 3122 Flängt, also zusammen 1540. Ich glaube im Einverständnis
2314 3105 3083 3169 Koerberleben is ä wohrer Segen for üns!
1333 3104 2104 3159 Schmock: Werd einstimmig angenün en!
192 3114 1244 3164 mit den Herren zu handeln, wenn ich für heute zwei ältere
2609 3149 3070 3199 Kikeriki (als Epilog).
1337 3133 2305 3214 Zopf: Dann liegt noch ein Trauerspiel eines gewissen
198 3146 1252 3216 Stücke zur Besprechu g vorschlage und die verbleibenden
2381 3162 3116 3239 Solch ein Erlaß, der weniges verspricht,
1264 3170 2093 3253 Schiller unter dem Titel: „Die Räuber“ vor.
188 3184 1095 3260 1538 Stück für eine nächste Gelegenheit reservire.
2388 3207 3231 3290 Der hält, man sieht's, das Wenige auch nicht!
1334 3220 2308 3285 Schimmel (sehr mißtrauisch): Darin wird doch nicht
267 3219 1252 3298 Schmock: Sennen de ßwei Stück vüm Leon oder vüm
2383 3266 3193 3316 Das Bess’re kommt auf Schlimmes nimmer,
1255 3258 2298 3334 einer zum Verbrechen des Raubes nach §§ 190 bis 195
190 3253 460 3337 Buchbinder?
2394 3292 3249 3367 Im Gegentheil, es wird nur immereschlimmer##
1245 3310 1861 3355 des Straf=Gesetzes angeeifert?
280 3290 1245 3387 Zopf: Wie können Sie so fragen? Die herrlichen
