3344 4384
1245 354 1697 442 box 40/1
235 353 431 419 Bau
375 364 582 448 En
539 371 1104 443 —Pe1s
453 1379 1537 1447 mann. Also fünf Christen gegen zwei Juden. In den
452 1432 1540 1471 früheren Jahren wird das Verhältnis wohl ungefähr das
458 1473 1539 1515 Gleiche gewesen sein. Und so etwas nennen die Christlich¬
449 1524 1541 1581 sozialen pathetisch die „Unterdrückung nichtjüdischer Schrift¬
447 1554 654 1623 steller“!
598 1571 1550 1644 Ein Drama „Beethoven und sein Neffe“ ist
461 1643 1536 1689 von Heinrich Heinemann in Braunschweig verfaßt worden.
452 1665 1544 1721 Die Familie van Beethoven erhebt nun in einem vom
465 1714 1553 1763 „N. W. Tagbl.“ mitgeteilten an Heinemann gerichteten offenen
458 1753 1550 1800 Briefe Einwand gegen die Aufführung dieses Schau¬
452 1798 1545 1844 spiels. Das Schreiben ist dadurch interessant, daß die
462 1823 1551 1865 Großneffen= und =Nichten Beethovens bei dieser Gelegenheit
462 1864 1551 1923 einige Daten, die für das Leben des großen Tondichters nicht
439 1901 1540 1945 gleichgültig sind, zur Sprache. bringen. Die Protestierenden
436 1943 1551 1994 erklären, daß sie eben zur Zeit, da sie die sterblichen Ueber¬
458 1986 1550 2034 reste ihres Vaters (des Neffen Beethovens) von einem in der
455 2014 1549 2068 Auflösung befindlichen Friedhof zu einer neuen Ruhestätte
450 2068 1550 2113 bringen lassen, sich in ihrer pielätvollen Stimmung durch das
456 2096 1547 2144 neue Drama beunruhigt fühlen und daß sie es niemals zu¬
449 2133 1550 2174 geben werden, daß ihr Vater „sozusagen öffentlich vorgeführt
462 2174 1559 2223 wird, und zwar in einer unwürdigen Rolle, als lügenhafter
463 2212 1552 2267 Knabe, später leichtfertige: Jüngling“. Weiter heißt es in
451 2246 1541 2296 dem Briefe u. a.: „Auch Johanna van Beethoven ist in
457 2295 1546 2342 Ihrem Stück als vulgäre Person, ja Verworfene geschildert,
469 2336 1548 2378 während ihr Leichtsinn wohl hauptsächlich in Geldan¬
462 2373 1543 2419 gelegenheiten bestand, sonst würde ihr sicher ihr Gatte nicht
460 2406 1549 2464 in letzter Stunde sein liebstes, sein einziges Kind anvertraut
462 2451 1550 2498 haben, woraus der Konflikt zwischen ihr und dem Kompo¬
466 2482 1548 2540 misten entstand. — Nun möchten wir noch die Frage auf¬
464 2516 1548 2572 werfen, zu welcher Zeit unser Vater sich so leichtsinnig
460 2561 1550 2612 geführt haben soll; denn wenn es sonst sozusagen Hand in
470 2604 1550 2658 Hand geht, daß so zügellose Jünglinge auch schlechten Fort¬
468 2635 1540 2681 gang in ihren Studien aufzuweisen haben, sind wir im
454 2677 1545 2732 Gegensatze im Besitze seiner sämtlichen Zeugnisse, die alle
455 2727 1554 2768 erstklassig, also „eminent" sind. Von seinem ehemaligen
460 2747 1550 2798 Direktor und auch dem Musikprofessor Herrn Boklet wurden
454 2800 1536 2851 ihm am offenen Grabe Lobreden gehalten, indem ihn beide
458 2827 1542 2889 Herren als ihren musterhaftesten, besten Schüler bezeichneten.
459 2870 1549 2935 Ferner erfreute er sich während seiner militärischen Karriere
462 2925 1550 2969 der besten Konduite; ein ehrenhafter Abschied aus derselben,
466 2945 1553 3005 der ebenfalls in unseren Händen, mag als Beleg dienen.
436 2986 1549 3041 Noch leben einige Freunde unserer Familie, die gewiß gerne
434 3024 1551 3072 bereit sind, uns öffentlich zu bestätigen, daß sie unseren Vater
463 3062 1552 3129 kannt und verehrt hatten und daß er durch volle dreißig
464 3120 1550 3160 J#re in ungetrübter Ehe mit unserer Mutter lebte. In
482 3156 1548 3195 der oraussetzung, daß Euer Wohlgeboren nicht die Absicht
466 3187 1551 3231 hatten, eine achtungswerte, aus Töchtern, Schwiegersöhnen
472 3217 1551 3268 und zahlreichen Enkeln bestehende Nachkommenschaft zu
474 3249 1542 3309 beleidigen, hoffen wir, daß uns ernstere Schritte erspart
478 3308 1543 3348 werden, und zeichnen achtungsvoll Familie van Beethoven.“
610 3328 1552 3399 Kartell=Lyrik. An die vor einigen Wochen ge¬
470 3373 1551 3426 meldete Tatsache, daß die Dichter Vierbaum, Dehmel,
464 3414 1557 3464 Detlev v. Liliencron, Gustav Falke u.s.w. sich zu einem
459 3450 1553 3523 Sch#thündnis gegen unberechtigten Nachdruck zusammen¬
1606 1452 2543 1536 witzigliebenswurdiger Spollderse. Dir umnchmr.
1604 1520 1911 1579 das Folgende:
1994 1542 2299 1611 Romanze.
1716 1590 2581 1655 Der Frühling kommt mit Saus und Braus
1687 1639 2368 1693 Und streut uns Blüten und Düfte;
1679 1685 2456 1729 Der Bierbaum schlägt schon wieder aus
1686 1721 2262 1782 Und Falte steigt in die Lüfte.
1720 1755 2500 1823 Es rauscht und grünt in Hofmannsthal
1677 1805 2230 1850 Und Liliencron leuchtet helle;
1692 1841 2434 1895 Die Sonne spendet den Gnadenstrahl
1678 1888 2260 1943 Dem lyrischen Dichterkartelle.
1719 1908 2355 1985 Im wunderschönen Monat Mai,
1685 1964 2266 2025 Wenn alle Knospen springen,
1680 2009 2365 2072 Da trete auch ich dem Bunde bei,
1692 2059 2182 2103 Um lukrativer zu singen.
1722 2087 2368 2141 Ich preise das Walten der Natur
1679 2131 2226 2184 Aus meines Dankens Tiefe
1684 2170 2539 2230 Und sing wie der Vogel im Wald, doch nur
1690 2216 2172 2272 Nach festgesetztem Tarife.
1730 2262 2534 2316 Ich singe von Liebe und ähnlichem Kohl
1683 2299 2270 2352 In Stanzen und Madrigalen,
1686 2341 2442 2396 Und denke dabei: „Was werden wohl
1684 2375 2212 2441 Die Gänsefüßler bezahlen?“
1739 2411 2614 2476 Der Frühling in stausend Wonne schwimmt,
1683 2465 2366 2511 Es leuchten die lieben Veilchen ...
1681 2497 2436 2557 Und wer mir diesen Gedanken nimmt,
1691 2543 2374 2594 Zahlt fünfzig Pfennig pro Zeilchen.
1724 2588 2371 2642 Wie Bargeld lacht das ganze All,
1687 2631 2389 2685 Es zwitschern die Vöglein im Hage
1693 2666 2358 2732 Und herrlich schlägt die Nachtigall
1692 2713 2167 2772 Auf unbefugte Verlage.
1734 2745 2518 2802 Die Kräfte vereint! Das macht uns stark
1692 2792 2363 2846 Und führt uns sicher zum Ruhme;
1688 2834 2457 2891 Ein Reichsbankschein auf hundert Mark
1688 2879 2165 2933 Ist unsere blaue Blume.
1719 2910 2421 2968 Und wenn mein Auge erloschen ist,
1692 2959 2431 3016 Dann sei mir das Grabmal errichtet:
1691 2992 2358 3062 „Hier ruht ein lyrischer Kartellist,
1692 3039 2283 3109 Er hat nicht umsonst gedichtet!“
1841 3149 2476 3217 Aus den Theaterbureaux.
1751 3198 2688 3254 Die Witwe Friedrich Hebbels, die ehemalige
1619 3260 2691 3300 Hofburgschauspielerin Christine Hebbel, geb. Enge¬
1636 3289 2686 3337 hausen, die vordem auch zu den hervorragendsten Kräften
1627 3325 2680 3373 des Hamburger Stadt=Theaters gehörte, hat aus Wien unter
1625 3355 2700 3416 dem 18. März das nachstehende Schreiben an die Direktion
1623 3413 2691 3451 Bittong=Bachur gerichtet: „Große Freude über den bevor¬
1618 3444 2702 3493 stehenden Hebbel=Cpklus! Ja. das alte Stadt=Theater be¬
