3436 4384
1281 287 1734 384 box 40/1
264 278 1128 402 Bauernfeld-Preis
1606 926 2842 1013 größere Harmonie wäre zwischen absoluter Gerechtigkeit
1621 996 2842 1053 und relativer Verantwortlichkeit des Individuums herge¬
1613 1043 2842 1104 stellt, die Justiz stiege zum Volke herab, das Volk griffe
1611 1094 2846 1169 in die Justiz ein, wenn sich die Kundgebung auch auf Wien
1612 1146 2841 1229 erstrecken würde. Löbliche Absichten unserer Regierungs¬
1612 1191 2708 1271 organe vereiteln aber immer die — Rathausherren.
1725 1242 2843 1306 Herr Dr. Lueger und sein Anhang haben vor den Ge¬
1615 1287 2853 1348 richten sonst sehr wenig Respekt. In dem Momente, wo
1619 1340 2845 1401 die gelehrten Richter vor die Zwangslage gestellt sind, der
1610 1404 2845 1452 Kommune oder einem Parteihäuptling unrecht zu geben,
1616 1434 2848 1501 wird schon gegen die pflichtbewußten Organe ein Kessel¬
1636 1488 2844 1546 treiben veranstaltet. Als Illoyalität, als Beweis revolu¬
1627 1524 2856 1597 tionärer Gesinnung wird jede Sachfälligkeit der Gemeinde
598 1511 1459 1614 Volks= und Kunstrichter.
1623 1587 2843 1632 hingestellt. Kann Gerechtigkeit in aller Klarheit und Rein¬
508 1600 1626 1684 Herr Gregorig, der Meisterschimpfer von Wien, hat mit
1627 1628 2862 1710 heit erblühen, wenn die Autorität der Richter planmäßig
408 1676 1631 1729 all seiner Energie gegen den Erlaß des Oberlandesgerichtes
1635 1690 2043 1760 unterwühlt wird?
420 1728 1635 1782 hinsichtlich der Zusammensetzung der Geschworenenbank
1731 1714 2846 1804 Die Regierung und weite Kreise haben auch die öftere
412 1778 1623 1836 protestiert. Bildung von Volksrichtern zu beanspruchen,
1622 1764 2848 1861 Befangenheit der Geschworenen, so weit politische oder
407 1822 1621 1887 erschien dem Tribunen, der durch Körperfülle das ersetzt,
1635 1830 2849 1910 Klassenfragen zur Erörterung gelangen, mit Betrübnis be¬
410 1881 1630 1939 was ihm an Geist gebricht, als Gipfelpunkt administrativer
1634 1887 2854 1952 merkt. Als Symptom dieser Wahrnehmung kann auch die
413 1926 1630 1984 Unverfrorenheit. Herr Strobach, der Fettfleck auf unserer
1634 1930 2860 1996 Bestimmung des neuen Preßgesetzes gedeutet werden, daß
411 1974 1631 2038 Kommune Ehr' versprach auch, sein moralisches Ueber¬
1618 1987 2847 2049 künftig Presse=Ehrenbeleidigungen vor dem ordentlichen Ge¬
416 2031 2863 2086 gewicht in die Wagschale zu werfen, damit die Verfügung richte ausgetragen werden sollen. Mit der Zeitwirdmandem"
423 2079 1637 2131 beseitigt werde. Das Oberlandesgericht erklärte demge¬
1640 2079 2846 2140 Volksgerichte zum Schaben der Demokratie und der kul¬
420 2120 1637 2175 mäß, daß ihre Kundgebung nur für die Provinz bestimmt
1640 2124 2854 2188 turellen Entwicklung immer weitere Befugnisse entziehen,
433 2172 1638 2239 sei. In der weisen Beschränkung erweisen sich die Herren
1623 2170 2855 2261 wenn es nicht durch eine Reorganisation sich von den
419 2203 1479 2287 Räte und die Kommunalgewaltigen als Meister!
1639 2227 2174 2304 Schlacken befreien kann.
530 2256 1648 2335 Die Enunziation hat aber außerordentliche Berechti¬
1726 2283 2870 2347 Die Christlich=Sozialen haben aber auch durch die
423 2318 1641 2385 gung. Wer die letzten Listen mit Aufmerksamkeit verfolgt
1642 2327 2856 2396 Interpellation Pattai bewiesen, daß ihnen schließlich die
426 2380 1631 2432 hat, muß zur Ueberzeugung gelangt sein, daß das Klein¬
1633 2383 2850 2456 wichtigste Voraussetzung für Ausübung des Richterberufes
428 2421 1627 2489 bürgertum darin ein unverhältnismäßig großes Kontingent
1634 2412 2861 2498 mangelt: die Objektivität. Weil der Bauernfeld¬
431 2472 1634 2527 stellt. Es ist auch nicht zu verwundern, daß die christlich¬
1640 2468 2861 2550 Preis dem größten österreichischen Dramatiker Arthur
421 2505 1638 2582 soziale Partei, der auf die Geschworenenzusammensetzung
1638 2523 2873 2594 Schnitzler, der keiner Koterie angehört und einsam
416 2568 1634 2627 durch den Bürgermeister Einfluß zusteht, die Laienvertreter
1642 2575 2875 2647 und unverdrossen seinen Weg geht, verliehen wurde, in¬
422 2620 1636 2687 jenen Schichten entnimmt, aus denen sich ihr zuverlässigster
1635 2630 2858 2701 szenieren sie eine abgeschmackte Entrüstungskomödie.
424 2671 1638 2730 Anhang rekrutiert. Aber der Gedanke des Volksgerichtes
1645 2675 2853 2740 Schnitzler ist Jude und das genügt für Herrn Pattai, sein
417 2708 1644 2781 wird verfälscht, wenn speziell die Intellektuellen, auf welche
1643 2729 2858 2785 dichterisches Können zu negieren. Ja, er verlangt sogar,
422 2774 1636 2829 die Zeittendenzen am mächtigsten eindringen, von den
1638 2780 2861 2842 daß die Jury nur „autochthonen“ Schriftstellern Prämien
423 2809 1632 2879 Funktionen ausgeschaltet werden. Gerade das Kleinbürger¬
1646 2812 2870 2893 zuerkennen soll, damit deren Gesinnungstüchtigkeit belohnt
431 2864 1646 2922 tum in all seinen Schattierungen ist ganz in historische
1639 2874 2866 2937 werde. Der Salon=Antisemit stellt sich eine Förderung von
421 2912 1641 2985 Reminiszenzen eingesponnen und läßt moderne Strömun¬
1636 2920 2860 2973 Talenten ungefähr so wie die Verleihung von Notstands¬
430 2961 1642 3015 gen nur sehr mühsam Gewalt über sich erringen. Das Ge¬
1638 2969 2865 3036 krediten an verarmte Kleinbürger vor! Nicht der literarische
437 3015 1633 3081 schworenengericht soll aber einen Einklang zwischen kodifi¬
1644 3019 2853 3088 Wert eines Kunstwerkes soll die Entscheidung herbeiführen,
438 3055 1643 3131 ziertem Rechte und den neuen, in flüssigem Aggregat¬
1649 3067 2531 3139 sondern die Parteikouleur des Verfassers!
424 3112 1657 3176 zustande befindlichen, noch nicht in Gesetzesform gegossenen
1741 3107 2853 3179 Es ist erklärlich, daß der Ruf „mehr Bildung“
424 3166 1641 3219 Rechtsanschauungen herstellen. Klassen, deren Gedanken¬
1643 3149 2855 3228 Entsetzen in den Kreisen aller Banausen heworruft. Die
437 3211 1642 3263 gänge sich in ausgefahrenem Geleise bewegen, die den In¬
1654 3213 2850 3273 Christlich=Sozialen wollen sich noch aller Gebiete bemäch¬
435 3250 1647 3307 dustrialismus und die von ihm geborenen Probleme nicht
1652 3245 2869 3322 tigen: der Verwaltung, des Rechtes, der Literatur, der
442 3296 1636 3368 begreifen, können niemals als Maßstäbe für die Entwick¬
1646 3306 2870 3378 Kunst, um überall ein Denkmal von unserer Zeiten Schande
431 3356 1645 3412 lung der Rechtsbegriffe des Volkes dienen. Viele Urteile
1651 3365 2859 3424 zu errichten. Sie leben aber trotzdem nur von der ab¬
434 3403 1651 3491 der letzten Zeit erhärten auch, daß falsche Sentimentalität
1655 3398 2866 3475 sterbenden Dummheit, die weichen wird und
442 3451 1648 3522 auf der einen, übertriebene Härte auf der anderen Seite die
1658 3438 2870 3521 weichen muß vor der aufstrebenden Ver¬
445 3502 1644 3572 nüchterne Objektivität verdrängt haben. Der Erlaß des
1655 3494 2879 3588 nunft, vor der fortschreitenden — Bil¬
450 3544 1649 3617 Oberlandesgerichtes wollte das Geschworenengericht auf
1656 3563 1874 3640 dung!
440 3594 1657 3687 eine höhere Stufe der Vervollkommnung emporheben. Eine
2830 3005 2939 3096 62
