3392 4320
1219 285 1348 345 box
1420 283 1620 343 40/1

225 309 1015 369 Bauernfeld-Preis

2186 491 2389 551 Telephon
2429 494 2585 554 12801.

1795 586 1913 646 Alex.
1936 587 2083 647 Weigl's
2112 589 2383 649 Unternehmen
2418 589 2471 649 für
2507 591 2953 651 Zeitungs-Ausschnitte

2744 649 2915 709 Ausschnitt

2064 704 2638 764 „OBSERVET

2804 721 2909 781 Nr.

2961 735 3033 795 52

1689 780 1724 840 I.
1738 783 1858 843 österr=
1865 783 2020 843 behördl.
2034 786 2118 846 cono.
2132 786 2252 846 Bureau
2273 786 2322 846 für
2343 786 2639 846 Zeitungsberiohte
2660 789 2695 849 u.
2709 789 3068 849 Porsonalnachrichten

1952 854 2130 914 Wien,
2161 858 2219 918 I.,
2245 857 2740 917 Concordiaplatz
2785 855 2835 915 4.

1686 909 1907 969 Vertretungen
1930 909 1952 969 in
1978 909 2089 969 Berlin,
2111 909 2275 969 Budapest,
2289 909 2435 969 Chicago,
2448 911 2537 971 Genf,
2550 912 2683 972 London,
2696 912 2860 972 Newyork,
2878 916 2975 976 Paris,
2997 917 3081 977 Rom,

2050 951 2237 1011 Stockholm,
2260 951 2443 1011 Kristiania,
2460 954 2510 1014 St.
2528 954 2729 1014 Petersburg.

1681 1091 1996 1151 Ausschnitt
2025 1094 2146 1154 aus:

2234 1114 2486 1174 exesche
2516 1109 2574 1169 o

647 1190 846 1250 Welophen
885 1193 1039 1253 12801.

1693 1234 1848 1294 vom:

257 1287 367 1347 Alex.
396 1285 541 1345 Weigl's
576 1285 844 1345 Unternehmen
879 1285 932 1345 für
966 1286 1408 1346 Zeitungs-Ausschnitte

1197 1345 1374 1405 Ausschnitt

522 1404 1098 1464 „OBSERVEF

1269 1415 1364 1475 Nr.
1422 1415 1498 1475 53

1828 1494 2137 1554 Theater,
2152 1488 2353 1548 Kunst
2383 1482 2492 1542 und
2539 1473 2896 1533 Literatur.

142 1485 182 1545 I.
197 1487 315 1547 österr)
332 1485 474 1545 behördl.
489 1482 577 1542 conc.
593 1482 711 1542 Bureau
734 1482 782 1542 für
798 1482 1098 1542 Zoitungsberichte
1122 1482 1154 1542 u.
1170 1483 1533 1543 Personalnachrlohten

408 1548 588 1608 Wien,
620 1554 672 1614 I.,
704 1553 1193 1613 Concordiaplatz
1238 1551 1289 1611 4.

1787 1619 1882 1679 Die
1901 1613 2207 1673 Verleihung
2236 1610 2313 1670 des
2341 1599 2915 1659 Bauernfeld=Preises.

147 1610 361 1670 Vertretungen
389 1610 413 1670 in
436 1607 548 1667 Berlin,
567 1607 735 1667 Budapest,
749 1607 894 1667 Chicago,
908 1606 997 1666 Genf,
1011 1607 1146 1667 London,
1160 1607 1319 1667 Newyork,
1338 1610 1441 1670 Paris,
1459 1610 1543 1670 Rom,

501 1646 694 1706 Stockholm,
716 1649 900 1709 Kristiania,
918 1648 967 1708 St.
985 1649 1187 1709 Petersburg.

1868 1682 1937 1742 Wie
1980 1679 2140 1739 berichtet,
2183 1678 2241 1738 hat
2284 1674 2343 1734 das
2369 1670 2567 1730 Kuratorium
2625 1666 2679 1726 der
2705 1662 2918 1722 Bauernfeld¬

1786 1736 1937 1796 Stiftung
1964 1733 2073 1793 gestern
2105 1733 2154 1793 die
2176 1730 2376 1790 Zuwendung
2409 1725 2485 1785 eines
2517 1721 2636 1781 Preises
2669 1721 2723 1781 von
2756 1717 2832 1777 2000
2864 1712 2923 1772 Kr.

1786 1790 1818 1850 an
1850 1793 1949 1853 Artur
1976 1787 2248 1847 Schnitzler
2291 1783 2345 1843 für
2389 1780 2470 1840 seine
2514 1776 2720 1836 „Lebendigen
2753 1768 2917 1828 Stunden"

149 1793 458 1853 Ausschnitt
488 1794 609 1854 aus:

1788 1844 1977 1904 beschlossen.
2022 1840 2066 1900 An
2100 1840 2144 1900 der
2172 1837 2300 1897 Sitzung
2333 1833 2456 1893 nahmen
2489 1827 2573 1887 teil:
2595 1825 2917 1885 Unterrichtsminister

1786 1899 1855 1959 Dr.
1878 1897 1907 1957 v.
1930 1894 2133 1954 Hartel,
2168 1888 2271 1948 Alfred
2301 1886 2446 1946 Freiherr
2469 1884 2503 1944 v.
2521 1881 2729 1941 Berger,
2769 1875 2839 1935 Dr.
2856 1872 2919 1932 Ed¬

1796 1952 1882 2012 mund
1912 1948 2080 2008 Weißl
2103 1945 2160 2005 und
2190 1942 2346 2002 Professor
2369 1939 2433 1999 Dr.
2445 1935 2537 1995 Jakob
2572 1933 2757 1993 Minor,
2780 1927 2919 1987 während

165 1939 312 1999 vom:
365 1949 658 2009 0

1793 2005 1871 2065 einer
1904 2005 1948 2065 der
1976 2002 2171 2062 Kuratoren,
2193 1996 2454 2056 Hofschauspieler
2482 1987 2760 2047 Lewinsky,
2793 1985 2837 2045 sich
2871 1981 2926 2041 auf

1687 2036 1754 2096 Für

1797 2061 1875 2121 einer
1904 2055 2125 2115 Urlaubsreise
2149 2052 2310 2112 befindet;
2351 2049 2405 2109 der
2429 2043 2572 2103 Beschluß
2620 2040 2721 2100 wurde
2751 2037 2924 2097 einstimmig

2947 2054 3050 2114 usive

1800 2113 1938 2173 gefaßt.

1885 2157 1952 2217 Wir
1981 2157 2072 2217 stehen
2106 2155 2169 2215 also
2191 2153 2339 2213 neuerlich
2390 2148 2447 2208 vor
2475 2145 2555 2205 einer
2578 2142 2720 2202 schweren
2748 2139 2924 2199 Verletzung

504 2190 577 2250 Das
617 2184 821 2244 Kuratorium
871 2178 928 2238 der
952 2166 1319 2226 Bauernfeld-Stiftung
1361 2157 1417 2217 hat
1450 2152 1482 2212 in

2950 2175 3082 2235 Voraus.

1801 2215 1849 2275 der
1876 2213 2019 2273 gesunden
2051 2208 2237 2268 öffentlichen
2268 2205 2417 2265 Meinung
2470 2200 2529 2260 und
2576 2199 2630 2259 des
2682 2194 2773 2254 guten
2805 2191 2927 2251 Rechtes

340 2237 437 2297 seiner
480 2233 622 2293 gestrigen
660 2227 785 2287 Sitzung
829 2220 1024 2280 beschlossen,
1057 2213 1106 2273 den
1138 2204 1487 2264 Bauernfeld¬

1800 2268 1965 2328 heimischer
2013 2261 2255 2321 Schriftsteller,
2308 2258 2368 2318 wie
2415 2255 2450 2315 sie
2498 2252 2563 2312 beim
2622 2246 2817 2306 Kuratorium
2882 2241 2930 2301 der
2953 2237 2989 2297 st
3018 2240 3071 2300 das

341 2281 496 2341 Preis
527 2278 565 2338 an
591 2273 692 2333 Artur
719 2267 990 2327 Schnitzler
1027 2258 1075 2318 für
1107 2255 1198 2315 seinen
1229 2246 1484 2306 Einakterzyklus

1688 2279 1776 2339 Abon

2957 2279 2986 2339 es
3015 2280 3073 2340 den

350 2324 540 2384 „Lebendige
581 2318 752 2378 Stunden"
799 2317 835 2377 zu
882 2307 1054 2367 verleihen.
1095 2300 1161 2360 Der
1208 2294 1309 2354 Preis
1356 2289 1486 2349 beträgt

1681 2317 1764 2377 Abon
1792 2315 2160 2375 Bauernfeld=Stiftung
2205 2310 2372 2370 allerdings
2405 2308 2500 2368 nichts
2528 2303 2617 2363 neues
2651 2301 2734 2361 mehr
2762 2297 2807 2357 ist.
2846 2297 2935 2357 Dort

1804 2375 1879 2435 wird
1908 2372 1966 2432 nur
1995 2370 2036 2430 die
2064 2368 2192 2428 jüdische
2221 2363 2475 2423 Literatenclique
2511 2354 2760 2414 berücksichtigt;
2800 2349 2940 2409 Schrift¬

342 2368 429 2428 2000
460 2372 504 2432 Kr

1804 2429 1900 2489 steller
1928 2426 2053 2486 arischer
2081 2420 2172 2480 Rasse
2212 2417 2331 2477 werden
2360 2415 2513 2475 entweder
2535 2411 2717 2471 konsequent
2740 2405 2933 2465 übergangen
2961 2402 2990 2462 ud
3029 2404 3074 2464 die

1692 2442 1790 2502 Inhal

2971 2443 3080 2503 gen¬

1691 2482 1785 2542 blät
1807 2482 1874 2542 oder
1901 2478 1940 2538 sie
1968 2476 2101 2536 erhalten
2134 2473 2178 2533 die
2200 2470 2344 2530 Abfälle.
2384 2469 2450 2529 Der
2477 2461 2787 2521 Bauernfeld-Preis
2832 2455 2937 2515 wurde

2962 2482 3080 2542 tung")

2041 2526 2081 2586 ern
2114 2527 2168 2587 Leo
2195 2524 2476 2584 Hirschfeld
2509 2518 2563 2578 zum
2596 2514 2764 2574 Erstaunen
2790 2510 2871 2570 Aller
2891 2509 2945 2569 für
2965 2518 3078 2578 serliche

1692 2521 1789 2581 wodur
1808 2535 1970 2595 seinerzeit
1990 2529 2054 2589 Her

1691 2560 1791 2620 Leben

1811 2590 1851 2650 ein
1880 2587 2036 2647 wertloses
2089 2581 2118 2641 im
2152 2578 2343 2638 Kaffeehaus
2396 2572 2604 2632 aufgelesenes
2632 2565 2853 2625 Geschreibsel,
2893 2563 2939 2623 die
2963 2560 2986 2620 se
3009 2560 3078 2620 Mit¬

1689 2600 1786 2660 theilu

1810 2640 1961 2700 Komödie
2007 2637 2094 2697 „Die
2135 2633 2291 2693 Lumpen"
2343 2631 2396 2691 als
2448 2626 2720 2686 „Ermunterung"
2772 2617 2946 2677 zuerkannt.

1811 2695 1909 2755 Jeder
1938 2690 2112 2750 Einsichtige
2141 2687 2245 2747 wußte
2268 2683 2413 2743 damals,
2454 2680 2506 2740 daß
2541 2678 2570 2738 es
2604 2676 2669 2736 hier
2715 2670 2813 2730 nichts
2842 2670 2871 2730 zu
2900 2664 2946 2724 er¬

622 2679 1086 2739 Bezugs-Bedingungen:

1810 2748 1946 2808 muntern
1976 2745 2058 2805 gibt.
2088 2740 2153 2800 Und
2183 2739 2348 2799 tatsächlich
2378 2736 2414 2796 ist
2437 2735 2496 2795 vier
2526 2731 2621 2791 ganze
2644 2730 2745 2790 Jahre
2774 2726 2869 2786 später
2899 2719 2946 2779 die

275 2736 314 2796 50
339 2736 673 2796 Zeitungsausschnitte
705 2734 840 2794 (Artikel
866 2733 930 2793 oder
956 2733 1097 2793 Notizen)
1123 2730 1188 2790 Kr.
1226 2729 1290 2789 15.-

1360 2742 1520 2802 inclusive

1816 2802 1927 2862 Frucht
1954 2797 2043 2857 dieser
2060 2796 2331 2856 „Ermunterung"
2359 2790 2470 2850 danach
2498 2784 2714 2844 ausgefallen,
2737 2781 2787 2841 der
2803 2777 2953 2837 jämmer¬

1376 2781 1487 2841 Porto.

244 2817 316 2877 ﻿200

1362 2823 1502 2883 Zahlbar

1819 2855 1888 2915 liche
1917 2852 2056 2912 Einakter
2090 2849 2171 2909 „Der
2200 2846 2310 2906 Arzt",
2345 2843 2397 2903 der
2420 2840 2542 2900 kürzlich
2577 2839 2600 2899 im
2640 2832 2802 2892 Deutschen
2837 2829 2952 2889 Volks¬

1209 2842 1296 2902 110.

245 2852 314 2912 ﻿500

1356 2862 1382 2922 im
1417 2861 1556 2921 Voraus.

1200 2880 1299 2940 200.—

1814 2909 1933 2969 theater
1960 2905 2090 2965 beinahe
2117 2900 2296 2960 ausgelacht
2324 2894 2438 2954 wurde.
2465 2894 2541 2954 Aber
2573 2891 2622 2951 der
2644 2883 2948 2943 Bauernfeld=Preis

232 2891 317 2951 1000

277 2942 305 3002 Im
348 2942 536 3002 Gegensatze
571 2937 602 2997 zu
637 2936 763 2996 anderen
802 2933 935 2993 Bureaux
970 2931 1018 2991 für
1049 2930 1382 2990 Zeitungsausschnitte
1421 2927 1464 2987 ist
1496 2926 1550 2986 das

1818 2962 1900 3022 blieb
1932 2959 1957 3019 in
1988 2957 2033 3017 der
2064 2954 2197 3014 Familie
2222 2948 2537 3008 Hirschfeld;
2582 2945 2613 3005 im
2650 2939 2808 2999 Vorjahre
2846 2934 2959 2994 erhielt

1177 2966 1185 3026 —
1224 2969 1299 3029 auch
1330 2969 1416 3029 steht
1444 2969 1471 3029 es
1499 2967 1549 3027 den

162 2983 365 3043 Abonnement
390 2980 475 3040 durch
503 2978 589 3038 keine
613 2975 784 3035 bestimmte
808 2974 967 3034 Zeitdauer
991 2972 1155 3032 begrenzt;

1818 3017 1866 3077 ihn
1937 3014 1996 3074 Leo
2062 3007 2258 3067 Hirschfelds
2323 3002 2454 3062 Bruder
2520 2997 2633 3057 Viktor
2698 2993 2846 3053 Leon,
2906 2987 2959 3047 der

162 3023 351 3083 Abonnenten
380 3020 436 3080 frei
457 3020 501 3080 die
525 3016 747 3076 aufgegebenen
776 3014 901 3074 Themen
929 3014 957 3074 zu
985 3011 1127 3071 ergänzen
1155 3009 1224 3069 oder
1248 3008 1280 3068 zu
1309 3008 1434 3068 äudern.

1818 3074 1877 3134 fire
1919 3061 2222 3121 Librettofabrikant
2287 3055 2341 3115 für
2406 3053 2459 3113 die
2507 3049 2709 3109 „Gebildeten
2762 3041 2946 3101 Menschen"

272 3106 332 3166 Der
366 3103 609 3163 „OBSERVER“
647 3100 849 3160 veranstaltet
877 3100 994 3160 täglich
1032 3097 1112 3157 einen
1145 3094 1262 3154 Auszug
1295 3094 1468 3154 enthaltend
1506 3092 1553 3152 die

1827 3123 1869 3183 ein
1893 3118 2002 3178 Stück,
2014 3117 2068 3177 das
2098 3112 2262 3172 sieben
2292 3106 2456 3166 Jahre
2474 3106 2655 3166 früher
2686 3099 2812 3159 gegeben
2837 3096 2952 3156 worden

159 3148 413 3208 Inhaltsangabe
446 3145 528 3205 aller
566 3142 733 3202 wichtigen
772 3139 1011 3199 Mittheilungen
1054 3134 1107 3194 der
1141 3133 1318 3193 Wiener
1352 3135 1557 3195 Morgen-

1825 3175 1903 3235 war.
1946 3172 2024 3232 Man
2055 3169 2165 3229 scheint
2201 3164 2267 3224 eben
2310 3160 2638 3220 Familienrücksichten
2687 3154 2717 3214 zu
2748 3151 2856 3211 haben.
2899 3148 2954 3208 Ein

165 3187 337 3247 blätter
373 3182 615 3242 (Tagesjournale
637 3181 743 3241 ausser
765 3178 863 3238 „Neue
889 3175 968 3235 Freie
995 3175 1114 3235 Presse“
1140 3172 1193 3232 und
1224 3172 1365 3232 „Wiener
1388 3172 1556 3232 Zeitung“)

1820 3229 1961 3289 weiterer
2001 3218 2370 3278 Bauernfeldprämiant
2410 3214 2450 3274 ist
2497 3211 2544 3271 der
2591 3208 2678 3268 Jude
2718 3204 2806 3264 Felix
2846 3200 2966 3260 Dör¬

162 3226 295 3286 wodurch
336 3225 396 3285 eine
425 3221 599 3281 Uebersicht
631 3219 700 3279 über
733 3219 781 3279 das
814 3217 976 3277 gesammte
1008 3214 1162 3274 politische
1194 3212 1251 3272 und
1288 3211 1559 3271 wirthschaftliche

166 3266 253 3326 Leben
283 3264 332 3324 des
357 3264 408 3324 In-
428 3261 483 3321 und
512 3259 678 3319 Auslandes
708 3255 733 3315 in
770 3255 954 3315 drastischer
979 3252 1075 3312 Kürze
1095 3252 1216 3312 geboten
1250 3252 1337 3312 wird.
1371 3252 1462 3312 Diese
1487 3248 1558 3308 Mit¬

1829 3282 1986 3342 mann,
2019 3276 2121 3336 richtig
2162 3267 2523 3327 Biedermann,
2556 3260 2604 3320 der
2652 3259 2699 3319 vor
2726 3255 2869 3315 längerer
2896 3252 2971 3312 Zeit

165 3306 338 3366 theilungen
370 3304 481 3364 werden
508 3300 535 3360 in
566 3300 646 3360 Wien
677 3298 708 3358 um
748 3297 757 3357 9
788 3297 850 3357 Uhr
872 3295 948 3355 Früh
975 3291 1157 3351 verschickt.

1830 3336 1978 3396 sämtliche
2009 3330 2127 3390 Damen
2164 3324 2220 3384 vom
2263 3321 2430 3381 Salzgries
2474 3316 2560 3376 durch
2597 3309 2734 3369 lüsterne
2759 3306 2969 3366 Faunserotik

1836 3391 1860 3451 in
1890 3387 2078 3447 Verzückung
2108 3381 2186 3441 setzte
2222 3377 2283 3437 und
2319 3375 2440 3435 darauf
2464 3371 2512 3431 dem
2554 3366 2753 3426 unreinlichen
2784 3357 2971 3417 Geschmacke

489 3396 733 3456 Prospecte
763 3393 897 3453 gratis
935 3390 1017 3450 und
1055 3387 1231 3447 franco.

1835 3441 1931 3501 seines
1961 3433 2263 3493 Stammpublikums
2299 3427 2359 3487 mit
2389 3426 2474 3486 einer
2498 3420 2710 3480 Zubereitung
2734 3416 2788 3476 des
2818 3411 2963 3471 Abhubes

1837 3488 2037 3548 verdorbener
2067 3482 2267 3542 Gesellschaft
2285 3479 2310 3539 in
2346 3476 2394 3536 den
2431 3471 2576 3531 „Ledigen
2607 3466 2740 3526 Leuten"
2764 3464 2807 3524 rc.
2831 3459 2984 3519 huldigte.

1839 3547 1886 3607 Er
1913 3542 2015 3602 wurde
2042 3539 2097 3599 von
2124 3537 2178 3597 dem
2219 3530 2408 3590 Kuratorium
2456 3521 2673 3581 preisgekrönt
2713 3518 2768 3578 für
2809 3516 2849 3576 ein
2877 3515 2986 3575 Werk,

1844 3601 1898 3661 das
1932 3598 2000 3658 noch
2027 3594 2103 3654 nicht
2130 3592 2246 3652 einmal
2280 3587 2307 3647 in
2341 3584 2443 3644 Druck
2463 3577 2620 3637 erschienen
2654 3573 2736 3633 war,
2777 3569 2824 3629 den
2859 3567 2974 3627 „Herrn

1840 3653 1899 3713 von
1945 3647 2148 3707 Abadessa".
2194 3641 2292 3701 Diese
2344 3638 2423 3698 arge
2469 3629 2705 3689 Ungehörigkeit
2751 3625 2809 3685 hat
2856 3619 2980 3679 damals

1842 3708 1892 3768 den
1975 3700 2109 3760 Protest
2180 3694 2258 3754 aller
2336 3685 2531 3745 anständigen
2614 3676 2770 3736 Literaten
2853 3671 2986 3731 hervor¬

1844 3759 1988 3819 gerufen,
2024 3753 2174 3813 fruchtlos
2209 3746 2377 3806 natürlich.
2417 3738 2487 3798 Das
2522 3731 2614 3791 Stück
2649 3729 2718 3789 aber
2747 3726 2782 3786 ist
2806 3721 2915 3781 seither

1846 3808 2089 3868 verschwunden.
2110 3802 2164 3862 So
2190 3799 2264 3859 wird
2296 3796 2359 3856 also
2402 3792 2417 3852 —
2481 3786 2518 3846 um
2571 3782 2645 3842 bloß
2688 3781 2740 3841 den
2788 3776 2973 3836 materiellen

1845 3861 2056 3921 Standpunkt
2078 3856 2105 3916 zu
2138 3854 2262 3914 betonen
2289 3847 2306 3907 —
2355 3847 2414 3907 das
2441 3840 2539 3900 Geld,
2571 3839 2631 3899 das
2669 3832 2729 3892 von
2772 3830 2972 3890 rechtswegen

1847 3914 2003 3974 würdigen
2056 3906 2207 3966 deutschen
2259 3897 2497 3957 Schriftstellern
2543 3889 2689 3949 gebührt,
2729 3885 2764 3945 an
2816 3879 2984 3939 talentlose

1845 3967 2031 4027 literarische
2057 3960 2270 4020 Schmarotzer
2297 3951 2599 4011 hinausgeworfen!
2620 3939 2795 3999 Summen,
2816 3936 2870 3996 mit
2891 3933 2976 3993 denen

1851 4025 1895 4085 ein
1917 4017 2139 4077 Kranewitter,
2151 4011 2323 4071 Schamann
2345 4005 2412 4065 oder
2428 3998 2684 4058 Schrottenbach,
2706 3993 2740 4053 um
2778 3993 2834 4053 nur
2862 3987 2929 4047 drei
2951 3987 2978 4047 zu

1854 4078 1985 4138 nennen,
1996 4072 2064 4132 neue
2076 4067 2224 4127 friedliche
2235 4058 2588 4118 Schaffensmöglichkeit
2599 4050 2644 4110 für
2662 4049 2696 4109 ein
2718 4047 2804 4107 neues
2821 4044 2872 4104 und
2889 4041 2980 4101 gewiß

1857 4130 1937 4190 nicht
1973 4124 2129 4184 wertloses
2169 4118 2256 4178 Werk
2297 4115 2459 4175 erhielten,
2488 4109 2598 4169 werden
2645 4106 2679 4166 an
2708 4097 2980 4157 geschäftsmäßige
