3392 4384
213 307 317 403 B
2018 214 2096 280 —
1216 292 1697 398 box 40/1
1133 307 1203 394 45
303 288 1097 417 auernfeld-Preis
278 1388 3320 1468 Kaaten einziehen und das Blatt in denselben, das die knappen sieben Jahren durchführen können, aber töricht ist es gegenüber jüdischer Unverfroren
274 1449 3316 1517 Geschichte seiner Taten verzeichnet, wird ein Ruhmesblatt und kleinlich zugleich, statt das Geschaffene zu beurteilen, läßt den neuen freien Leitartikle
2627 1555 3311 1616 professorales Votum hin ein v
371 1556 2651 1674 Professoren= und Indengeist.“) meinsamen Wirken umso mehr Unheil anrichten, als die
2627 1604 3319 1668 preisgekrönt wurde. Und diese
1449 1607 2634 1673 Persönlichkeiten, von denen in solchen Fällen die Irrlehre
1457 1640 3318 1715 ausgeht, ihrem Gelehrten= und Hochschulprofessorenrange sklavisch abhängig von der Dikta
366 1646 1468 1734 Der deutsche Professor ist eine ständige Figur der
2635 1679 3320 1771 der Mode. Nicht aus Gründen d
1458 1704 2413 1766 nach berufen sind, als Autoritäten zu gelten.
268 1709 1464 1780 Witzblätter als Typus der Zerstreutheit und er ist darin
2630 1745 3323 1814 die heutigen Literaturprofesso
1554 1743 2637 1818 Und leider gab und gibt es solcher Fälle mehr als
266 1758 1469 1826 durch die endlose Wiederholung ebenso abgeschmackt ge¬
2616 1783 3316 1855 Moderne und halten Vorlesungen
1461 1797 2593 1862 genug. Die Professoren an den deutschen Hochschulen —
264 1804 1464 1882 —wörden wie der bierselige und pumpende Student, die
2632 1846 3317 1914 nur weil sie sich von der Meinn
1463 1843 2640 1913 denn von diesen ist hier nur die Rede — haben den uner¬
263 1836 1463 1918 keifende Schwiegermutter und der täppische Bauer. Und
2619 1879 3300 1963 ihnen von der jüdischen Presse
1461 1891 2635 1949 reichten Ruhm der deutschen Gelehrsamkeit begründet und
273 1904 1466 1972 doch, die lächerliche Figur des zerstreuten deutschen Pro¬
2638 1927 3322 2016 „Bildung“ beigebracht wird, meh
1468 1932 2649 2007 über die Welt getragen; ohne die Grimm, Bunsen,
278 1961 1463 2027 fessors hat ihre ernste Seite, die Schwäche der Zerstreut¬
2632 1978 2997 2059 eigener Einsicht.
1464 1995 2649 2052 Röntgen 2c. ist die heutige Wissenschaft und Weltkultur
270 2003 1466 2073 heit, die sich im Unbedeutenden offenbart, besitzt eine
2725 2024 3323 2100 Es ist mehr als zehn Jahr
1472 2040 2638 2106 kaum denkbar und erst kürzlich, im Urteile Furtwänglers
267 2053 1471 2114 Variante, die nicht mit Lächeln oder Lachen abzutun
2620 2065 3308 2156 und hochgebildeter Deutscher all
1470 2076 2636 2151 über das Falsisikat der Tiara des Saitaphernes hat sich
281 2106 1466 2174 ist, sondern als ein bedenkliches Moment in unserer
2633 2128 3329 2201 Teil vorahnte und in dem trefflich
1464 2138 2638 2213 die Ueberlegenheit der deutschen Gelehrtenforschung
277 2135 1473 2208 ganzen Kulturentwicklung aufgefaßt werden muß. Man
2630 2176 3330 2251 Buche „Rembrandt als Erzieher
1472 2172 2638 2250 glänzend erwiesen. Aber das deutsche Professorentum,
276 2187 1473 2254 kann ihr keinen Namen geben, der sie genügend kenn¬
2638 2211 3315 2298 Stellen des heute schon vielfach
1475 2218 2644 2302 das so prächtige Früchte zeitigte, hat auch manche faule
274 2250 1470 2325 zeichnen würde und muß sich darauf beschränken, ihre
2629 2267 3322 2339 gessenen Buches, in denen die
1461 2278 2635 2353 Frucht zur Reife gebracht und gerade heute sehen wir
273 2297 1469 2362 Diagnose zu stellen und sie in einzelnen Fällen nachzuweisen.
2633 2317 3318 2398 und Professorentums geschildert
1476 2312 2634 2399 einige davon in den Gefilden der „liberalen Welt¬
285 2342 1473 2403 Das Wesen der Zerstreutheit besteht im Uebersehen des
2722 2371 3324 2445 Die deutsche Wiedergeburt
1469 2375 2647 2441 anschauung" prangen. Denn als das deutlichste Zeichen
279 2389 1468 2463 Naheliegenden, des alltäglich Notwendigen. Begründet
2641 2404 3318 2484 faulsten Punkte der heutigen d
1463 2413 2645 2496 für die Verkennung des Richtigen im lebendigen Wandel
278 2434 1481 2505 erscheint sie durch die Belastung der Geistestätigkeit des
2637 2456 3322 2536 setzen haben — an dem Einflu
1465 2478 2646 2545 der Dinge, die unseres Volkes Wohl betreffen, ist das
278 2489 1474 2550 Gelehrten mit weit ausgreifenden Themen seines Faches
2645 2520 3319 2596 Juden. Es ist bezeichnend, daß s
1466 2523 2643 2592 enge Bündnis zu betrachten, welches zwischen den Pro¬
282 2529 1486 2606 und die damit gegebene Beschränkung seiner Aufmerksam¬
2643 2559 3302 2628 leicht zusammenfinden; u. zw. g
1644 2567 2652 2634 — und dem Judentume besteht, und in dem
1463 2579 1665 2649 fessoren
284 2585 1477 2663 keit auf die Forderungen des räumlich und zeitlich Zu¬
2635 2601 3323 2687 faule Säfte konfluieren. Wahr
1475 2607 2442 2693 das erstere nur die Ziele des letzteren fördert.
273 2626 1477 2708 nächststehenden. Ist es nicht möglich, daß sich dieses
2646 2653 3327 2736 deutschen Hochschullehrer noch e
1560 2648 2644 2719 Sollen wir daran erinnern, welchen Schaden die
281 2671 1485 2750 Symptom auch in anderen, wichtigeren und größeren
2638 2707 3320 2775 sie mit den Juden gemeinsame S
1471 2707 2645 2783 Virchow, Sueß, Nothnagel, Mommsen anrichteten, indem
283 2713 1472 2801 Dingen äußere als in vergessenen Regenschirmen und
2648 2743 3336 2832 rutfremden sich dadurch dem bess
1481 2761 2651 2830 sie ihre ganze Autorität gegen die ehrlichen Bestrebungen
294 2774 1479 2847 vertauschten Zylinderhüten? Wäre es nicht denkbar, daß
2643 2798 3332 2880 Volkes. Ihr Konto ist ohnehin st
1477 2819 2654 2888 des Volkes von der Umgarnung durch das Indentum
288 2809 1481 2914 jene gewisse Kurzsichtigkeit, die mit der Zerstreutheit Hand
2649 2838 3330 2923 Professor, ausgestattet mit der
1482 2860 2651 2925 aufboten? Oder an die musikästhetischen Verirrungen
289 2877 1486 2955 in Hand geht, auch dann ihre Folgen zeige, wenn es sich
2641 2886 3314 2966 dem inneren Selbftgefühle eines
1468 2894 2642 2990 Billroths, als er sich von Hauslick zum Feinde Wagners
294 2905 1479 2989 um hochbedeutsame Fragen und Erscheinungen unserer Kultur
2652 2946 3337 3017 fühig; und er beweist es jetzt wi
1471 2957 2659 3029 umstimmen ließ? Oder an die doktrinäre Ueberhebung
288 2968 1485 3037 handelt, die nicht bloß mit dem Auge des Fachmannes,
2642 2988 3331 3073 Universität Rostock z. B. schrieb
1478 3015 2659 3070 Erich Schmidts, als er Robert Hamerling das Wesen
294 2997 1482 3094 sondern auch mit dem des Weltmannes gesehen und
2643 3043 3339 3108 dieses Jahrhunderts eine Abhand
1478 3058 2651 3120 des Dichters absprach? Wie ehedem Lessing die Verkehrt¬
291 3068 1483 3132 beurteilt werden müssen? Hier ist noch ein Faktor in
2640 3092 3332 3171 läuftig nachwies, daß Vismarck
1475 3099 2652 3170 heiten Gottscheds und Genossen austreiben mußte und
284 3122 1476 3175 Anschlag zu bringen, der in der Naturgeschichte des
1478 3134 3325 3216 Schopenhauer seine liebe Not mit der „Hegelei“ hatte, mann sei; ein Professor ebender
289 3168 1485 3245 deutschen Professors eine hervorragende Rolle spielt: der
2645 3201 3333 3258 zu Ende des vorigen Jahrhunde
1485 3203 2654 3269 genau so haben wir heute mit den falschen Ansichten zu
290 3214 1483 3286 Doktrinarismus. Das Uebersehen des Naheliegenden, Not¬
2649 3224 3338 3314 welcher er weitläuftig nachwi
1475 3237 2657 3318 kämpfen, die durch die Jodl, Minor 2c. verbreitet werden.
299 3256 1491 3331 wendigen und das allen Argumenten widerstrebende Fest¬
295 3332 3341 3377 halten an den überlieferten „Bildungswahrheiten“, gleich= Erst kürzlich hat dies die Verleihung des Bauernfeld=Preises Pyramiden nicht Kunst= sonder
298 3346 3340 3444 viel, ob sie solche sind oder nicht — das kann im ge= wieder gezeigt, in der zum soundsovielten Male auf eine Art von Kristallen, aus der
2480 3398 2899 3496 S
