3344 4384
2011 161 2224 266 —
1619 166 1816 273 —I
1239 272 1686 374 box 40/1
215 265 1082 398 Bauernfeld-Preis
1192 432 1400 533 e
489 533 1642 639 Im Kampfe für unsere Literatur.
1261 609 1629 676 Wien, 2. April.
567 646 1659 729 Unterrichtsminister Dr. v. Hartel hat die Inter¬
456 710 1662 783 pellation der Abg. Dr. Pattai und Genossen, betreffend
464 765 1658 822 die Verleihung des Bauernfeld=Preises an Artur
474 801 1665 880 Schnitzler für die „Lebendigen Stunden“, beantwortet,
465 843 1664 929 u. zw. in einem Tone, der den rein sachlichen und
463 901 1672 975 wichtigen, die Bestände unserer Kultur und ihrer Förderung
470 958 1673 1012 betreffenden Erwägungen und Vorstellungen der Inter¬
467 997 1660 1069 pellation keineswegs entsprach. Konnte man dem Stand
470 1053 1681 1115 der Dinge nach auch nicht erwarten, daß der Minister
458 1085 1669 1173 den Ausführungen der Interpellation tatsächliche Momente
461 1153 1664 1221 gegenüberstellen würde, da es solche eben nicht gibt, so
471 1197 1671 1264 war doch anzunehmen, daßer die bedeutsame Frage der Pflege
476 1245 1682 1318 heimischer Literatur nicht mit den abgestandenen Phrasen
469 1292 1663 1359 einer überwundenen Zeit und Witzeleien über den Anti¬
483 1340 1673 1419 semitismus abtun würde. Dies ist jedoch leider in der
471 1395 1291 1473 Interpellationsbeantwortung der Fall.
579 1412 1673 1511 Sie gipfelt beiläufig in dem volltönenden Satze,
475 1489 1674 1574 vor dem jeder Staatsbürger ins Bnie zu fallen hat:
482 1535 1667 1604 „Vor dem Gesetze sind alle gleich! Taufschein und Stammes¬
474 1548 1758 1657 zugehörigkeit haben nichts zu besagen!“ Das ist die Type
468 1627 1681 1703 der liberalen Phraseologie, unter deren schützender,
472 1684 1678 1744 heuchlerischer Decke die Mißbräuche sich ungehindert aus¬
470 1729 1684 1803 breiten und das Richtige gefährden und vernichten können.
463 1782 1668 1847 Und siehe da, wie zur Bestätigung dieser Ansicht stellt sich
478 1829 1684 1902 auch der Ansspruch eines hochliveralen Wiener Blattes
472 1894 1680 1945 ein, das als Randglosse zu der Aeußerung des
473 1916 1678 1998 Ministers wonneerfüllt ausruft: „Wie der derzeitige
2166 1949 2797 2057 Bezugspreise
475 1973 1686 2041 Chef der Unterrichtsverwaltung, der Minister für
479 2016 1678 2086 Bildung und Aufklärung, darüber denkt, das hat er
2192 2027 2758 2111 für das übrige Inland:
482 2062 1690 2138 gestern freimütig, modern, in Akzenten, die das Gepräge
2171 2077 2792 2153 Mit täglich einmaliger Postversendung
2497 2116 2821 2179 4 K
486 2118 1677 2186 des Oesterreich von 1868 (?!) tragen, getan, da er vom
2138 2127 2333 2183 monatlich
2148 2143 2817 2207 vierteljährig 12 K
489 2167 1546 2232 Banernfeld=Preis und dessen Zuerkennung sprach.“
2132 2195 2830 2253 halbjährig. 24 K
2545 2215 2831 2274 48 K
2137 2221 2440 2288 ganzjährig..
589 2214 1677 2281 Sehr richtig! Wir hätten das Verhalten Dr.
2172 2260 2791 2324 Mit täglich zweimaliger Postversendung
476 2267 1681 2343 v. Hartels nicht besser bezeichnen können, als es hier im
2719 2299 2815 2343 14 K
2145 2306 2528 2352 vierteljährig
495 2318 1674 2385 „N. W. T.“ geschieht — mit Ausnahme eines Wörtchens:
2459 2307 2827 2374 28 K
2145 2334 2325 2388 halbjährig
2149 2345 2830 2435 ganzjährig 56 K
485 2363 1676 2432 modern. Daß die Ansichten des österreichischen Unter¬
493 2413 1678 2477 richtsministers vom Jahre 1903 über gewisse Fragen des
2257 2418 2725 2510 Für das Ausland:
1672 2422 2027 2528 Att
479 2440 1687 2551 geistigen Volkswohles „das Gepräge des Oesterreich von
2188 2482 2804 2548 Mit täglich einmaliger Postversendung
494 2504 1682 2577 1868“ tragen, ist wahr, leider nur allzuwahr. Daß sie
2144 2510 2825 2584 für Deutschland vierteljährig 15 K, für alle
2152 2567 2829 2641 anderen dem Weltpostvereine angehörigen
492 2552 1691 2626 aber modern sind — daran glaubt wohl niemand. Wie?
2272 2589 2721 2665 Länder vierteljährig 18 K.
490 2594 1698 2672 Angesichts der Tatsache, daß Millionen und Mil¬
496 2645 1687 2721 lionen von Staatsbürgern klar und unzweideutig
2245 2687 2769 2774 Scheck=Konto 810.721.
500 2717 1688 2775 in den Wahlen ihrer Anschauung dahin Ausdruck
503 2749 1683 2823 gegeben haben, daß das Indentum als fremdes
507 2788 1695 2867 schädliches Element auf das schärfste bekämpft werden
503 2846 1673 2917 müsse, daß durch die schlimmen Folgen der Juden¬
2481 2828 2809 2923 1903.
499 2896 1693 2963 emanzipation und des liberalen Gleichheitsdusels eine
2775 2871 2854 2961 —
2299 2912 2389 2973 c ehen
493 2952 2856 3061 Riesenbewegung, der Antisemitismus, entstanden ist, die mußte, begründen könnte. Das aber hat Dr. v. Hartel
1666 3003 2861 3100 unterlassen und damit ist seine Beantwortung für die
495 3039 1677 3099 heute ein oberstes politisches Losungswort bildet, angesichts
506 3056 2858 3142 der Tatsache, daß seit Jahren eine arische Presse, hinter Sache und die in der Interpellation enthaltenen Vor¬
506 3107 2143 3194 der die klar sehende Bevölkerung steht, für die Be= würfe gegenstandlos.
1766 3132 2866 3246 Denn das einzige sachliche Moment, das Dr. v. Hartel
502 3171 1682 3241 freiung der wirklichen heimischen Sieeratur von der wbd¬
1673 3196 2864 3297 anführte, die ziffernmäßige Gegenüberstellung von 19
499 3218 1672 3308 lichen, würgenden Unterjochung durch jüdische Literaten¬
1669 3250 2871 3328 aus der Bauernfeld=Stiftung prämiierten christlichen
499 3261 1672 3349 eliquen und ihre Verbündeten, die jüdischen Blätter und
1684 3309 2866 3373 Schriftstellern gegen die 5 in der Interpellation er¬
505 3306 1684 3385 deren Vasallen, die Theaterdirektoren, kämpft — angesichts
1686 3349 2865 3423 wähnten ist ein bloßes Scheinargument. Unter diesen 19
502 3363 1678 3428 aller dieser Fakten sollte im Falle, da es sich um
1679 3406 2872 3464 sigurieren wiederum Mitglieder der gewissen Clique,
492 3418 1683 3498 die Prämiierung eines Schriftstellers handelt, die Frage,
1686 3441 2874 3526 dann Literaten, deren Wirken früheren Generationen an¬
502 3456 1681 3536 ob er dem Stamme, der Gesinnung und dem Geschäfts¬
1679 3473 2885 3580 gehört, wie Ferd. v. Saar, und schließlich Ausländer,
495 3514 1681 3582 treeben nach der jüdischen Literatenelique angehört oder
1678 3541 2869 3616 wie Gustav Freussen. Die übrigen heimischen Schrift¬
499 3552 1675 3635 als Arier jenem Boden und seinen Traditionen ent¬
1680 3586 2868 3670 steller aber wurden zumeist in Bausch und Bogen zu¬
514 3602 1685 3684 stammt, der durch Grillpayger, Raimund, Bauernfeld,
1679 3638 2877 3726 dritt oder zuviert mit je einer unbedeutenden Summe
497 3656 1682 3722 Anzengruber geweiht ist, ganz abseits und einflußlos
1690 3689 2872 3762 bedacht. Das verändert das vom Minister betonte Ver¬
504 3708 1678 3768 bleiben? Bloß deshalb, weil es den Zwecken der Juden
1694 3733 2882 3813 hältnis um ein beträchtliches und wiegt das scheinbere
511 3755 1691 3834 seinerzeit, so auch auno 1868 diente, das Märchen
1694 3785 2856 3863 numerische Uebergewicht der neunzehn mindestens auf;
499 3800 1690 3871 von der Gleichheit der Menschenrassen zu ihren
1694 3809 2882 3911 die gerügte Bevorzugung einer bestimmten literarischen
501 3860 1680 3921 Gunsten in der Welt zu verbreiten? Diese mumi¬
1693 3895 2277 3984 „Partei aber bleibt bestehen.
513 3905 1680 3977 fizierte Sophistik soll modern sein in einer Zeit,
1787 3923 2893 4012 Parteipolitische Rücksichten, welche nach den Worten
494 3965 1688 4033 die, wenn auch verspätete Erkenntnis der Wahrheit
1686 3991 2875 4070 des Ministers die Kommission von sich fernhalten muß,
511 3998 1684 4072 von Gobineaus Grundsätzen und ihre Verbreitung in
1690 4034 2878 4128 sind es gerade, die auf ihre Preiszuerkennung bestimmend
517 4044 1664 4112 Chamberlains Werken volle Klarheit über die — ge¬
2444 4091 2880 4152 durch literarische
882 4088 1703 4159 Sonderstellung der semitischen Rasse
1690 4107 2318 4171 einwirken. Wodurch anders
503 4111 821 4174 linde gesagt
2506 4116 2836 4170 „
1270 4143 1665 4188 ischen der Uherle.
893 4150 1069 4189 ## den M#
531 4157 658 4193 hosit#
