3344 4384
1723 198 2298 276 —.—
1289 202 1495 272 ——
1241 274 1678 367 box 40//1
229 286 1074 380 Bauernfeld-Preis
326 610 1539 663 Grundbesitz selbst entzog, und durchaus nicht etwa in ihrer
1551 597 2760 694 Leiden, die sie zu erdulden haben, die von der königlich rumäni¬
319 665 1545 731 Unlust an dieser Arbeit. Und diese geringe Anzahl von
1558 666 2767 723 schen Regierung, ihren Behörden und Organen systematisch
323 706 1539 775 Juden sollte fünf Millionen Rumänen von der Scholle
1559 711 2764 765 betri benen Verfolgungen und Bedrückungen, sowie ihre auf eine
1559 763 2759 814 völlige politische und wirthschaftliche Vernichtung der Juden
313 771 1531 829 drängen? Nein, einen solchen Bären läßt sich selbst der
1563 802 2772 847 abzielenden Maßnahmen sind ebenso barbarisch, wie sie auch
325 811 1528 875 dümmste Antisemit nicht aufbinden, und da wir nicht an¬
1553 852 2770 890 eine flagrante Verletzung der in den Art. 43 und 44 des citirten
324 848 1536 928 nehmen, daß Derjenige, der ein solches Argument ersinnt,
1559 882 2759 957 Berliner Staatsvertrages dem Fürstenthume Rumänien auf¬
320 910 1539 960 so dumm ist, es auch zu glauben, so müssen wir wohl der
1561 934 2174 992 erlegten Verpflichtungen bedeuten.
321 954 1538 1000 Meinung uns zuneigen, er ist schlecht geung, es zu erfinden,
1675 978 2759 1026 Nicht minder unglücklich ist das Los der Christen in
325 998 1544 1049 oder erbärmlich genug, um als Werkzeug für Andere es in
1549 1014 2775 1087 Armenien, die, von grausamen Verfolgungen und empörenden
322 1049 1531 1120 die Oeffentlichkeit zu schmuggeln. Mit diesen Eigenschaften
1553 1072 2768 1130 Bedrückungen der kaiserlich türkischen Regierung und ihren
311 1101 1541 1159 paßt er allerdings in die antisemitische Gemeinschaft, aber
1552 1107 2763 1158 Organen heimgesucht, den brutalsten, gewaltthätigsten Excessen
1551 1145 2768 1218 wilder Horden schutzlos preisgegeben sind, als Heloten behandelt
310 1157 1526 1221 daß eine ehrliche öffentliche Meinung ihm Glauben schenkt,
1550 1197 2762 1267 werden, ja, massenweise hingeschlachtet und hingemordet wurden,
323 1204 968 1265 darauf hat er keinen Anspruch.
1550 1243 2768 1308 geradezu vogelfrei sind und die kaiserlich türkische Regierung
432 1261 1528 1323 Wenn aber wirklich fünf Millionen Rumänen, die Autoch¬
1553 1286 2756 1350 noch immer nicht die ihr im Art. 61 des Berliner Staats¬
312 1308 1529 1376 thonen des Landes, dadurch „ins Rutschen kämen“, daß den im
1562 1330 2771 1404 vertrages auferlegten und von ihr des Oefteren verheißenen
314 1368 1531 1408 Lande wohnenden Juden das ihnen vorenthaltene, vertrags¬
1550 1371 2083 1432 Reformen durchgeführt hat.
323 1410 1537 1461 mäßig zugesprochene Heimatsrecht zuerkannt wird — dann
1657 1417 2762 1475 In der gesammten civilisirten Welt regt es sich mächtig,
316 1457 1529 1502 müßte man wohl annehmen, daß die Bodenständigkeit hieser
1545 1471 2763 1512 diese einer gesitteten menschlichen Gesellschaft und dem Völler¬
1552 1510 2756 1555 rechte hohnsprechenden Entrechtungen von Menschen und Ver¬
324 1508 1527 1569 seit Jahrhunderten im Lande wohnenden „Stammber ölke¬
1542 1553 2769 1615 letzungen eingegangener internationaler Verpflichtungen nicht
320 1561 1521 1628 rung“ keine sehr feste ist, daß ihre Heimatsliebe eine sehr
1546 1598 2764 1661 weiter zu dulden, vielmehr das Gewissen der Regierungen und
319 1601 1531 1667 schwache, ihr Boden ein sehr unergiebiger ist. Da aber die
1545 1644 2763 1703 aller gesitteten Völker zum wirksamen Schutze verfolgter, ent¬
314 1661 1512 1710 Geschichte und die Thatsachen das Gegentheil beweisen, so
1544 1687 2771 1736 rechteter, bedrückter und unterdrückter Volksstämme aufzurütteln.
322 1692 1531 1775 ist der Rückschluß ein vollkommen berechtigter, daß die Be¬
1661 1734 2757 1786 Da auch unser Reich ein Rechts= und Culturstaat ist,
319 1746 1524 1814 fürchtungen nicht blos „Uebertreibungen“ sind, die ein
1549 1776 2757 1820 überdies zu den Signatarmächten des Berliner Stautsvertrages
315 1806 1520 1858 krankes Gehirn etwa ausgeheckt hat, sondern absichtliche
1538 1823 2765 1869 gehört und daher als Großmacht berufen erscheint, dessen Be¬
319 1850 1528 1918 Lügen, die ein kranker Charakter, ein an moral insanity
1542 1865 2770 1904 stimmungen Geltung zu verschaffen, nicht aber durch beharrliches
313 1910 1528 1967 leidendes Individuum ersonnen hat, und als Ausbrüche
1548 1903 2771 1971 Schweigen an den geschilderten Verfolgungen und Vertragsver¬
1544 1954 2762 2023 letzungen sich mitschuldig zu machen, stellen die Unterzeichneten
313 1955 1524 2005 einer solchen leidenschaftlich verzerrten Phantasie haben
1545 1993 1813 2053 den Antrag:
328 1998 1509 2050 sie vor dem Forum der Oeffentlichkeit keinen mora¬
1665 2038 2370 2113 „Das hohe Haus wolle beschließen:
315 2051 1519 2101 lischen Werth, keinen Geschichtswerth. Es kann auch
316 2107 1525 2160 nur ein so verkommenes Individuum, welches die Ge¬
1659 2112 2760 2168 Die k. k. Regierung wird dringend aufgefordert, den ihr
315 2148 1519 2202 schichtsfälschung in solchem Maße betreibt, sich zur Behaup¬
1544 2152 2752 2206 auf die Leitung der auswärtigen Angelegenheiten des Staates
1550 2200 2755 2250 gesetzlich zustehenden Einfluß im Wege des k. k. Auswärtigen
316 2201 1532 2257 tung erkühnen, daß es den rumänischen Juden besser geht,
1544 2241 2758 2285 Ministeriums dahin geltend zu machen, daß die königlich zumä¬
320 2246 1519 2298 wie den galizischen und diese sich daher nach den Fleisch¬
1540 2289 2756 2347 nische und kaiserlich türkische Regierung zur Erfüllung und Ein¬
313 2301 1522 2349 töpfen Rumäniens sehnen. Daß es den galizischen Jnden
1552 2328 2761 2386 haltung ihrer in den Artikeln 44 und 61 des Berliner Staats¬
315 2332 1516 2399 materiell schlecht geht, ist leider wahr, aber ihren Glaubens¬
1541 2369 2754 2425 vertrages vom 13. Juli 1878 in Betreff der Juden und Arme¬
315 2397 1516 2446 genossen im Nachbarlande geht es nicht blos materiell schlecht
1550 2418 2522 2476 nier eingegangenen Verpflichtungen verhalten werde.
395 2442 1517 2500 ihren Kindern wird der Unterricht, ihnen der Aufenthalt
1654 2463 2242 2529 Wien, den 26. März 1903.
312 2490 1513 2539 entzogen, ihnen wird der Erwerb physisch und rechtlich un¬
1547 2529 2741 2590 Dr. Straucher, Breiter, Daszynski, Dr. Ellenbogen, Perner¬
317 2545 1525 2589 möglich gemacht, ihnen wird die Heimat geraubt und das
1542 2580 2759 2638 storfer, Romanczuk, Nicolaj v. Wassilko, Schumeier, Dr. Ofner,
304 2590 1517 2638 Bürgerrecht versagt — kann man mit dieser Lage die der
1544 2626 2761 2670 Cingr, Choc. J. Cerny, Josef Hannich, Rieger, Dr. Skedl,
306 2645 1520 2701 galizischen Juden vergleichen? Kann eine ehrliche „Zeitung
1550 2671 2739 2745 Rosenzweig, Basil Jaworski, Dr. Korol, Dr. Kos, Seitz, Hybes.“
311 2692 1526 2756 für die österreichische Monarchie“ diesem Staate die Schmach
314 2735 1262 2818 anthun, ihn tiefer zu stellen, als Rumänien?
1636 2746 2762 2842 Ob dieser Antrag überhaupt zur Verhandlung gelangen
1153 2783 1483 2847 A. Wiener.
1541 2819 2410 2879 wird, ist in letzter Stunde fraglich geworden.
1642 2910 2756 2988 Dem Abgeordneten Dr. Straucher sind anläßlich der
1532 2945 2747 3017 Einbringung seines Dringlichkeitsantrages, betreffend die Be¬
1538 3009 2751 3067 handlung der armenischen Christen in der Türkei, von der
1540 3058 2756 3108 armenischen Religionsgemeinde und vom armenischen Hilfscomité
1542 3108 2527 3167 in der Bukowina Dankeskundgebungen zugekommen.
1606 3243 2671 3340 Dom Jahrmarkt des Tebens.
1661 3310 2464 3409 o Glossen zur Tagesgeschichte.
1642 3372 1804 3442 A4n,
1542 3388 2755 3486 [Der abgeblitzte Pattai. — Alois macht nur mit
1905 3479 2374 3553 Jnden Geschäfte)
1649 3560 2751 3625 Arroganz und Albernheit waren die hervorstechendsten
1537 3621 2748 3668 Merkmale der Interpellation, die unser „Salon=Antisemit“ Dr.
1546 3653 2763 3711 Pattai wegen der Verleihung des Bauernfeld=Preises an den
1550 3701 2754 3755 Unterrichtsminister richtete. Wenn ein Bielohlawek oder ein noch
1550 3745 2751 3789 ingebildeterer Mensch die Forderung aufstellt, bei der Beur¬
1544 3785 2747 3834 heilung künstlerischer oder literarischer Production nicht das
1548 3836 2743 3879 Werk, sondern die Confession oder die Abstammung des Hervor¬
1558 3877 2747 3924 fringers zu prüfen, so wird man das lächerlich finden, aber
1555 3920 2759 3962 nan kann immerhin glauben, daß es dem Bielohlawek oder einem
1561 3958 2751 4016 soch dümmeren antisemitischen Volkstribun mit seiner Zumuthung
1551 4013 2753 4063 rust ist. Der Mann versteht es eben nicht besser, und in seiner
1556 4052 2755 4120 Neinung steht der geistesschwache Masaidek, der über die Juden
