3344 4384
1221 335 1668 421 box 40//1
208 395 1061 439 —
1559 713 2535 766 auch nur im geringsten Notiz zu nehmen. Die Literatur¬
1571 767 2534 820 geschichte wird es wohl auch übersehen, daß Ab¬
1566 812 2531 859 gordneter Dr. Pattai seine Meinung über die
1560 839 2536 890 dichterische Qualität Schnitzlers von dem Glaubens.
1559 881 2534 917 bekenntnis des letzteren abhängig macht. Der Fall
1569 922 2534 967 lehrt jedoch, daß die „Parteifanatiker, welche
1560 963 2532 1015 Pfründen verteilen und Proskriptionslisten ver¬
1557 991 2536 1043 künden“, nicht blos unter den Rezensenten zu finden
1567 1036 2523 1091 sind. Wer Schnitzler ist und was Schnitzler kann, das
1566 1073 2532 1130 weiß jeder Theaterbesucher, der einmal die „Liebelei“
2377 1110 2529 1161 Er ist
1555 1114 2372 1161 gesehen oder den „Schleier der Beatrice".
1560 1159 2532 1200 noch keiner von den Großen, er arbeitet allzusehr auf
1570 1190 2538 1238 Stimmungen und für Stimmungen, aber man kann
1566 1227 2554 1276 wohl von ihm sagen, was einst Cervinus von Friedrich
1570 1268 2543 1326 Hebbel gesagt, daß er wie ein Baum aus dem
1567 1322 2545 1363 Strauchwerke der sonstigen Wiener Literatur heraus¬
1565 1346 2531 1393 ragt. Ich möchte jedoch bei diesem Anlasse nicht, ohne
1573 1380 2538 1436 vorher meine Ueberzeugung festzustellen, daß Baron
1578 1422 2542 1491 Berger das rechte get### a, indem er Artur Schnitzler
1571 1460 2539 1505 für den Bauernfeld=Preis vorgeschlagen hat — die
1565 1485 2538 1549 Bemerkung aussprechen, daß in Wien zu viele Dichter¬
1571 1552 2539 1586 dreise ausgegeben werden. Wir haben einen Grill¬
1570 1583 2537 1628 oarzer=Preis, einen Bauernfeld=Preis und einen
1575 1621 2541 1673 Raimund=Preis. Jedes zweite Jahr werden hier drei
1559 1663 2545 1707 Dichter preisgekrönt. Das ist etwas viel und es ist
1576 1687 2542 1736 begreiflich, daß nicht jeder Preis seinen Dichter finden
1566 1726 2541 1772 kann. Etwas größere Oekonomie wäre in diesen Dingen
1562 1769 2551 1807 wohl am Platze. Das Geld ist da und soll verteilt
1560 1816 2535 1855 werden; man könnte aber etwas sparsamer mit dem
1560 1860 2541 1893 Ruhme, mit dem Preise sein. Man nenne diese Ver¬
1564 1881 2557 1940 leihungen einfach Ehrengaben. Das wäre jedenfalls
1562 1922 2549 1974 die richtigere Bezeichnung, in vielen Fällen die einzig
1566 1966 1752 2020 richtige.
1642 1986 2545 2072 Nun zu den Einaktern des Frl. delle Grazie. Sie
1576 2037 2536 2079 heißen „Vineta, „Donauwellen und „Sphinx: Die
1574 2067 2547 2129 gemeinsame Idee, auf die sie gestimmt sind, ist leicht
1582 2114 2542 2161 herauszufinden. Zu spät ist's, wenn zwei Seelen, die
1586 2152 2542 2209 für einander erglühen, die Liebe einander gestehen,
1573 2192 2541 2254 wenn ihre Wege sie schon weit auseinandergeführt;
1580 2234 2548 2283 zu spät ist's für ein armes Mädel, loszukommen aus
1577 2271 2557 2314 Verfall und Verderbnis, wenn sie ihr Bestes bereits
1588 2322 2553 2376 geopfert; zu spät ist's für einen alten Gelehrten, auf
1587 2349 2544 2400 Freiersfüßen zu gehen, wenn er schon nahe an die
1593 2383 2547 2444 Fün##g und die jungen Mädchen ihn nur Onkelchen
1584 2425 2545 2479 nennen können. Das sind sehr banale Wahrheiten,
1598 2461 2552 2512 die von selbst einleuchten und nicht weitläufiger
1585 2505 2547 2551 Auseinandersetzung bedürfen. Aber Frl. delle Grazie
684 2456 1432 2587 oWiener Theater.
1586 2537 2569 2589 ist sehr gesprächig und nicht immer zum Vorteile der##
989 2542 1245 2615 (Eigenbericht.)
1588 2589 2568 2625 Sache. In der „Vineta“ ist ein etwas hoher Ton
1138 2590 1553 2673 b. Wien, 19. März.
1583 2610 2557 2674 angeschlagen, hoch und hohl. Frau Hohenfels und
677 2565 851 2688 22
1598 2652 2565 2716 Herr Devrient gaben der Kleinigkeit immerhin
1533 2659 1583 2716 E.
751 2656 1509 2732 Zu spät“. Einakter= Zyklus von M.
1599 2689 2561 2743 etwas von dem Interesse ihrer eigenen Persönlichkeit.
1518 2695 1582 2752 im
627 2703 1505 2781 delle Grazie. Zum ersten Male aufgeführt
1597 2730 2554 2784 In den „Donauwellen“ ist das von Schnitzler her
625 2757 952 2809 Burgtheater.
1593 2767 2560 2832 bekannte „süße Mädel“ die Hauptperson. Die Szene
697 2779 1576 2834 Der Gedanke ist nicht neu, mehrere Einakter auf
1597 2820 2562 2859 ist recht bewegt: im Prater, nahe der Donau. Es
628 2825 1576 2876 einen Grundton zusammen zu stimmen und unter
1600 2843 2552 2902 geht äußerlich ziemlich hoch her. Es wird musiziert,
634 2862 1577 2915 einem Gesamttitel auf die Bühne zu bringen. Das
1598 2876 2563 2943 gesungen und wienerisch gesprochen, daß es eine Art
628 2899 1585 2961 bekannteste Beispiel hierfür sind die drei Einakter
1606 2915 2568 2985 hat. Aber innerlich ist das Ding blaß und matt und
625 2942 1587 2994 „Teja, „Fritzchen" und „Das ewig Weibliche von
1600 2960 2568 3021 ohne kräftigen Zug. Das Mädel wird von ihrem
627 2973 1587 3029 Herm. Sudermann, die unter dem Titel „Mori¬
1611 3001 2566 3060 Liebhaber, einem reichen Kaufmann verlassen. Um sie
626 3016 1586 3079 turi“ wohl auf allen deutschen Theatern zuhause sind.
1603 3056 2565 3113 zu entschädigen und dem zu erwartenden. Kinde einen
648 3057 1587 3110 Sudermann hatte jedoch einen Vorgänger. Anfangs
1602 3077 2560 3128 Vater zu geben, soll sie einen Reisenden heiraten.
645 3094 1585 3152 der neunziger Jahre hat der Wiener Schriftsteller
1613 3116 2561 3179 Dieser findet, daß er dabei kein gutes Geschäft
642 3132 1585 3187 Dr. Emil Granichstädten, der gegenwättig in
1613 3160 2570 3220 machte und gibt die Sache auf. Das Mädel
646 3170 1586 3232 Berlin lebt, vier Einakter unter dem Titel „Galante
1615 3199 2575 3252 aber stürzt sich in die Donau. Recht hübsche
640 3211 1595 3266 Könige“ auf die Bühne gebracht. Die Analogie
1618 3225 2567 3289 Einzelscenen, im ganzen aber ohne die rechte Beize.
640 3251 1588 3307 dieser Stücke untereinander erstreckte sich auch aufs
1608 3282 2576 3330 Frau Medelsky und Herr Zeska taten das ihrige.
646 3301 1595 3356 Aeußerliche. Sie waren reizend im Inhalt und un¬
2469 3309 2573 3356 eine
1614 3308 2468 3369 Das letzte der drei Stücke, „Sphinx“ ist
636 3328 1604 3379 gemein fein im Dialog; es ist schade, daß sie ver¬
1622 3345 2576 3409 Philisteriade alten Sti', dabei aber langweilig über
644 3367 1593 3422 loren gingen. Nach Granichstädten, dem in dieser
1621 3389 2579 3450 die Maßen. Das wird, hiesige Kritik sich kaum zu
661 3405 1601 3467 Sache zweifellos die Priorität gebührt, und
1624 3436 2583 3492 gestehen getrauen, denn Frl. delle Grazie hat einen
650 3447 1599 3503 nach Sudermann kam Arthur Schnitzler mit
1617 3460 2579 3536 geachteten Namen, sie hat auch schon ein gutes Drama
656 3490 1602 3544 seinen „lebendigen Stunden, für die er in diesen
1616 3510 2580 3563 „Schlagende Wetter“ geschrieben, und eine Schrift¬
659 3520 1597 3586 Tagen den Bauernfeld=Preis erhielt. Daß diese
1616 3548 2585 3603 stellerin von edlen Intentionen, die sie unleugbar ist,
650 3560 1606 3618 Krönung den Antisemiten Anlaß zu einer Interpellation
1627 3577 2592 3644 will man doch wohl nicht kränken. Außerhalb Wiens
654 3602 1595 3660 an den Unterrichtsminister im Reichsrate gegeben und
1629 3618 2587 3689 aber kann man es wohl sagen, daß der heutige Abend
650 3637 1608 3699 daß sie den Ausgangspunkt zu einer förmlichen
1626 3675 2596 3724 recht öde war und daß die Einakter des Frl. delle Grazie
654 3681 1601 3740 Kampagne gegen Talente, die nicht als Arier zur Welt
1633 3697 2587 3757 eigentlich auch „Morituri“ heißen könnten. Mit dem
656 3727 1603 3786 gekommen, bildet, ist für die Literatur eigentlich gleich¬
1624 3733 2596 3797 heutigen Abend dürften sie wohl für immer ausgeleb¬
651 3758 1613 3819 gültig. Schnitzler hat ganz recht, zu sagen, er habe
622 3812 1759 3872 keinen Anlaß, von so nebensächlichen Zwischenfällen haben.
