3436 4384
1304 125 1371 177 —
358 161 1542 248 „Vor dem Gesetze sind alle gleich! Lansschein und Stammes¬
2060 193 2245 270 ——
352 181 1759 290 zugehörigkeit haber nichts zu besagen!“ Das ist die Type ——.—
340 255 1544 339 der liberalen Phraseologie, unter deren schützender,
352 313 1510 392 heuchlerischer Decke die Mißbräuche sich ungehindert a
350 354 1543 427 breiten und das Richtige gefährden und vernichten können.
349 426 1545 481 Und siebe da, wie zur Bestätigung dieser Ansicht stellt sich
357 458 1553 528 auch der Ansspruch eines hochliberäten Wiener Blattes
357 515 1538 569 ein, das als Randglosse zu der Aeußerung des
354 546 1547 634 Ministers wonneerfüllt ausruft: „Wie der derzeitige
2032 571 2672 676 Bezugspreise
341 597 1552 673 Chef der Unterrichtsverwaltung, der Minister für
346 646 1545 722 Bildung und Aufklärung, darüber denkt, das hat er
2068 646 2637 734 für das übrige Inland:
360 694 1562 766 gestern freimütig, modern, in Akzenten, die das Gepräge
2041 707 2671 772 Mit täglich einmaliger Postversendung
2372 740 2697 806 L
355 745 1549 811 des Oesterreich von 1868 (?!) tragen, getan, da er vom
2016 756 2340 810 monatlich
2014 786 2700 836 vierteljährig 12 K
356 802 1405 879 Bauernfeld=Preis und dessen Zuerkennung sprach.“
2015 818 2699 872 halbjährig 4 K
2003 848 2707 907 ganzjährig...... 48 K
452 847 1542 904 Sehr richtig! Wir hätten das Verhalten Dr.
2055 890 2665 944 Mit täglich zweimaliger Postversendung
360 887 1541 958 v. Hartels nicht besser bezeichnen können, als es hier im
2563 918 2700 969 14 K
2021 931 2391 987 vierteljährig
2461 932 2708 1000 28 K
362 934 1546 1015 „N. W. T.“ geschieht — mit Ausnahme eines Wörtchens:
2010 967 2369 1010 halbjährig
2498 980 2710 1048 56 K
2012 967 2456 1066 ganzjährig
351 985 1556 1055 modern. Daß die Ansichten des österreichischen Unter¬
348 1036 1555 1102 richtsministers vom Jahre 1903 über gewisse Fragen des
2128 1050 2595 1135 Für das Ausland:
346 1066 2020 1156 geistigen Volkswohles „das Gepräge des Oesterreich vo rd#se
2074 1097 2675 1172 Mit täglich einmaliger Postversendung
359 1129 1558 1187 1868“ tragen, ist wahr, leider nur allzuwahr. Daß sie
2024 1148 2702 1216 für Deutschland vierteljährig 15 K, für alle
2015 1191 2714 1256 anderen dem Weltpostvereine angehörigen
356 1168 1552 1251 aber modern sind — daran glaubt wohl niemand. Wie?
2151 1215 2588 1288 Länder vierteljährig 18 K.
363 1216 1556 1307 Angesichts der Tatsache, daß Millionen und Mil¬
353 1271 1553 1363 lionen von Staatsbürgern klar und unzweidentig
2106 1300 2634 1403 Scheck=Konto 810.721.
370 1327 1634 1407 in den Wahlen ihrer Anschauung dahin Ausdruck
370 1376 1555 1444 gegeben haben, daß das Indentum als fremdes
374 1407 1561 1500 schädliches Element auf das schärfste bekämpft werden
2414 1451 2681 1546 1903.
368 1468 1555 1536 müsse, daß durch die schlimmen Folgen der Juden¬
2504 1514 2730 1588 —
367 1514 1557 1582 emanzipation und des liberalen Gleichheitsdusels eine
1563 1522 1740 1613 —
366 1581 2740 1686 Riesenbewegung, der Antisemitismus, entstanden ist, die mußte, begründen könnte. Das aber hat Dr. v. Hartel
1547 1615 2740 1720 unterlassen und damit ist seine Beantwortung für die
366 1651 1551 1725 heute ein oberstes politisches Losungswort bildet, angesichts
363 1675 2733 1792 der Tatsache, daß seit Jahren eine arische Presse, hinter Sache und die in der Interpellation enthaltenen Vor¬
368 1752 2024 1821 der die klar sehende Bevölkerung steht, für die Be¬ würfe gegenstandlos.
1637 1775 2742 1845 Denn das einzige sachliche Moment, das Dr. v. Hartel
370 1781 1587 1878 #freiung der wirklichen heimischen Literalur von der tov¬+
1550 1829 2731 1921 anführte, die ziffernmäßige Gegenüberstellung von 19
371 1845 1555 1920 lichen, würgenden Unterjochung durch jüdische Literaten¬
1560 1862 2741 1952 aus der Bauernfeld=Stiftung prämiierten christlichen
367 1891 1552 1958 eliquen und ihre Verbündeten, die jüdischen Blätter und
1561 1924 2740 2002 Schriftstellern gegen die 5 in der Interpellation er¬
378 1938 1554 2009 deren Vasallen, die Theaterdirektoren, kämpft — angesichts
1555 1960 2741 2049 wähnten ist ein bloßes Scheinargument. Unter diesen 19
375 1991 1551 2064 aller dieser Fakten sollte im Falle, da es sich um
1554 2029 2744 2094 sigurieren wiederum Mitglieder der gewissen Clique,
372 2041 1557 2103 die Prämiierung eines Schriftstellers handelt, die Frage,
1549 2067 2757 2158 dann Literaten, deren Wirken früheren Generationen an¬
370 2082 1560 2160 ob er dem Stamme, der Gesinnung und dem Geschäfts¬
1560 2091 2765 2205 gehört, wie Ferd. v. Saar, und schließlich Ausländer,
366 2140 1551 2227 treiben nach der jüdischen Literatenelique angehört oder
1547 2167 2760 2261 wie Gustav Freussen. Die übrigen heimischen Schrift¬
377 2184 1550 2271 als Arier jenem Boden und seinen Traditionen ent¬
1563 2219 2750 2293 steller aber wurden zumeist in Bausch und Bogen zu¬
383 2243 1550 2316 stammt, der durch Grillpa=er, Raimund, Bauernfeld,
1557 2262 2751 2348 dritt oder zuviert mit je einer unbedeutenden Summe
374 2282 1561 2358 Anzengruber geweiht ist, ganz abseits und einflußlos
1565 2310 2756 2385 bedacht. Das verändert das vom Minister betonte Ver¬
384 2319 1557 2410 bleiben? Bloß deshalb, weil es den Zwecken der Juden
1566 2366 2751 2442 hältnis um ein beträchtliches und wiegt das scheinbare
377 2376 1570 2468 seinerzeit, so auch unno 1868 diente, das Märchen
1571 2414 2741 2488 numerische Uebergewicht der neunzehn mindestens auf;
373 2426 1569 2514 von der Gleichheit der Menschenrassen zu ihren
1570 2447 2766 2544 die gerügte Bevorzugung einer bestimmten literarischen
374 2482 1564 2554 Gunsten in der Welt zu verbreiten? Diese mumi¬
1569 2511 2156 2609 „Partei aber bleibt bestehen.
390 2526 1566 2609 fizierte Sophistik soll modern sein in einer Zeit,
1660 2539 2769 2653 Parteipolitische Rücksichten, welche nach den Worten
394 2581 1573 2645 die, wenn auch verspätete Erkenntnis der Wahrheit
1569 2619 2761 2690 des Ministers die Kommission von sich fernhalten muß,
386 2627 1565 2693 von Gobineaus Grundsätzen und ihre Verbreitung in
1564 2664 2762 2755 sind es gerade, die auf ihre Preiszuerkennung bestimmend
390 2660 1551 2744 Chamberlains Werken volle Klarheit über die — ge¬
1579 2706 2757 2798 einwirken. Wodurch anders als durch literarische
383 2716 1564 2797 linde gesagt — Sonderstellung der semitischen Rasse
1573 2744 2767 2839 Parteipolitik wäre es möglich gewesen, daß gänzlich wert¬
387 2771 1577 2833 besitztt? Nein! Mit der Verbindung zwischen der liberalen
1579 2809 2767 2900 lose Werke wie Hirschfelds „Lumpen“ und Dörmanns
398 2821 1573 2899 Aera von 1868 und dem Begriffe „modern“ hat der be¬
1583 2859 2761 2946 „Herra von Abadessa“, ein Stück, das noch dazu zur
396 2872 1575 2939 geisterte gute Freund Dr. v. Hartels und seines Philo¬
1585 2894 2767 2994 Zeit seiner Prämiierung weder erschienen noch aufgeführt
401 2910 1577 3001 semitismus ihm einen schlimmen Dienst erwiesen. Er hat ohne
1590 2942 2770 3047 war, und jetzt die „Lebendigen Stunden“ Schnitzlers vor
393 2969 1572 3041 es zu wollen, zugestanden und bewiesen, daß wir einen
1581 2987 2777 3099 anderen ausgezeichnet wurden? Unwürdige Produkte
402 3002 1572 3096 Minister für Kultus und Unterricht haben der in den
1583 3060 2760 3134 arischer Autoren zu prämiieren, wäre nach Ansicht des
402 3057 1581 3144 Fragen der geistigen Edelkultur unseres Volkes höchst
1580 3089 2771 3185 Ministers verwerfliche „Rücksicht auf Parteipolitik"; sind
397 3126 1136 3209 unmodernen Anschanungen huldigt.
1579 3133 2697 3229 aber ihre Verfasser Jnden und Mitglieder der Clique
503 3157 1582 3240 Denn darüber kann kein Zweisel bestehen: in der
1588 3196 2767 3279 das ist ganz etwas anderes, dann ist die Preiskrönung
404 3227 1581 3309 Interpellationsbeantwortung hat sich Dr. v. Hartel auf
1590 3247 2769 3320 des Unzulänglichen keine Parteipolitik. Das ist allerdings
400 3272 1588 3359 die Seite der jüdischen Literatenelique gestellt. So gut
1591 3292 2767 3369 die Doktrin von anno 1868, die für den „Fortschritt" und
403 3323 1584 3393 er diese Koterie der Leon, Hirschfeld, Dörmann, Lothar¬
1588 3336 2784 3416 seinen Kern, das Judentum, alles gestattete, was dem
406 3373 1582 3443 Spitzer, Buchbinder 2c. als eifriger Verfolger unseres
1591 3388 2773 3481 Arier als Verbrechen angerechnet wurde. Dieses Messen mit
401 3413 1607 3496 Bühnenwesens kennen muß, so gut auch ihm die Ueber¬
1591 3436 2784 3512 ungleichem Maße liegt auch der Andeutung des Ministers
416 3465 1586 3543 griffe dieses Trusts auffallen müssen, so wenig hat er
1586 3473 2783 3578 zugrunde, er werde dankbar sein, „auf Künstler aufmerk¬
413 3519 1594 3600 von den diesbezüglichen Hinweisen der Interpellation
1595 3536 2781 3608 sam gemacht zu werden, deren Werke einen unbestreit¬
409 3562 1600 3654 Notiz genommen deren Wesen gerade darin
1589 3578 2787 3649 baren Vorzug vor anderen verdienen". Als ob solche
411 3603 1599 3697 lag, eine Aeußerung des Ministers über die
1589 3634 2752 3704 Künstler nicht vorhanden wären! Freilich, das „Renommée“
412 3661 1595 3746 systematische Förderung dieses Ringes durch das
1601 3677 2795 3757 wie die Herren Léon, Dörmann, Hirschfeld besitzen
415 3695 1602 3794 Bauernfeld=Kuratorium zu provozieren. Nicht lächelnd
1596 3722 2776 3810 bescheidene arische Dramatiker wie Kranewitter, Schroiten¬
411 3757 1598 3835 und witzeld über „Literaten mißliebigen Ursprungs“ und
1611 3772 2773 3852 bach, Schamann, die sich meist kümmerlich mit Provinz¬
415 3809 1605 3887 die mangelnde Beweiskraft des Taufscheines in literarischen
1611 3815 2781 3908 bühnen herumschlagen müssen, weil ihnen ihre oben¬
423 3854 1605 3935 Fragen hatte der Unterrichtsminister zu sprechen, sondern
1602 3871 2780 3956 genannten Kollegen in eiserner Phalanr den Zutritt zu
411 3903 1605 3972 wie er als Mitglied des Bauernfeld=Kuratoriums
1606 3903 2785 3990 den Wiener Theatern versperren, nicht. Aber es wäre
424 3943 1608 4033 die systematische Förderung einer unserem Volke fremden
1600 3962 2779 4033 doch interessant zu erfahren, worin z. B. der „unbestreit¬
410 3997 1613 4095 und seine Anschauungen über Kunst und Leben fälschen¬
1612 4016 2799 4097 bare Vorzug“ des „Herrn von Abadessa“ vor Kranewitters
425 4042 1603 4125 den Clique, deren notorische Gefährlichkeit für das Ge¬
2078 4059 2796 4149 oder der „Lumpen“ vor den
1614 4082 2084 4161 „Um Haus und Hof“
430 4094 1614 4171 deihen der heimischen Literatur ihm als Chef der ersten
802 4114 2098 4204 ieen Kultur des Reiches bekannt sein; „Schröderischen“ liegt.
479 4161 673 4207 #tans####g
