3392 4352
1789 171 2010 274 —.—
1218 289 1670 386 box 40/1
212 299 1072 412 Bauernfeld-Preis
1296 1151 1756 1241 Telephon 12801.
906 1235 2138 1312 Alex. Welgl’s Unternehmen für Zeitungs-Aussohnitte
1783 1297 2079 1387 See Ausschnitt
1175 1336 1859 1464 „OBSERYEN
1928 1356 2161 1455 Nr. 6
798 1431 2263 1520 I. österr. behördl. conc. Burcau für Zeitungsberichte u. Personalnachrichten
1080 1529 2006 1589 Wien. I., Concondiaplatz 4.
813 1566 2265 1646 Vertresungen in Berlin, Budapest, Chicago, Genf, London, Newyork, Paris, Rom,
1184 1621 1893 1689 Stockholm, Kristiania, St. Petersburg.
809 1757 1336 1848 Ausschnitt aus:
1391 1745 2169 1868 Neues Wiener Jburnat
810 1876 1274 1987 vom: 76# 70
932 2111 2092 2218 * Arthur Schnitzler hat den Bauernfeld=Preis im
818 2175 2091 2294 Betrage von zweitausend Kronen für den gegenwärtig im Deutschen
832 2249 2060 2337 Volkstheater gespielten Einacter=Cyllus „Lebendige
831 2305 2091 2373 Stunden“ erhalten. Man wird diese Entscheidung des
840 2324 2094 2430 Bauernfeld=Curatoriums mit großem Beifall begrüßen. Die Ver¬
840 2372 2094 2471 leihung erfolgte einstimmig nach kurzer Debatte. Die letzten
844 2433 2091 2517 Preise, die im October des Vorjahres verliehen wurden, erhielten
844 2478 2087 2566 Richard Nordmann (Margarethe Langkammer), J. J. David,
847 2525 2090 2626 Victor Leon, Frensse: und Stefan Milow; im Früh¬
843 2569 2102 2667 jahre des Vorjahres erhielt den Preis Dr. Karl Schönherr
849 2616 2098 2712 für den „Sonnwendtag“ — Uebrigens steht auch die Verleihung
848 2690 2090 2757 des Raimund=Preises unmittelbar bevor. Die Jury
854 2713 2250 2821 schwankt in der Wahl zwischen den Volksstücken „Der Kreuz=pelusive
2097 2756 2221 2801 Porto.
859 2767 2245 2867 wegstürmer“ von Werkmann und „Der Herr Gemeinderath“ sghibar
851 2819 2280 2914 von Schrottenbach. Der Letztere hat übrigens für ein Voraus.
849 2872 1892 2964 Volksstück bereits einmal den Raimund=Preis erhalten.
1585 2885 2285 2951 ung fur Zeitungsaussennitte ist das
1914 2937 2293 2992 auch steht es den
851 2947 1874 3001 Abonnement durch keine bestimmte Zeitdauer begrenzt;
848 2990 2161 3072 Abonnenten frei die aufgegebenen Themen zu ergänzen oder zu ändern.
983 3065 2295 3134 Der „OBSERVER“ veranstalter läglich einen Auszug enthaltend die
856 3127 2282 3166 Inhaltsangabe aller wichtigen Mittheilungen der Wiener Morgen¬
855 3133 2292 3214 blätter (Tagesjournale ausser „Neue Freie Presse“ und Wiener Zeitung“)
851 3170 2308 3251 wodurch eine Uebersicht über das gesammte politische und wirthschaftliche
849 3218 2298 3287 Leben des In- und Auslandes in drastischer Kürze geboten wird. Diese Mit¬
852 3263 1880 3331 theilungen werden in Wien um 9 Uhr Früb verschickt.
1185 3345 1963 3436 Prospecre gnatis und fnanco.
