3392 4352
1769 198 2277 294 ——
1235 307 1686 406 box 40/1
223 296 1093 413 Bauernfeld-Preis
386 457 1096 581 Tagesnenigkeiten.
914 535 1315 616 Wien, 18. März.
215 602 1267 714 Eine Interpellation über die Verleihung des
346 673 1122 757 Bauernfeld-Preises an Schnitzler.
235 718 1345 828 In der heutigen Sitzung. des Abgeordnetenhauses richteten
159 792 1337 867 die Abg. Dr. Pattei und Genossen folgende Anfrage an
157 859 652 935 den Unterrichtsminister:
245 869 1343 959 Das Kuratorium der Bauernfeld=Stiftung hat in seiner
163 935 1345 999 Sitzung vom 16. März 1903, welcher die Mitglieder Minister
168 958 1345 1052 für Kultus und Unterricht Dr. v. Hartl, Dr. Alfred Freiherr
1202 1017 1260 1050 „
143 994 2511 1142 v. Berger, der Prosessor der denlschen Literaturgeschichte: Fedrftigen und vermige ihre Talentes auch würdigen ucht¬
1318 1056 2514 1152 Jüdischen Schriftsteller und angesichts der Verantwortung,
1324 1101 2530 1199 welche die Einhaltung der Zwecke der Ba nfeld=Stiftung
140 1102 1329 1185 an der Wiener Universität Dr. Jakob Minor und Dr. Cduard
140 1156 1322 1244 Weißl beiwohnten, einstimmig beschlossen, aus dem Erträg¬
1313 1147 2215 1249 fdem Kuratorium auferlegt, zu rechtfertigen?
147 1185 1334 1264 nisse der Bauernfeld=Stiftung einen Preis von 2000 Kr.
143 1236 1335 1311 dem Literaten Artur Schnitzler für seinen Einakterzyklus
153 1294 838 1363 „Lebendige Stunden“ zu verleihen.
215 1310 1335 1400 In dieser Verleibung erblicken die unterzeichneten Abge¬
145 1360 1336 1449 ordneten die unbegründete Auszeichnung eines nicht preis¬
151 1412 1342 1495 würdigen Werkes, eine Verletzung der Rechte der nichtjüdischen
153 1443 1344 1528 Schriftstellerwelt unserer Heimat und einen Verstoß gegen
155 1501 1337 1582 den Sinn und Zweck der Stiftung, u. zw. aus folgenden
160 1564 382 1640 Gründen:
230 1581 1342 1666 Das preisgekrönte Werk, die vier Einakter „Lebendige
155 1638 1346 1703 Stunden“ hat weder bei seiner Aufführung in Berlin, noch
164 1682 1337 1752 bei der durch das Ensemble des Berliner Deutschen Theaters
159 1704 1353 1796 im Wiener Carl=Theater, noch auch bei der kürzlich im Wiener
160 1765 1356 1849 Deutschen Volkstheater erfolgten, tiefere Wirkung geübt, oder
2092 1762 2537 1859 Telephon 12801.
158 1806 1343 1890 auch nur oberflächlich den Eindruck eines Dichterwerkes ge¬
155 1842 1346 1922 macht. Die ausdrückliche Rangerhöhung desselben durch eine
1546 1876 2946 1961 Jge Alex. Weigl’s Unternehmen für Zeitungs-Ausschnitte
154 1889 1344 1974 Prämiierung in Wien muß daher im Auslande die
2575 1923 2885 2020 See Ausschnitt
1679 1924 1875 2037 41
174 1929 1344 2012 falsche Vorstellung erwecken, als hätte das österreichische
158 1971 1348 2065 Schrifttum tatsächlich keine besseren Produkte
1955 1964 3014 2089 „ODSENVEK Nr. 90
161 2040 998 2131 aufzuweisen als derlei Minderwertigkeiten.
1598 2054 3050 2152 I. österr. behördl. conc. Bureau für Zeitungsberichte u. Personalnachrichten
232 2067 1353 2152 Die Meinung der Ausländer über die heimische Literatur
172 2127 1360 2203 wird aber durch das Bauernfeld=Kuratorium auch noch in
1870 2126 2807 2206 Wien, I., Concondiaplatz 4.
166 2174 1345 2247 weiterer Hinsicht konsequent irregeführt, da die Preise der
1618 2184 3052 2274 Vertretungen in Berlin, Budapest, Chicago, Genf, London, Newyork, Paris, Kom,
167 2202 1352 2294 Stiftung innerhalb ganz kurzer Zeit einer unverhältnismäßig
1971 2244 2685 2318 Stockholm, Kristiania, St. Petersburg.
163 2277 1359 2346 großen Anzahl von jüdischen Literaten zugewiesen wurden,
170 2301 1349 2375 u. zw. solchen von untergeordneter Bedeutung. Es sind dies
2194 2283 2929 2402 Neucs Wiener Journal
174 2349 1356 2419 Dr. Leo Hirschfeld, prämiiert für die Komödie „Die
1615 2365 2126 2467 Ausschnitt aus:
169 2375 1360 2466 Lumpen“ der Erotiker Felix Dörmann, richtig Bieder¬
173 2422 1363 2506 mann, für ein gänzlich verschollenes Drama „Der Herr von
170 2481 1344 2556 Abadessa“, der Literarhistoriker Dr. Emil Horner für
1615 2470 2169 2617 vom: 7
164 2523 1352 2603 eine Bauernfeld=Biographie, der Librettist von Operetten¬
164 2572 1359 2638 texten Viktor Leon, richtig Hirschfeld, füx ein vor
167 2607 1349 2679 langer Zeit gegebenes Stück „Gebildete Menschen“ und
177 2657 1347 2722 schließlich Artur Schnitzler für die „Lebendigen Stunden“
1777 2623 2905 2748 * Die Verleihung des Bauernfeld=Preises
177 2675 1351 2766 Unter diesen Umständen muß im Ausland die irrige An¬
1610 2682 2899 2810 fan Arthur Schnitzler hat gestern ein Nachspiel im Parla¬
172 2731 1355 2808 schanung entstehen, daß einerseits die deutsche Literatur
1630 2739 2903 2862 ment gehabt. Abgeordneter Pattai erblickt nämlich in dieser
168 2780 1351 2861 in Oesterrreich fast nur von Juden geschrieben
1641 2781 2899 2909 Preiszuerkennung eine Bevorzugung der jüdischer
169 2829 1254 2908 wird, anderseits ihre Qualität eine äußerst niedrige ist.
1640 2836 2917 2956 [Literatur durch das Curatorium der Bauernfeld=Stiftung
252 2863 1376 2941 Diese unleugbare Bevorzugung jüdischer Literaten durch
1631 2886 2904 3006 und stellte daher an den Unterrichtsminister Dr. v. Hartei
168 2922 1379 2984 das Kuratorium der Bauernfeld=Stiftung bedeutet aber auch
1638 2941 2919 3075 die Aufrage, wie dieser als Mitglied des Curatoriums die Preis¬
175 2967 1369 3030 eine Zurücksetzung und die Mitarbeit an der Unter¬
183 3003 1365 3074 drückung der nicht jüdischen Schriftsteller
1635 3016 2131 3122 zuerkennung rechtfertige.
177 3045 1358 3118 Oesterreichs, die, durch den Boykott der einflußreichen
183 3093 1359 3167 jüdischen Presse und die Kartelle der jüdischen Gewerbs¬
172 3129 1364 3211 literaten schon an sich in bedrängter, mitunter trotz ihrer
184 3181 1366 3253 Begabung fast aussichtsloser Lage, gerade auf die ethische
178 3209 1366 3299 und materielle Förderung durch ähnliche Einrichtungen, wie
2084 3257 2597 3340 Bezugs-Bedingungen:
188 3264 1364 3338 es die Bauernfeld=Stiftung ist, als einzige Hoffnung hin¬
174 3306 1383 3396 blicken und die schwere Enttäuschung erleben
1611 3294 2776 3416 Für 50 Zeitungsansschnitte (Artikel oder Notizen) Kr. 15.-
2673 3315 3031 3413 28.— inelusive
2832 3373 3002 3420 Porto.
175 3365 1375 3443 müssen, mit Abfällen abgespeist oder übergangen zu werden.
2679 3393 2796 3446 50.—
2601 3380 2665 3458 3
2478 3378 2546 3462 2
2672 3392 3028 3485 110.— Zahlber
1716 3426 1839 3487 200
257 3406 1366 3474 Die Verleihung ist endlich gegen die Absichten der
2473 3449 2549 3507 „
2351 3453 2402 3502 „
1713 3462 1840 3508 500
2664 3436 3071 3525 200. —) im Vorans.
190 3439 1373 3524 Bauernfeld=Stiftung gerichtet, in deren Sinn es gewiß nicht
1694 3496 1847 3566 1000
917 3500 1368 3558 es semitischen
176 3505 890 3575 liegt, die Ausbreitung
1745 3500 3066 3596 Im Gegensatze zu anderen Bureaux für Zeitungsausschnitte ist da¬
185 3539 1373 3610 [Geistes in der Literatur zu fördern, welche das sittliche
2681 3547 3069 3618 auch steht es den.
2644 3567 2697 3600 —
1614 3568 2661 3644 Abonnement durch keine bestimmte Zeitdauer begrenzt;
187 3576 1372 3659 und ästhetische Gefühl der Stammbevölkerung Oesterreichs
1616 3590 2948 3694 Abonnenten frei die aufgegebenen Themen zu ergänzen oder zu ändern.
180 3628 1363 3700 oft genug, so auch in den Werken der prämiierten Hirschfeld,
185 3670 1373 3744 Schnitzler und Dörmann gröblich verletzt, die Vertreter
1747 3658 3086 3752 Der „OBSERVER“ veranstaltet täglich einen Auszug enthaltend die
183 3708 1374 3782 dieser fremden Richtung in unserem Schrifttume aber auf
1622 3718 3067 3813 Inhaltsangabe aller wichtigen Mittheilungen der Wiener Morgen¬
1627 3753 3046 3844 blätter (Tagesjournale ausser „Neue Freie Presse“ und „Wiener Zeitung")
185 3762 1382 3836 Kosten der autochthonen Dichter und Schriftsteller zu stützen
1641 3794 3077 3880 wodurch eine Uebersicht über das gesammte politische und wirthschaftliche
186 3816 766 3901 und im Einflusse zu steigern.
1639 3830 3077 3928 Leben des In- und Auslandes in drastischer Kürze geboten wird. Diese Mit¬
273 3846 1383 3920 In Erwägung dieser Tatsachen richten die unterzeichneten
1625 3884 2667 3959 theilungen werden in Wien um 9 Uhr Früh verschickt.
187 3897 1115 3969 Abgeordneten an Seine Exzellenz die Anfrage:
267 3923 1371 3999 Wie gedenkt der Herr Minister als Mitglied des Kura¬
1959 3950 2753 4063 Pnospecre gratis und fnanco.
190 3975 1381 4057 toriums der Bauernfeld=Stiftung die abermalige Bevorzugung
186 4023 1380 4101 eines jüdischen Literaten, wie sie durch die Zuerkennung des
194 4064 1382 4136 Bauernfeld=Preises an A. Schnitzler gegeben ist, angesichts
190 4104 1382 4177 der bereits vorangegangenen und verhältnismäßig großen
202 4156 1390 4229 Zahl von Prämiierungen jüdischer Literaten aus dieser
