3392 4384
685 1231 1141 1311 relephon 12801.
304 1319 1505 1384 Alex. Welgl’s Unternehmen für Zeitungs-Ausschnitte
539 1377 1455 1526 „OBSERYER“
1305 1436 1523 1533 Nr. 8
180 1498 1517 1596 Tater# behördl conc. Bureau für Zeitungsberichte u. Personalnachr“.
444 1582 1380 1656 Wien, I., Concondiaplatz 4.
192 1641 1516 1721 Vertretungen in Berlin, Budapest, Chicago, Genf, London, Newyork, Paris,
556 1697 1265 1749 Stockholm, Kristiania, St. Petersburg.
711 1760 1507 1874 Galdenische Rundschan, Wien
190 1809 713 1892 Ausschnitt aus:
194 1957 758 2055 vom:
378 2203 1314 2263 Das Kuratorium der Bauern eldstiftung
234 2225 1307 2301 hielt vorgestern eine Sitzung ab, in welcher ein Ehrenpreis
244 2291 1317 2333 von 2000 Kronen Arthur Schnitzler für seinen Ein¬
238 2330 1309 2386 lakterzyklus „Lebendige Stunden“ zuerkannt wurde. An
241 2358 1310 2420 der Sitzung, in welcher der Unterrichtsminister Doktor
246 2410 1302 2463 v. Hartel den Vorsitz führte, nahmen alle Mitglieder
236 2455 1302 2515 des Kuratoriums, mit Ausnahme des auf einer Urlaubs¬
239 2483 1206 2563 reise befindlichen Hofschauspielers Lewinsky, teil.
649 2715 1143 2786 Bezugs-Bedingungen:
1242 2751 1282 2824 1
174 2767 276 2835 Für
289 2767 1238 2844 50 Zeitungrausschnitte (Artikel oder Notizen) Kr.
1245 2756 1565 2882 28.— inelusiv
283 2817 378 2872 100
204 2832 254 2872 *
1403 2837 1543 2881 Porto.
1251 2856 1360 2903 50.—
279 2859 377 2903 200
204 2885 251 2912 *
1220 2863 1545 2940 110.— ( Zahlbar
272 2896 389 2945 500
201 2908 252 2950 *
1221 2912 1550 2981 200.— imn Vorat
194 2934 396 2989 " 1000
304 2988 1524 3041 Im Gegensatze zu anderen Bureaux für Zeitungsausschnitte ist
178 3023 1544 3066 Abonnement durch keine bestimmte Zeitdauer begrenzt; — auch steht es d
171 3067 1493 3118 Abonnenten frei die aufgegebenen Themen zu ergänzen oder zu ändern.
289 3129 1553 3194 Der „OBSERVER“ veranstaltet täglich einen Auszug enthaltend
179 3181 1552 3235 Inhaltsangabe aller wichtigen Mittheilungen der Wiener Morgel
174 3232 1548 3273 blätter (Tagesjournale ausser „Neue Freie Presse“ und „Wiener Zeitung
180 3259 1562 3314 wodurch eine Uebersicht über das gesammte politische und wirthschaftlicl
179 3302 1553 3355 Leben des In- und Auslandes in drastischer Kürze geboren wird. Diese M
197 3338 1202 3402 tbeilungen werden in Wien um 9 Uhr Früh verschickt.
501 3437 1285 3506 Prospecte gratis und franco.
1925 215 2833 307 Wien, I., Concondiaplatz 4.
1654 285 3078 361 Vertretungen in Berlin, Budapest, Chicago. Genf, London, Newyork, Paris, Rom,
2009 338 2708 392 Stockholm, Kristiania, St. Petersburg.
2178 402 2916 507 Fremdenblatt, Wien
1639 445 2148 532 Ausschnitt aug:
1639 586 1846 662 vom:
1867 609 1924 677 9
1959 601 2035 698 7
1627 801 2927 890 Die Verleihung des Bauernfeld=Preises an —
1986 876 2519 954 Arthur Schnitzler.
1656 919 2956 977 In der gestrigen Sitzung des Abgeordnetenhauses stellten die Ab¬
1559 979 2944 1063 geordneten Dr. Pattai und Genossen folgende Anfrage an den Minister
1550 1035 2947 1100 für Kultus und Unterricht Dr. Ritter v. Hartel: „Das Kuratorium der
1556 1079 2945 1140 Bauernfeld=Stiftung hat in seiner Sitzung vom 16. März 1903,
1551 1129 2962 1195 welcher die Mitglieder Minister für Kultus und Unterricht Dr. Ritter
1552 1177 2959 1231 v. Hartel, Dr. Alfred Freiherr v. Berger, Professor der deutschen
1550 1207 2954 1258 Literaturgeschicht an der Wiener Universität Dr. Jakob Minor und Dr. Edmund
1548 1270 2955 1328 Weißl beiwohnten, einstimmig beschlossen, aus den Erträgnissen der Bauernfeld¬
1560 1306 2949 1392 Stiftung einen Preis von 2000 Kronen dem Literaten Arthur Schnitzler
1553 1357 2943 1425 für seinen Einaktercyklus „Lebendige Stunden“ zu verleihen. In
1562 1402 3029 1486 dieser Verleihung erblicken die unterzeichneten Abgeordneten eine Ver¬ ve
1561 1451 2958 1524 letzung der Rechte der nichtjüdischen Schriftstellerwelt
1557 1496 2942 1549 unserer Heimat und einen Verstoß gegen den Sinn und Zweck
1541 1545 3042 1635 der Stiftung und die unbegründete Auszeichnung eines aus.
1558 1593 2750 1662 nicht preiswürdigen Werkes, und zwar aus folgenden Gründen:
2945 1594 3055 1666 das
1664 1625 3061 1717 Das preisgekrönte Werk, die vier Einakter „Lebendige Stunden“ hat den
1548 1686 2948 1734 weder bei seiner Aufführung in Berlin, noch bei der durch das Ensemble
1556 1734 2949 1807 des Berliner Deutschen Theaters im Wiener Carl=Theater, noch auch bei
2950 1753 3054 1831 die
1561 1774 2947 1851 der kürzlich im Wiener Deutschen Volkstheater erfolgten, eine tiefere
2942 1823 3044 1868 an¬
1559 1822 3050 1896 Wirkung geübt, oder auch nur oberflächlich den Eindruck eines Dichter= g*)
1560 1873 3050 1938 werkes gemacht. Die ausdrückliche Rangerhöhung desselben che
1552 1915 3054 1980 vurch eine Brämiirung in Wien muß daher im Auslonde die falsche Va### lit¬
1549 1983 2958 2080 stellung erwecken, als hätte das österreichische Schrifthum thatsächlich keine
1554 2062 2727 2120 besseren Produkte aufzuweisen, als derlei Minderwerthigkeiten.
1665 2103 2964 2169 Die Meinung des Auslandes über die heimische Literatur
1565 2147 2981 2208 wurde aber durch das Vorgehen des Bauernfeld=Kuratoriums auch noch
1555 2203 2964 2260 in weiterer Hinsicht konsequent irregeführt, da die Preise der Stiftung
1561 2241 2966 2303 innerhalb ganz kurzer Zeit einer unverhältnißmäßig großen
1554 2284 2954 2350 Zahl von jüdischen Literaten zugewiesen wurden, und
1553 2337 2957 2394 zwar solchen von untergeordneter Bedeutung. Es sind dies Dr. Leo
1556 2388 2948 2443 Hirschfeld, prämiirt für die Komödie „Die Lumpen“, der Erotiker
1564 2435 2960 2491 Felix Dörmann (richtig Biedermann) für ein gänzlich verschollenes
1563 2477 2958 2547 Drama „Der Herr von Abadessa“ der Literarhistoriker Dr. Emil
1553 2526 2960 2580 Horner für eine Bauernfeld=Biographie, der Librettist von Operetten¬
1561 2581 2957 2631 texten Viktor Leon (richtig Hirschfeld) für ein vor langer Zeit gegebenes
1564 2612 2961 2696 Stück „Gebildete Mensche“ und schließlich Arthur Schnitzler für die
1561 2672 2018 2744 „Lebendigen Stunden“.
1671 2696 2952 2771 Unter diesen Umständen nuß im Auslande die irrige Anschauung ent¬
1569 2744 2958 2820 ftehen, daß einerseits die deutsche Literatur in Oesterreich
1572 2806 2964 2866 fast nur von Juden geschrieben wird, anderseits ihre
1560 2850 2959 2918 Qualität eine äußerst niedrige ist. Diese unleugbare Bevor¬
1571 2892 2960 2961 zugung jüdischer Literaten durch das Kuratorium der Bauern¬
1564 2958 2960 3012 feld=Stiftung bedeutet aber auch eine Zurücksetzung und Mitarbeit an
1570 3001 2964 3051 der Unterdrückung der nichtjüdischen Schriftsteller Oesterreichs, die durch
1556 3040 2972 3103 den Boykot der einflußreichen jüdischen Presse und die
1558 3076 2960 3140 Kartelle der jüdischen Gewerbsliteraten schon an sich in
1565 3141 2970 3191 bedrängter, mitunter trotz ihrer Begabung fast aussichtsloser Lage,
1571 3177 2969 3248 gerade auf die ethische und materielle Förderung durch ähnliche Einrich¬
1569 3217 2965 3287 tungen wie die der Bauernfeld=Stiftung ist, als einzige Hoffnung hinblicken
1580 3265 2970 3339 und die schwere Enttäuschung erleben müssen, mit Abfällen abgespeist oder
1569 3331 2018 3405 übergangen zu werden.
1679 3358 2972 3434 Die Verleihung ist endlich gegen die Absicht der
1572 3418 2968 3474 Bauernfeld=Stiftung gerichtet, in deren Sinn es gewiß nicht
1571 3469 2963 3520 liegt, die Ausbreitung des semitischen Geistes in der Literatur zu fördern,
1569 3512 2976 3577 welche das sittliche und ästhetische Gefühl der Stammesbevölkerung
1574 3547 2976 3619 Oesterreichs oft genug, so auch in den Werken der prämüirten Hirschfeld,
1568 3591 2977 3662 Schnitzler und Dörmann gröblich verletzt, die Vertreter dieser fremden
1565 3641 2982 3716 Richtung in unserem Schriftthum aber auf Kosten der autochthonen Dichter
1565 3705 2618 3761 und Schriftsteller zu stützen und im Einfluß zu steigern.
1683 3735 2977 3801 In Erwägung dieser Thatsachen richten die Unterzeichneten an
1576 3802 2978 3852 Se. Excellenz die Anfrage: Wie gedenkt der Herr Minister als Mitglied des
1565 3845 2970 3901 Kuratoriums der Bauernfeld=Stiftung die abermalige Bevor¬
1577 3879 2990 3957 zugung eines jüdischen Literaten, wie sie durch die Zu¬
1583 3931 2979 3997 erkennung des Bauernfeld=Preises an A. Schnitzler gegeben ist, angesichts
1580 3956 2984 4048 der bereits vorangegangenen unverhältnißmäßig großen Zahl von Prämiirungen
1581 4020 2987 4099 jüdischer Literaten aus dieser Stiftung, angesichts der zahlreichen wirklich
1579 4061 2977 4137 Förderungbedürftigen und vermöge ihres Talentes auch nürdigen nicht¬
1584 4111 2988 4190 jüdischen Schriftsteller und angesichts der Verantwortung welche die
1576 4161 2985 4224 Einhaltung der Zwecke der Bauernfeld=Stiftung dem Kuratoriv auferlegt,
