3344 4384
2041 155 2182 248 —
1211 261 1662 350 box 40/1
182 272 399 377 Bau
295 284 1073 380 nernfeld-Preis
2894 1544 3157 1637 S
2891 1573 3298 1667 Schl. Zig.“ aus Mark
1541 1578 2846 1685 Wn rge dre Abreise am 29. Der
2841 1610 3005 1711 S
3005 1643 3297 1717 —
491 1632 819 1713 #ese###
1725 1654 2878 1730 ——
1347 1675 1692 1740 —.
794 1661 891 1756 —
2842 1701 3297 1783 jugendliche Teil des
1670 1709 2851 1794 greisenhafte Kultur. Möge seine Stuttgarter Statue, von
480 1737 1679 1812 meisten auf zwei wichtigen Gebieten des öffentlichen
2846 1750 3305 1823 eine doppelt jugen
1676 1766 2847 1833 Thorwaldsen geschaffen, mit ihrem Totenrichterernst für
476 1783 1678 1852 Lebens: in Presse und Theater. Die öffentliche Meinung
2843 1802 3298 1866 äußert dies Gefühl
1674 1815 2855 1894 seinen eventneilen Nachfolger vorbildlich sein; aus ihrem
491 1832 1689 1906 und die Göttin der Gerechtigkeit sind beide blind; leider
2846 1852 3294 1917 fast die gesamte jetzig
1674 1846 2851 1924 ehernen Munde wird dem plebejischen Juden von heute
485 1881 1683 1950 entbehrt jene der Wage; vorzüglich den Inden gegen¬
2856 1889 3291 1966 ist und fast die gesa
1684 1918 2157 2008 sein Urteil gesprochen:
490 1924 1682 2002 über. Welche schädliche Kraft diese von jüdischer und
2846 1938 3293 2011 Juden bismarckfeindl
1981 1941 2505 2030 Groß' Macht und viel List
492 1972 1683 2062 professoraler — heute würden wir sagen „intellektueller“
2855 1996 3289 2060 Exempel; die eine
1991 2008 2532 2073 Sein grausam' Rüstung ist..
570 2029 1693 2085 Seite betriebenen Einflüsse auf unsere Kultur besitzen,
2855 2037 3292 2116 haben sich damit geg
2017 2045 2599 2122 Ein Wörtlein kann ihn fällen.
492 2068 1698 2150 wird anschaulich, geschildert, desgleichen mit Energie ihre
2858 2086 3271 2154 entschieden. Faéta
1688 2077 2856 2171 Gegen Christus wie gegen Schiller hegt bezeichnender¬
493 2126 1688 2195 rücksichtlose Bekämpfung gefordert. Der Pharisäer bildet
2854 2130 3302 2214 deutsche Jugend, in
1678 2148 2866 2228 weise jeder echte Jude eine angeborne Antipathie; im
493 2163 1681 2235 den Uebergang vom Juden zum Professor; denn alle
2863 2186 3304 2261 für die idealen Int
1690 2193 2861 2265 günstigsten Fall verachtet er sie; im minder günstigen
500 2212 1698 2286 drei sind antichristlich; und alle drei sind antideutsch.
2855 2233 3283 2298 schon einmal hat
1689 2247 2867 2329 Fall haßt er sie; und beides mit gutem Grund; denn
491 2265 1682 2335 Und anderswo steht es ähnlich. Soweit die sogenannten
2849 2269 3291 2342 Innenlebens bekämpf
1688 2287 2855 2367 ihr innerstes Wesen ist dem seinigen entgegengesetzt.
496 2317 1688 2381 Jüngstdeutschen oder Modernen das jetzige deutsche
2861 2332 3297 2402 Hochentwicklung vorb
1688 2345 2357 2422 Schiller muß also auferstehen!
498 2362 1693 2436 Geistesleben beeinflussen, gilt von ihm der Goethesche
2856 2367 3302 2451 heutigen Deutschland
1779 2368 2870 2457 Die im Kern immer noch gesunde Natur unseres
2857 2425 3302 2495 erfordert; und man
495 2430 730 2505 Spruch:
1682 2435 2877 2514 Volkes läßt hoffen, daß aus seinem Schoße noch einmal
706 2434 1505 2529 Juden und H...., die werden's fressen.
2864 2474 3309 2546 daß dies bald gesche
1690 2482 2867 2557 solche gute Früchte erwachsen. Wie der jugendliche
496 2487 1681 2580 Das deutsche Theater selbst, welches sich jetzt über¬
2857 2526 3301 2590 innert werden, daß
1689 2525 2867 2606 Schwabe dichter, als Wortführer der reingesinnten
505 2556 1689 2631 wiegend in den Händen der Juden befindet, ist dadurch
2859 2572 3304 2635 welche frommen Sin
1702 2577 2867 2654 deutschen Jugend, der damaligen Mätressenwirtschaft ab¬
501 2612 1695 2668 unfruchtbar tripial und teilweise unzüchtig geworden;
1694 2611 3302 2710 sagte, so hat die jetzige ehrlichgesinnte deutsche Jugend, überhaupt nicht anfn
511 2658 1693 2729 seine Reinigung wie Neubelebung gäbe mehr als einem
2861 2666 3313 2736 korps und der Jest
1691 2674 2876 2750 fast vollzählig, der Judenwirtschaft abgesagt. Und auch
509 2705 1704 2769 Lessing zu tun. Hier tun scharfe Mittel not! Im vorigen
2863 2709 3305 2795 gerade dies dreifach
1692 2717 2874 2793 dieser Gegensatz ist innerlich tief begründet. Die Juden
515 2737 1700 2829 Jahrhundert gingen Minister und Mätressen Hand in
2856 2760 3298 2834 Jugend, die Kirche,
1697 2776 2875 2859 sind ein viel älteres Volk als die Deutschen; jene stellen
514 2795 1702 2898 Hand, zum Schaden des deutschen Volkes; in diesem
2865 2809 3314 2875 und sind darum an
1750 2828 2879 2892 - in ihrer Gesamtheit und nach ihrer heutigen Be¬
503 2835 1699 2914 Jahrhundert gehen Professoren und Juden Hand in Hand,
2870 2860 3288 2929 brecher gegen das
1693 2863 2875 2950 schaffenheit betrachtet — denjenigen Entwicklungszustand
508 2878 1700 2983 zum Schaden des deutschen Volkes. Was einst Wöllner
2869 2901 3310 2981 den Jesuitenorden de
1693 2927 2874 2994 des einzelnen Menschen dar, welchen man als „alt, klug
513 2941 1700 3031 und die Gräfin Lichtenau, das sind jetzt Dubois=Reymond
2863 2950 3309 3032 eine gute Organisat
1698 2969 2875 3043 und schlecht" bezeichnet. Solchem Rassecharakter entspricht
517 2993 1702 3080 und Paul Lindau; beide Paare wirkten als fäulnis¬
2871 2989 3317 3078 seinen Satzungen de
1709 3013 2869 3097 durchaus ihr Einzelcharakter; jüdische Kinder gibt es
510 3036 1705 3115 erregende Keime; wie das eine auf politischem
2870 3052 3312 3133 rationenmischung von
1705 3057 2886 3140 nicht; jeder heutige Inde wird als alter Mann geboren.
515 3085 1703 3173 so das andere auf geistigem Gebiet. Wann wird
2875 3101 3311 3174 aufnehmen; es wür
1704 3114 2882 3188 Er ist sittlich, wie sein Ahnherr Isaak körperlich, ein
514 3135 1699 3224 wohl der deutsche Dichter erscheinen, der diese in einem
2866 3138 3298 3221 ähnlichen Grundsatz
1700 3153 2888 3228 Altersprodukt. Altern aber heißt: zersetzt werden; der
510 3186 1694 3255 Drama kennzeichnet, wie Lessing in „Emilia Galotti“
2877 3186 3286 3262 anzuwenden. Der
1711 3196 2889 3292 Jude war körperlich von jeher und ist geistig jetzt mehr
520 3229 1708 3313 und Schiller in „Luise Millerin“ jene gekennzeichnet
2872 3240 3307 3313 Eidesleistung des je
1706 3251 2877 3340 als je ein Zersetzungsprodukt; er wirkt darum, natur¬
518 3280 1712 3363 haben? Freilich müßte es ein Dichter sein, gegen den
2883 3284 3314 3366 Die jetzige deutsche
1714 3311 2891 3389 wissenschaftlich ganz richtig, stets wieder zersetzend. Der
522 3326 1714 3418 Ibsen noch zahm erschiene; derselbe würde durch ein
2883 3336 3311 3414 Lösung der Frage.
1716 3354 2890 3430 moderne Jude hat keine Religion, keinen Charakter, keine
525 3377 1716 3469 Meer von Gift und Kot zu waten haben, um seinen
2869 3390 3315 3459 deutschen Studenten
1708 3385 2876 3485 Heimat, keine Kinder. Er ist ein Stück Menschheit, das
510 3442 1708 3497 Zweck zu erreichen; aber vielleicht würde er der heilige
2877 3433 3318 3510 Wollen des deutsche
1708 3453 2879 3527 sauer geworden ist; wie die Hölle ein Stück Himmel ist,
516 3479 1726 3555 Christophorus sein, der den Erlöser auf seinen Schultern
1283 3486 3309 3588 Kindertum wieder= das sauer geworden ist; und der arische Kinderaeist und durchweg gesun
513 3534 1212 3614 trägt; der den Deutschen das
523 3587 3311 3675 bringt. Auch in Schiller protestierte letzteres gegen eine reagiert gegen beide. Die Jugend gegen die Juden! Der windgeschützten Wink
2598 3616 2668 3687 RR
