<?xml version="1.0" encoding="UTF-8" standalone="yes"?>
<PcGts xmlns="http://schema.primaresearch.org/PAGE/gts/pagecontent/2013-07-15" xmlns:xsi="http://www.w3.org/2001/XMLSchema-instance" xsi:schemaLocation="http://schema.primaresearch.org/PAGE/gts/pagecontent/2013-07-15 http://schema.primaresearch.org/PAGE/gts/pagecontent/2013-07-15/pagecontent.xsd">
    <Metadata>
        <Creator>prov=University of Rostock/Institute of Mathematics/CITlab/Gundram Leifert/gundram.leifert@uni-rostock.de:name=ONB_Newseye_GT_M1+(htr_id=10810)::::v=2.4.2
prov=University of Rostock/Institute of Mathematics/CITlab/Tobias Gruening/tobias.gruening@uni-rostock.de:name=de.uros.citlab.module.baseline2polygon.B2PSeamMultiOriented:v=2.4.2
prov=University of Rostock/Institute of Mathematics/CITlab/Tobias Gruening/tobias.gruening@uni-rostock.de:name=/mnt/transkribus/LA/DEA/URO/LA_news_onb_att.pb:de.uros.citlab.segmentation.CITlab_LA_ML:v=2.4.2
Transkribus</Creator>
        <Created>2019-10-07T20:31:13.223+02:00</Created>
        <LastChange>2019-10-09T06:01:26.437+02:00</LastChange>
        <TranskribusMetadata docId="224440" pageId="9574019" pageNr="4" tsid="16624170" status="IN_PROGRESS" userId="40391" imgUrl="https://files.transkribus.eu/Get?id=TYJEHOSFTVWRGZBLVEWMWQFS&amp;fileType=view" xmlUrl="https://files.transkribus.eu/Get?id=NMQZGZADNPHORDTECLBDALOU" imageId="6206477"/>
    </Metadata>
    <Page imageFilename="224440_0004.jpeg" imageWidth="3392" imageHeight="4352">
        <ReadingOrder>
            <OrderedGroup id="ro_1711442542353" caption="Regions reading order">
                <RegionRefIndexed index="0" regionRef="r1"/>
                <RegionRefIndexed index="1" regionRef="r2"/>
            </OrderedGroup>
        </ReadingOrder>
        <TextRegion orientation="0.0" id="r1" custom="readingOrder {index:0;}">
            <Coords points="99,186 99,4209 1377,4209 1377,186"/>
            <TextLine id="r1l1" custom="readingOrder {index:0;}">
                <Coords points="92,226 1384,222 1383,181 1240,162 92,186"/>
                <Baseline points="101,220 164,219 228,219 292,219 355,218 419,217 483,216 546,215 610,214 674,213 738,212 801,210 865,209 929,209 992,208 1056,207 1120,207 1183,207 1247,207 1311,207 1375,208"/>
                <TextEquiv>
                    <Unicode>steller arischer Rasse werden entweder konsequent übergangen hd die</Unicode>
                </TextEquiv>
            </TextLine>
            <TextLine id="r1l2" custom="readingOrder {index:1;}">
                <Coords points="91,281 991,283 1362,256 1376,217 90,224"/>
                <Baseline points="100,275 163,273 226,272 290,271 353,271 416,270 480,270 543,269 606,269 670,269 733,268 796,267 860,267 923,265 986,264 1050,262 1113,260 1176,257 1240,254 1303,250 1367,245"/>
                <TextEquiv>
                    <Unicode>der sie erhalten die Abfälle. Der Bauernfeld=Preis wurde gen¬</Unicode>
                </TextEquiv>
            </TextLine>
            <TextLine id="r1l3" custom="readingOrder {index:2;}">
                <Coords points="1247,288 1291,288 1303,298 1327,292 1343,300 1352,296 1367,308 1378,308 1380,253 1361,256 1345,251 1321,259 1287,256 1271,261 1248,258"/>
                <Baseline points="1255,284 1283,283 1312,284 1340,286 1369,288"/>
                <TextEquiv>
                    <Unicode>tung*)</Unicode>
                </TextEquiv>
            </TextLine>
            <TextLine id="r1l4" custom="readingOrder {index:3;}">
                <Coords points="92,330 1376,327 1101,261 92,280"/>
                <Baseline points="101,323 164,324 227,325 291,325 354,325 417,325 481,324 544,323 607,322 671,320 734,319 797,318 861,317 924,316 987,315 1051,315 1114,315 1177,316 1241,318 1304,320 1368,323"/>
                <TextEquiv>
                    <Unicode>einerzeit Herrn Leo Hirschfeld zum Erstaunen Aller für jftliehe</Unicode>
                </TextEquiv>
            </TextLine>
            <TextLine id="r1l5" custom="readingOrder {index:4;}">
                <Coords points="90,385 1385,362 1195,318 90,326"/>
                <Baseline points="99,378 162,378 226,377 290,377 354,376 418,375 482,375 546,374 610,373 674,372 738,372 801,371 865,370 929,369 993,369 1057,368 1121,367 1185,366 1249,365 1313,364 1377,363"/>
                <TextEquiv>
                    <Unicode>in wertloses im Kaffeehaus aufgelesenes Geschreibsel, die ie Mit¬</Unicode>
                </TextEquiv>
            </TextLine>
            <TextLine id="r1l6" custom="readingOrder {index:5;}">
                <Coords points="94,441 1112,439 1238,416 1238,378 777,377 715,407 344,380 266,413 93,386"/>
                <Baseline points="102,434 158,433 214,431 271,430 327,429 383,427 440,426 496,425 552,424 609,423 665,422 721,421 778,420 834,420 890,419 947,418 1003,417 1059,416 1116,415 1172,414 1229,413"/>
                <TextEquiv>
                    <Unicode>Komödie „Die Lumpen“ als „Ermunterung“ zuerkannt.</Unicode>
                </TextEquiv>
            </TextLine>
            <TextLine id="r1l7" custom="readingOrder {index:6;}">
                <Coords points="99,506 1242,461 1207,426 98,442"/>
                <Baseline points="107,483 163,482 219,482 275,481 332,480 388,479 444,478 501,477 557,477 613,476 670,475 726,474 782,473 838,473 895,471 951,471 1007,470 1064,469 1120,467 1176,466 1233,465"/>
                <TextEquiv>
                    <Unicode>Jeder Einsichtige wußte damals, daß es hier nichts zu er¬</Unicode>
                </TextEquiv>
            </TextLine>
            <TextLine id="r1l8" custom="readingOrder {index:7;}">
                <Coords points="92,550 1206,535 1254,512 1253,457 1159,493 91,506"/>
                <Baseline points="100,540 157,538 214,537 271,536 329,535 386,534 443,533 500,533 558,531 615,531 672,530 729,529 787,528 844,527 901,526 958,525 1016,524 1073,522 1130,521 1187,520 1245,518"/>
                <TextEquiv>
                    <Unicode>huntern gibt. Und tatsächlich ist vier ganze Jahre später die</Unicode>
                </TextEquiv>
            </TextLine>
            <TextLine id="r1l9" custom="readingOrder {index:8;}">
                <Coords points="95,606 1249,596 1248,541 1205,534 94,551"/>
                <Baseline points="103,593 159,590 216,589 273,587 330,585 387,584 444,583 500,583 557,582 614,581 671,581 728,580 785,580 842,579 898,578 955,578 1012,577 1069,576 1126,575 1183,573 1240,572"/>
                <TextEquiv>
                    <Unicode>Frucht dieser „Ermunierung“ danach ausgefallen, der jämmer¬</Unicode>
                </TextEquiv>
            </TextLine>
            <TextLine id="r1l10" custom="readingOrder {index:9;}">
                <Coords points="99,661 1260,650 1259,602 1169,579 98,606"/>
                <Baseline points="108,648 165,646 222,644 279,643 336,641 393,640 450,639 507,638 564,638 621,637 679,636 736,635 793,634 850,633 907,632 964,630 1021,629 1078,628 1135,626 1192,624 1250,621"/>
                <TextEquiv>
                    <Unicode>iche Einakter „Der Arzt“, der kürzlich im Deutschen Volks¬</Unicode>
                </TextEquiv>
            </TextLine>
            <TextLine id="r1l11" custom="readingOrder {index:10;}">
                <Coords points="100,714 1270,709 1269,639 99,661"/>
                <Baseline points="109,698 166,698 224,697 281,696 339,696 397,694 454,693 512,692 569,691 627,689 685,687 742,686 800,685 857,683 915,682 973,681 1030,680 1088,679 1145,679 1203,679 1261,679"/>
                <TextEquiv>
                    <Unicode>heater beinahe ausgelacht wurde. Aber der Bauernfeld=Preis</Unicode>
                </TextEquiv>
            </TextLine>
            <TextLine id="r1l12" custom="readingOrder {index:11;}">
                <Coords points="98,770 1248,751 1247,689 1213,684 97,707"/>
                <Baseline points="106,748 162,748 219,749 275,749 332,749 389,749 445,748 502,747 559,746 615,745 672,743 729,742 785,740 842,739 899,737 955,735 1012,733 1069,732 1125,731 1182,729 1239,728"/>
                <TextEquiv>
                    <Unicode>blieb in der Familie Hirschfeld; im Vorjahre erhielt</Unicode>
                </TextEquiv>
            </TextLine>
            <TextLine id="r1l13" custom="readingOrder {index:12;}">
                <Coords points="184,806 1262,796 1261,748 1110,733 184,770"/>
                <Baseline points="193,803 248,802 304,802 360,801 415,800 471,799 527,798 583,797 638,796 694,795 750,794 806,792 861,791 917,790 973,788 1029,787 1084,786 1140,785 1196,783 1252,782"/>
                <TextEquiv>
                    <Unicode>Leo Hirschfelds Bruder Viktor Leon, der</Unicode>
                </TextEquiv>
            </TextLine>
            <TextLine id="r1l14" custom="readingOrder {index:13;}">
                <Coords points="95,822 111,817 124,827 128,825 135,828 143,820 158,822 174,804 185,802 182,770 170,771 156,761 146,771 140,766 135,767 125,758 117,763 115,761 107,771 91,770"/>
                <Baseline points="104,812 140,807 176,806"/>
                <TextEquiv>
                    <Unicode>hn</Unicode>
                </TextEquiv>
            </TextLine>
            <TextLine id="r1l15" custom="readingOrder {index:14;}">
                <Coords points="174,856 1259,866 1258,809 1147,790 174,822"/>
                <Baseline points="183,857 236,857 289,857 342,856 396,856 449,855 502,853 556,852 609,851 662,849 716,848 769,846 822,845 875,844 929,843 982,842 1035,841 1089,840 1142,840 1195,840 1249,840"/>
                <TextEquiv>
                    <Unicode>Librettofabrikant für die „Gebildeten Menschen“,</Unicode>
                </TextEquiv>
            </TextLine>
            <TextLine id="r1l16" custom="readingOrder {index:15;}">
                <Coords points="106,880 115,879 118,874 129,877 141,869 156,873 162,866 170,869 180,867 173,816 164,817 159,822 143,820 137,827 129,824 126,826 110,816 107,820 98,821"/>
                <Baseline points="114,868 142,863 170,860"/>
                <TextEquiv>
                    <Unicode>fire</Unicode>
                </TextEquiv>
            </TextLine>
            <TextLine id="r1l17" custom="readingOrder {index:16;}">
                <Coords points="96,927 1260,917 1259,858 95,889"/>
                <Baseline points="105,918 162,916 219,914 276,913 334,911 391,910 448,909 506,908 563,907 620,906 678,905 735,904 792,902 849,902 907,900 964,899 1021,897 1079,896 1136,894 1193,891 1251,889"/>
                <TextEquiv>
                    <Unicode>ein Stück, das sieben Jahre früher gegeben worden</Unicode>
                </TextEquiv>
            </TextLine>
            <TextLine id="r1l18" custom="readingOrder {index:17;}">
                <Coords points="102,993 1274,957 1261,871 1216,908 998,921 101,927"/>
                <Baseline points="111,971 168,970 226,969 283,968 341,967 399,966 456,965 514,964 572,963 629,962 687,961 745,960 802,959 860,958 918,957 975,955 1033,953 1091,952 1148,950 1206,948 1264,946"/>
                <TextEquiv>
                    <Unicode>var. Man scheint eben Familienrücksichten zu haben. Ein</Unicode>
                </TextEquiv>
            </TextLine>
            <TextLine id="r1l19" custom="readingOrder {index:18;}">
                <Coords points="103,1043 1187,1013 1276,1004 1275,954 102,991"/>
                <Baseline points="112,1025 169,1023 227,1020 285,1019 342,1017 400,1016 458,1016 515,1015 573,1015 631,1014 689,1014 746,1013 804,1013 862,1012 919,1011 977,1010 1035,1008 1092,1006 1150,1003 1208,1000 1266,996"/>
                <TextEquiv>
                    <Unicode>weiterer Bauernfeldprämiant ist der Jude Felix Dör¬</Unicode>
                </TextEquiv>
            </TextLine>
            <TextLine id="r1l20" custom="readingOrder {index:19;}">
                <Coords points="102,1089 1278,1067 1249,998 101,1045"/>
                <Baseline points="111,1079 168,1076 226,1075 284,1073 342,1071 400,1070 458,1068 516,1067 574,1066 632,1065 690,1063 747,1062 805,1061 863,1060 921,1059 979,1057 1037,1056 1095,1054 1153,1053 1211,1051 1269,1049"/>
                <TextEquiv>
                    <Unicode>mann, richtig Biedermann, der vor längerer Zeit</Unicode>
                </TextEquiv>
            </TextLine>
            <TextLine id="r1l21" custom="readingOrder {index:20;}">
                <Coords points="106,1141 619,1143 729,1108 1260,1135 1266,1059 105,1087"/>
                <Baseline points="114,1128 171,1127 228,1125 285,1124 342,1122 399,1121 456,1120 514,1119 571,1118 628,1117 685,1116 742,1114 799,1114 856,1112 914,1111 971,1109 1028,1107 1085,1105 1142,1103 1199,1100 1257,1097"/>
                <TextEquiv>
                    <Unicode>sämtliche Damen vom Salzgries durch lüsterne Faunserotik</Unicode>
                </TextEquiv>
            </TextLine>
            <TextLine id="r1l22" custom="readingOrder {index:21;}">
                <Coords points="105,1189 1257,1184 1279,1126 103,1143"/>
                <Baseline points="113,1181 170,1181 228,1181 286,1180 344,1179 402,1178 460,1176 518,1175 576,1172 634,1171 692,1169 749,1167 807,1165 865,1163 923,1161 981,1159 1039,1158 1097,1157 1155,1155 1213,1154 1271,1154"/>
                <TextEquiv>
                    <Unicode>In Verzückung setzte und darauf dem unreinlichen Geschmacke</Unicode>
                </TextEquiv>
            </TextLine>
            <TextLine id="r1l23" custom="readingOrder {index:22;}">
                <Coords points="111,1253 1264,1198 1263,1168 1195,1159 109,1190"/>
                <Baseline points="120,1238 176,1237 233,1235 290,1233 347,1232 404,1230 460,1229 517,1227 574,1225 631,1223 688,1222 744,1220 801,1218 858,1216 915,1214 972,1212 1028,1210 1085,1209 1142,1206 1199,1204 1256,1202"/>
                <TextEquiv>
                    <Unicode>seines Stammpublikums mit einer Zubereitung des Abhubes</Unicode>
                </TextEquiv>
            </TextLine>
            <TextLine id="r1l24" custom="readingOrder {index:23;}">
                <Coords points="99,1291 1205,1273 1267,1267 1265,1196 98,1255"/>
                <Baseline points="107,1283 164,1283 222,1282 279,1281 337,1280 394,1278 452,1276 509,1274 567,1272 624,1270 682,1268 740,1266 797,1263 855,1262 912,1260 970,1258 1027,1257 1085,1256 1142,1255 1200,1255 1258,1256"/>
                <TextEquiv>
                    <Unicode>werdorbener Gesellschaft in den „Ledigen Leuten“ 2c. huldigte.</Unicode>
                </TextEquiv>
            </TextLine>
            <TextLine id="r1l25" custom="readingOrder {index:24;}">
                <Coords points="110,1350 709,1314 1285,1341 1283,1275 1169,1258 108,1298"/>
                <Baseline points="118,1334 175,1333 233,1332 291,1331 349,1329 407,1328 465,1326 522,1325 580,1323 638,1321 696,1319 754,1317 812,1316 870,1315 927,1313 985,1312 1043,1311 1101,1310 1159,1310 1217,1310 1275,1310"/>
                <TextEquiv>
                    <Unicode>Er wurde von dem Kuratorium preisgekrönt für ein Werk,</Unicode>
                </TextEquiv>
            </TextLine>
            <TextLine id="r1l26" custom="readingOrder {index:25;}">
                <Coords points="117,1411 1031,1362 1278,1394 1277,1339 1135,1308 115,1345"/>
                <Baseline points="126,1390 183,1387 240,1385 297,1383 354,1382 411,1380 468,1379 525,1378 582,1377 639,1375 697,1374 754,1373 811,1372 868,1371 925,1370 982,1369 1039,1368 1096,1366 1153,1365 1210,1363 1268,1362"/>
                <TextEquiv>
                    <Unicode>das noch nicht einmal in Druck erschienen war, den „Herrn</Unicode>
                </TextEquiv>
            </TextLine>
            <TextLine id="r1l27" custom="readingOrder {index:26;}">
                <Coords points="99,1456 1292,1416 1235,1364 98,1406"/>
                <Baseline points="107,1445 165,1442 224,1440 283,1438 342,1436 401,1435 459,1433 518,1432 577,1431 636,1430 695,1429 753,1428 812,1427 871,1426 930,1425 989,1423 1047,1422 1106,1419 1165,1417 1224,1414 1283,1411"/>
                <TextEquiv>
                    <Unicode>von Abadessa“. Diese arge Ungehörigkeit hat damals</Unicode>
                </TextEquiv>
            </TextLine>
            <TextLine id="r1l28" custom="readingOrder {index:27;}">
                <Coords points="112,1514 346,1508 402,1470 644,1503 1283,1464 1281,1415 110,1455"/>
                <Baseline points="121,1496 178,1494 236,1492 293,1490 351,1488 409,1486 466,1485 524,1483 582,1482 639,1481 697,1479 755,1478 812,1476 870,1475 928,1473 985,1471 1043,1470 1101,1468 1158,1466 1216,1464 1274,1462"/>
                <TextEquiv>
                    <Unicode>den Protest aller anständigen Literaten hervor¬</Unicode>
                </TextEquiv>
            </TextLine>
            <TextLine id="r1l29" custom="readingOrder {index:28;}">
                <Coords points="113,1567 1141,1544 1262,1533 1261,1496 1077,1471 662,1519 551,1476 111,1516"/>
                <Baseline points="121,1553 177,1551 234,1549 290,1546 347,1545 404,1543 460,1541 517,1539 573,1537 630,1536 687,1534 743,1532 800,1531 856,1529 913,1527 970,1526 1026,1525 1083,1523 1139,1522 1196,1521 1253,1519"/>
                <TextEquiv>
                    <Unicode>gerufen, fruchtlos natürlich. Das Stück aber ist seither —</Unicode>
                </TextEquiv>
            </TextLine>
            <TextLine id="r1l30" custom="readingOrder {index:29;}">
                <Coords points="114,1611 1294,1591 1198,1524 113,1568"/>
                <Baseline points="122,1606 180,1604 238,1600 296,1597 354,1595 412,1593 470,1591 528,1589 586,1588 644,1587 703,1585 761,1584 819,1583 877,1582 935,1581 993,1580 1051,1579 1109,1579 1167,1578 1225,1577 1284,1576"/>
                <TextEquiv>
                    <Unicode>verschwunden. So wird also — um bloß den materiellen</Unicode>
                </TextEquiv>
            </TextLine>
            <TextLine id="r1l31" custom="readingOrder {index:30;}">
                <Coords points="107,1686 1248,1645 1275,1592 105,1609"/>
                <Baseline points="115,1660 172,1658 230,1656 287,1655 345,1653 403,1650 460,1649 518,1647 576,1645 633,1643 691,1642 749,1640 806,1638 864,1637 922,1636 979,1634 1037,1634 1095,1633 1152,1632 1210,1631 1268,1631"/>
                <TextEquiv>
                    <Unicode>Standpunkt zu betonen — das Geld, das von rechtswegen</Unicode>
                </TextEquiv>
            </TextLine>
            <TextLine id="r1l32" custom="readingOrder {index:31;}">
                <Coords points="116,1725 1296,1710 1294,1607 1163,1653 114,1670"/>
                <Baseline points="125,1712 183,1709 241,1707 299,1704 357,1703 415,1701 473,1700 531,1698 589,1697 647,1696 706,1695 764,1694 822,1693 880,1692 938,1690 996,1689 1054,1687 1112,1686 1170,1684 1228,1681 1287,1678"/>
                <TextEquiv>
                    <Unicode>würdigen deutschen Schriftstellern gebührt, an talentlose</Unicode>
                </TextEquiv>
            </TextLine>
            <TextLine id="r1l33" custom="readingOrder {index:32;}">
                <Coords points="104,1789 1293,1751 1277,1689 102,1725"/>
                <Baseline points="111,1767 169,1765 228,1763 286,1761 345,1759 404,1757 462,1755 521,1754 579,1752 638,1750 697,1749 755,1747 814,1746 872,1744 931,1743 990,1741 1048,1740 1107,1738 1165,1737 1224,1735 1283,1733"/>
                <TextEquiv>
                    <Unicode>literarische Schmarotzer hinausgeworfen! Summen, mit denen</Unicode>
                </TextEquiv>
            </TextLine>
            <TextLine id="r1l34" custom="readingOrder {index:33;}">
                <Coords points="120,1832 1121,1792 1270,1824 1283,1754 118,1789"/>
                <Baseline points="129,1820 186,1818 243,1816 300,1815 358,1812 415,1810 472,1808 529,1807 587,1805 644,1803 701,1802 758,1801 816,1799 873,1798 930,1797 987,1796 1045,1795 1102,1794 1159,1794 1216,1794 1274,1793"/>
                <TextEquiv>
                    <Unicode>ein Kranewitter, Schamann oder Schrottenbach, um nur drei zu.</Unicode>
                </TextEquiv>
            </TextLine>
            <TextLine id="r1l35" custom="readingOrder {index:34;}">
                <Coords points="111,1895 1245,1868 1285,1836 1141,1795 109,1836"/>
                <Baseline points="119,1874 176,1873 234,1871 292,1869 350,1867 408,1866 466,1864 524,1862 582,1861 640,1859 698,1858 755,1856 813,1855 871,1854 929,1852 987,1851 1045,1850 1103,1849 1161,1847 1219,1846 1277,1845"/>
                <TextEquiv>
                    <Unicode>nennen, neue friedliche Schaffensmöglichkeit für ein neues und gewiß</Unicode>
                </TextEquiv>
            </TextLine>
            <TextLine id="r1l36" custom="readingOrder {index:35;}">
                <Coords points="117,1941 1290,1905 1278,1838 903,1883 116,1893"/>
                <Baseline points="125,1927 182,1926 240,1924 298,1923 356,1921 414,1920 471,1919 529,1917 587,1916 645,1914 703,1913 760,1912 818,1910 876,1909 934,1907 992,1906 1049,1905 1107,1903 1165,1902 1223,1900 1281,1899"/>
                <TextEquiv>
                    <Unicode>nicht wertloses Werk erhielten, werden an geschäftsmäßige</Unicode>
                </TextEquiv>
            </TextLine>
            <TextLine id="r1l37" custom="readingOrder {index:36;}">
                <Coords points="121,1986 142,1982 153,1974 180,1980 188,1976 208,1983 236,1971 263,1970 264,1943 253,1943 235,1930 223,1939 215,1934 207,1942 198,1938 183,1943 171,1934 153,1944 140,1937 119,1944"/>
                <Baseline points="129,1971 154,1972 179,1971 205,1969 230,1967 256,1968"/>
                <TextEquiv>
                    <Unicode>STLT</Unicode>
                </TextEquiv>
            </TextLine>
            <TextLine id="r1l38" custom="readingOrder {index:37;}">
                <Coords points="124,2027 588,2024 659,1988 733,2019 946,1978 1299,2001 1308,1942 123,1984"/>
                <Baseline points="133,2014 191,2013 249,2011 308,2010 366,2009 424,2007 483,2006 541,2005 599,2003 658,2002 716,2001 774,1999 833,1998 891,1997 949,1995 1008,1993 1066,1992 1124,1990 1183,1988 1241,1986 1300,1984"/>
                <TextEquiv>
                    <Unicode>Tantièmenjäger, die das Dichten mit erwerbssüchtigem</Unicode>
                </TextEquiv>
            </TextLine>
            <TextLine id="r1l39" custom="readingOrder {index:38;}">
                <Coords points="117,2098 850,2045 1292,2077 1303,2000 115,2029"/>
                <Baseline points="125,2068 183,2067 242,2065 300,2063 359,2062 417,2060 476,2058 534,2057 593,2055 651,2053 710,2052 768,2050 827,2049 885,2047 944,2046 1002,2044 1061,2043 1119,2042 1178,2041 1236,2040 1295,2039"/>
                <TextEquiv>
                    <Unicode>Krämersinn betreiben, verschleudert! Und die Bevölkerung</Unicode>
                </TextEquiv>
            </TextLine>
            <TextLine id="r1l40" custom="readingOrder {index:39;}">
                <Coords points="129,2136 1180,2094 1306,2119 1315,2071 127,2086"/>
                <Baseline points="137,2118 195,2117 254,2116 312,2115 371,2113 429,2112 488,2110 546,2108 605,2106 663,2105 722,2103 780,2101 839,2099 897,2097 956,2096 1014,2095 1073,2093 1131,2093 1190,2092 1248,2092 1307,2092"/>
                <TextEquiv>
                    <Unicode>und ihre d. h die aus ihr stammenden Schriftsteller, müssen</Unicode>
                </TextEquiv>
            </TextLine>
            <TextLine id="r1l41" custom="readingOrder {index:40;}">
                <Coords points="141,2183 1299,2163 1297,2101 1181,2095 140,2135"/>
                <Baseline points="149,2172 206,2169 263,2167 320,2164 377,2162 434,2160 491,2158 548,2157 605,2155 662,2154 719,2153 776,2152 833,2151 890,2150 947,2149 1004,2147 1061,2146 1118,2145 1175,2143 1232,2141 1289,2139"/>
                <TextEquiv>
                    <Unicode>ruhig dabei zusehen und ihr gutes Recht mit Füßen treten</Unicode>
                </TextEquiv>
            </TextLine>
            <TextLine id="r1l42" custom="readingOrder {index:41;}">
                <Coords points="139,2238 150,2236 177,2248 192,2246 204,2252 239,2224 250,2233 261,2225 280,2230 279,2180 261,2175 229,2187 207,2174 200,2179 164,2173 152,2181 137,2178"/>
                <Baseline points="147,2219 178,2220 209,2218 240,2216 271,2217"/>
                <TextEquiv>
                    <Unicode>lassen.</Unicode>
                </TextEquiv>
            </TextLine>
            <TextLine id="r1l43" custom="readingOrder {index:42;}">
                <Coords points="207,2280 1284,2265 1306,2211 982,2190 870,2224 794,2197 206,2239"/>
                <Baseline points="215,2271 269,2271 323,2271 377,2270 431,2269 485,2267 539,2266 593,2265 647,2263 701,2261 756,2259 810,2257 864,2255 918,2254 972,2252 1026,2251 1080,2250 1134,2249 1188,2249 1242,2249 1297,2250"/>
                <TextEquiv>
                    <Unicode>Nun hat also auch Schnitzler den Preis bekommen,</Unicode>
                </TextEquiv>
            </TextLine>
            <TextLine id="r1l44" custom="readingOrder {index:43;}">
                <Coords points="130,2357 1251,2313 1305,2259 128,2300"/>
                <Baseline points="138,2330 195,2327 253,2324 311,2322 369,2320 427,2318 485,2317 543,2316 601,2314 659,2314 717,2313 774,2312 832,2311 890,2310 948,2309 1006,2307 1064,2306 1122,2304 1180,2301 1238,2299 1296,2296"/>
                <TextEquiv>
                    <Unicode>u. zw. unbekümmert darum, daß die prämiierten Stücke</Unicode>
                </TextEquiv>
            </TextLine>
            <TextLine id="r1l45" custom="readingOrder {index:44;}">
                <Coords points="137,2394 1310,2373 1308,2294 136,2360"/>
                <Baseline points="146,2384 203,2383 261,2381 319,2380 376,2379 434,2377 492,2376 549,2375 607,2373 665,2371 723,2370 780,2368 838,2366 896,2365 953,2362 1011,2360 1069,2358 1126,2356 1184,2354 1242,2351 1300,2348"/>
                <TextEquiv>
                    <Unicode>neulich trotz der freiwilligen Claque der jüdischen Kaffeehaus¬</Unicode>
                </TextEquiv>
            </TextLine>
            <TextLine id="r1l46" custom="readingOrder {index:45;}">
                <Coords points="144,2451 1212,2426 1309,2405 1309,2373 142,2391"/>
                <Baseline points="152,2437 209,2436 266,2435 324,2433 381,2432 439,2431 496,2429 553,2428 611,2426 668,2425 726,2424 783,2422 840,2420 898,2419 955,2417 1013,2416 1070,2414 1127,2413 1185,2411 1242,2409 1300,2408"/>
                <TextEquiv>
                    <Unicode>liga sanft durchfielen; unbekümmert darum, daß ein paar</Unicode>
                </TextEquiv>
            </TextLine>
            <TextLine id="r1l47" custom="readingOrder {index:46;}">
                <Coords points="142,2507 1310,2470 1224,2415 140,2450"/>
                <Baseline points="150,2490 207,2489 265,2488 322,2486 380,2485 437,2483 495,2481 552,2480 610,2478 667,2477 725,2475 783,2473 840,2472 898,2471 955,2469 1013,2467 1070,2466 1128,2464 1185,2463 1243,2462 1301,2461"/>
                <TextEquiv>
                    <Unicode>Wochen vorher ein anderes Werk dieses Autors, die „Liebelei“,</Unicode>
                </TextEquiv>
            </TextLine>
            <TextLine id="r1l48" custom="readingOrder {index:47;}">
                <Coords points="140,2571 406,2532 1248,2533 1316,2526 1315,2478 138,2509"/>
                <Baseline points="147,2545 208,2544 269,2543 330,2542 391,2541 452,2540 513,2539 574,2537 635,2536 696,2534 757,2532 818,2530 879,2529 940,2527 1001,2525 1062,2523 1123,2521 1184,2519 1245,2517 1306,2515"/>
                <TextEquiv>
                    <Unicode>gerade dort, wo es, wäre es wahr und gut, die Gemüter</Unicode>
                </TextEquiv>
            </TextLine>
            <TextLine id="r1l49" custom="readingOrder {index:48;}">
                <Coords points="147,2607 1324,2588 1322,2525 1286,2523 146,2566"/>
                <Baseline points="156,2597 217,2596 278,2596 339,2595 400,2593 461,2592 522,2590 583,2588 644,2586 705,2585 766,2583 827,2580 888,2578 949,2576 1010,2575 1071,2573 1132,2571 1193,2570 1254,2569 1315,2568"/>
                <TextEquiv>
                    <Unicode>ergreifen müßte, im Volke abgelehnt wurde; unbekümmert</Unicode>
                </TextEquiv>
            </TextLine>
            <TextLine id="r1l50" custom="readingOrder {index:49;}">
                <Coords points="141,2664 1088,2648 1324,2605 1179,2575 140,2619"/>
                <Baseline points="150,2650 208,2650 266,2649 324,2648 383,2647 441,2646 499,2645 557,2644 616,2643 674,2641 732,2640 790,2638 849,2636 907,2635 965,2633 1023,2631 1082,2629 1140,2627 1198,2625 1256,2622 1315,2620"/>
                <TextEquiv>
                    <Unicode>endlich auch darum, daß alle Stücke dieses Autors</Unicode>
                </TextEquiv>
            </TextLine>
            <TextLine id="r1l51" custom="readingOrder {index:50;}">
                <Coords points="142,2716 1244,2696 1324,2680 1322,2617 1162,2652 140,2664"/>
                <Baseline points="150,2704 208,2704 266,2703 324,2702 383,2702 441,2700 499,2699 557,2697 616,2695 674,2694 732,2691 790,2690 849,2688 907,2686 965,2684 1023,2683 1082,2681 1140,2680 1198,2680 1256,2679 1315,2679"/>
                <TextEquiv>
                    <Unicode>trotz der ungeheuren Reklame, die von dem koalierten</Unicode>
                </TextEquiv>
            </TextLine>
            <TextLine id="r1l52" custom="readingOrder {index:51;}">
                <Coords points="139,2780 535,2742 1262,2750 1312,2736 1311,2695 137,2709"/>
                <Baseline points="147,2761 204,2759 262,2758 320,2756 378,2755 436,2753 493,2752 551,2750 609,2749 667,2747 725,2746 782,2744 840,2743 898,2741 956,2740 1014,2738 1071,2737 1129,2736 1187,2734 1245,2733 1303,2731"/>
                <TextEquiv>
                    <Unicode>Judentum dafür gemacht wurden, in Berlin und</Unicode>
                </TextEquiv>
            </TextLine>
            <TextLine id="r1l53" custom="readingOrder {index:52;}">
                <Coords points="149,2816 905,2816 1320,2769 926,2736 148,2771"/>
                <Baseline points="157,2810 214,2811 272,2810 330,2810 387,2809 445,2808 503,2806 560,2804 618,2802 676,2801 734,2798 791,2797 849,2795 907,2793 964,2791 1022,2790 1080,2788 1137,2788 1195,2787 1253,2786 1311,2786"/>
                <TextEquiv>
                    <Unicode>Wien es höchstens zu einem Scheinerfolge brachten.</Unicode>
                </TextEquiv>
            </TextLine>
            <TextLine id="r1l54" custom="readingOrder {index:53;}">
                <Coords points="143,2870 1293,2852 1323,2792 141,2823"/>
                <Baseline points="152,2863 210,2863 268,2863 326,2863 384,2862 443,2861 501,2860 559,2859 617,2857 675,2856 734,2854 792,2852 850,2851 908,2849 966,2847 1025,2845 1083,2843 1141,2842 1199,2840 1257,2839 1316,2838"/>
                <TextEquiv>
                    <Unicode>Wenn auch die gesamte Bevölkerung großer deutscher Städte</Unicode>
                </TextEquiv>
            </TextLine>
            <TextLine id="r1l55" custom="readingOrder {index:54;}">
                <Coords points="150,2934 1330,2888 1304,2844 149,2871"/>
                <Baseline points="159,2920 217,2919 275,2918 333,2916 391,2915 449,2913 507,2912 565,2911 623,2909 681,2907 740,2906 798,2904 856,2902 914,2901 972,2899 1030,2898 1088,2896 1146,2895 1204,2893 1262,2892 1321,2891"/>
                <TextEquiv>
                    <Unicode>sich von den Arbeiten Schnitzlers abwendet und höchstens</Unicode>
                </TextEquiv>
            </TextLine>
            <TextLine id="r1l56" custom="readingOrder {index:55;}">
                <Coords points="148,2991 953,2949 1329,2980 1309,2897 147,2945"/>
                <Baseline points="156,2974 214,2972 272,2970 330,2969 388,2967 446,2966 504,2964 563,2963 621,2961 679,2960 737,2959 795,2957 853,2956 911,2954 970,2953 1028,2952 1086,2950 1144,2948 1202,2947 1260,2944 1319,2943"/>
                <TextEquiv>
                    <Unicode>einige seiner ironischen Scherze hinnimmt, wenn alse auch</Unicode>
                </TextEquiv>
            </TextLine>
            <TextLine id="r1l57" custom="readingOrder {index:56;}">
                <Coords points="158,3042 1064,3031 1269,3011 1323,2961 157,2989"/>
                <Baseline points="166,3026 223,3025 280,3024 338,3022 395,3021 453,3019 510,3018 568,3016 625,3015 683,3013 740,3011 797,3010 855,3008 912,3006 970,3005 1027,3003 1085,3002 1142,3001 1200,2999 1257,2998 1315,2997"/>
                <TextEquiv>
                    <Unicode>überall die ungetrübte Ueberzeugung herrscht, daß Herr</Unicode>
                </TextEquiv>
            </TextLine>
            <TextLine id="r1l58" custom="readingOrder {index:57;}">
                <Coords points="162,3087 1207,3077 1324,3063 1323,3010 161,3041"/>
                <Baseline points="170,3080 227,3079 284,3078 341,3076 399,3075 456,3073 513,3071 571,3070 628,3068 685,3066 743,3064 800,3062 857,3061 914,3060 972,3058 1029,3057 1086,3056 1144,3055 1201,3055 1258,3055 1316,3055"/>
                <TextEquiv>
                    <Unicode>Schnitzler allenfalls ein gewandter jüdischer Faiseur, nie</Unicode>
                </TextEquiv>
            </TextLine>
            <TextLine id="r1l59" custom="readingOrder {index:58;}">
                <Coords points="161,3141 1209,3122 1325,3105 1324,3062 159,3087"/>
                <Baseline points="170,3132 227,3131 284,3130 341,3129 399,3127 456,3126 513,3125 571,3123 628,3121 685,3119 743,3118 800,3116 857,3114 914,3113 972,3111 1029,3110 1086,3108 1144,3107 1201,3106 1258,3106 1316,3105"/>
                <TextEquiv>
                    <Unicode>aber ein Dichter ist — für das Kuratorium der Bauernfeld¬</Unicode>
                </TextEquiv>
            </TextLine>
            <TextLine id="r1l60" custom="readingOrder {index:59;}">
                <Coords points="155,3187 1327,3163 1325,3109 154,3142"/>
                <Baseline points="165,3182 222,3184 280,3184 337,3184 395,3184 453,3183 510,3181 568,3180 625,3178 683,3176 741,3173 798,3171 856,3169 913,3166 971,3165 1029,3162 1086,3161 1144,3159 1201,3157 1259,3156 1317,3156"/>
                <TextEquiv>
                    <Unicode>Stiftung gilt nur, was in den Judenblättern steht: daß</Unicode>
                </TextEquiv>
            </TextLine>
            <TextLine id="r1l61" custom="readingOrder {index:60;}">
                <Coords points="158,3255 1260,3229 1330,3175 156,3203"/>
                <Baseline points="167,3242 224,3241 282,3239 340,3238 397,3236 455,3234 513,3232 570,3230 628,3228 686,3226 744,3225 801,3222 859,3221 917,3219 974,3218 1032,3216 1090,3215 1147,3214 1205,3213 1263,3212 1321,3212"/>
                <TextEquiv>
                    <Unicode>Herr Artur Schnitzler ein bedeutender Dichter ist. Und eine</Unicode>
                </TextEquiv>
            </TextLine>
            <TextLine id="r1l62" custom="readingOrder {index:61;}">
                <Coords points="161,3294 1328,3276 1326,3226 1246,3220 160,3257"/>
                <Baseline points="171,3291 228,3292 285,3292 343,3292 400,3290 458,3289 515,3288 572,3285 630,3283 687,3281 745,3279 802,3276 859,3274 917,3271 974,3269 1032,3267 1089,3266 1146,3265 1204,3265 1261,3265 1319,3265"/>
                <TextEquiv>
                    <Unicode>Reihe anderer, die es wirklich sind, oder werden könnten,</Unicode>
                </TextEquiv>
            </TextLine>
            <TextLine id="r1l63" custom="readingOrder {index:62;}">
                <Coords points="155,3359 1332,3320 1331,3279 1259,3270 154,3309"/>
                <Baseline points="165,3347 222,3345 280,3344 338,3342 396,3340 454,3339 512,3337 570,3336 628,3334 686,3333 744,3332 801,3330 859,3329 917,3328 975,3326 1033,3325 1091,3324 1149,3323 1207,3321 1265,3320 1323,3319"/>
                <TextEquiv>
                    <Unicode>wenn man ihren Kräften Entfaltung gönnte, was ja der</Unicode>
                </TextEquiv>
            </TextLine>
            <TextLine id="r1l64" custom="readingOrder {index:63;}">
                <Coords points="155,3410 1336,3372 1334,3336 1270,3320 1006,3362 154,3357"/>
                <Baseline points="165,3405 223,3403 281,3401 339,3398 397,3397 455,3395 513,3393 571,3391 629,3389 687,3388 746,3386 804,3384 862,3383 920,3381 978,3380 1036,3378 1094,3376 1152,3375 1210,3373 1268,3371 1327,3369"/>
                <TextEquiv>
                    <Unicode>Zweck der Bauernfeld= und aller ahnlichen Stiftungen ist,</Unicode>
                </TextEquiv>
            </TextLine>
            <TextLine id="r1l65" custom="readingOrder {index:64;}">
                <Coords points="163,3471 1099,3437 1097,3387 993,3380 840,3412 161,3417"/>
                <Baseline points="171,3455 216,3453 262,3451 308,3450 354,3448 400,3446 446,3445 492,3443 538,3441 584,3439 630,3438 675,3436 721,3435 767,3434 813,3432 859,3431 905,3430 951,3429 997,3428 1043,3427 1089,3426"/>
                <TextEquiv>
                    <Unicode>gehen umher und warten. Warten — vergeblich!</Unicode>
                </TextEquiv>
            </TextLine>
            <TextLine id="r1l66" custom="readingOrder {index:65;}">
                <Coords points="237,3502 1165,3504 1343,3472 1318,3421 236,3459"/>
                <Baseline points="247,3503 301,3502 355,3501 409,3499 464,3497 518,3496 572,3495 627,3494 681,3492 735,3491 790,3489 844,3488 898,3487 952,3485 1007,3484 1061,3483 1115,3481 1170,3480 1224,3479 1278,3478 1333,3476"/>
                <TextEquiv>
                    <Unicode>Es ist die höchste Zeit, daß mit diesem System gebrochen</Unicode>
                </TextEquiv>
            </TextLine>
            <TextLine id="r1l67" custom="readingOrder {index:66;}">
                <Coords points="164,3555 250,3581 1335,3539 1282,3487 162,3510"/>
                <Baseline points="172,3558 229,3558 287,3557 345,3556 403,3556 460,3555 518,3553 576,3552 634,3550 691,3549 749,3547 807,3545 865,3543 922,3542 980,3539 1038,3537 1096,3535 1153,3533 1211,3531 1269,3528 1327,3526"/>
                <TextEquiv>
                    <Unicode>wird. Unsere Zeit gibt sich den Anstand den Kartellen zuleibe</Unicode>
                </TextEquiv>
            </TextLine>
            <TextLine id="r1l68" custom="readingOrder {index:67;}">
                <Coords points="165,3623 1338,3589 1272,3537 164,3580"/>
                <Baseline points="173,3616 230,3614 288,3612 346,3609 404,3607 461,3606 519,3604 577,3603 635,3602 692,3600 750,3599 808,3597 866,3596 923,3595 981,3593 1039,3591 1097,3589 1154,3587 1212,3584 1270,3581 1328,3578"/>
                <TextEquiv>
                    <Unicode>zu rücken. Warum will sie nicht das furchtbarste und gefähr¬</Unicode>
                </TextEquiv>
            </TextLine>
            <TextLine id="r1l69" custom="readingOrder {index:68;}">
                <Coords points="165,3680 1354,3654 1356,3578 163,3619"/>
                <Baseline points="174,3666 232,3665 291,3664 350,3663 409,3661 467,3660 526,3659 585,3657 644,3656 702,3654 761,3653 820,3651 879,3649 937,3648 996,3646 1055,3644 1114,3643 1172,3641 1231,3638 1290,3637 1349,3634"/>
                <TextEquiv>
                    <Unicode>lichste Kartell sehen und bekämpfen, das dem geistigen Leben</Unicode>
                </TextEquiv>
            </TextLine>
            <TextLine id="r1l70" custom="readingOrder {index:69;}">
                <Coords points="168,3735 1345,3706 1316,3653 166,3680"/>
                <Baseline points="176,3720 234,3719 292,3718 350,3716 408,3715 466,3714 524,3712 582,3711 640,3709 698,3707 756,3705 814,3704 872,3702 930,3700 988,3698 1046,3697 1104,3695 1162,3693 1220,3692 1278,3690 1336,3689"/>
                <TextEquiv>
                    <Unicode>unseres Volkes die schlimmsten Gefahren bringt, es zu er¬</Unicode>
                </TextEquiv>
            </TextLine>
            <TextLine id="r1l71" custom="readingOrder {index:70;}">
                <Coords points="164,3769 1029,3776 1069,3744 1358,3777 1356,3706 1266,3692 163,3734"/>
                <Baseline points="172,3772 230,3772 289,3771 348,3771 407,3770 465,3768 524,3767 583,3766 642,3764 700,3762 759,3760 818,3758 877,3756 935,3754 994,3752 1053,3751 1112,3749 1170,3747 1229,3746 1288,3744 1347,3743"/>
                <TextEquiv>
                    <Unicode>würgen, im eigenen Lande mit eisernem Ringe zu erdrosseln</Unicode>
                </TextEquiv>
            </TextLine>
            <TextLine id="r1l72" custom="readingOrder {index:71;}">
                <Coords points="161,3841 1353,3826 1350,3746 160,3793"/>
                <Baseline points="170,3824 228,3825 287,3825 345,3825 404,3824 463,3823 521,3822 580,3820 639,3819 697,3816 756,3814 815,3812 873,3810 932,3808 991,3805 1049,3803 1108,3801 1167,3799 1225,3797 1284,3795 1343,3794"/>
                <TextEquiv>
                    <Unicode>droht: der jüdischen Literaturcamorra?! Hier</Unicode>
                </TextEquiv>
            </TextLine>
            <TextLine id="r1l73" custom="readingOrder {index:72;}">
                <Coords points="168,3902 1343,3878 1362,3781 1306,3817 166,3839"/>
                <Baseline points="176,3882 238,3881 300,3879 362,3877 424,3875 486,3873 548,3872 610,3870 672,3868 734,3866 796,3865 858,3863 920,3861 982,3859 1044,3857 1106,3856 1168,3854 1230,3852 1292,3850 1355,3848"/>
                <TextEquiv>
                    <Unicode>muß mit energischer und rücksichtsloser Hand eingegriffen</Unicode>
                </TextEquiv>
            </TextLine>
            <TextLine id="r1l74" custom="readingOrder {index:73;}">
                <Coords points="161,3937 1349,3927 1348,3874 1299,3861 160,3887"/>
                <Baseline points="171,3933 229,3933 287,3932 346,3931 404,3930 463,3928 521,3927 579,3925 638,3924 696,3922 755,3920 813,3919 871,3917 930,3915 988,3913 1047,3911 1105,3909 1163,3907 1222,3906 1280,3904 1339,3902"/>
                <TextEquiv>
                    <Unicode>werden. Und eines der Mittel hiezu wird darin bestehen, die</Unicode>
                </TextEquiv>
            </TextLine>
            <TextLine id="r1l75" custom="readingOrder {index:74;}">
                <Coords points="173,4000 1342,3974 1351,3886 1107,3934 171,3955"/>
                <Baseline points="182,3986 240,3985 298,3984 356,3983 414,3981 472,3980 530,3979 588,3977 646,3975 704,3974 762,3972 820,3970 878,3969 936,3967 994,3965 1052,3964 1110,3962 1168,3960 1226,3958 1284,3956 1343,3954"/>
                <TextEquiv>
                    <Unicode>Mitglieder der Kuratorien und Preisgerichte, denen die</Unicode>
                </TextEquiv>
            </TextLine>
            <TextLine id="r1l76" custom="readingOrder {index:75;}">
                <Coords points="177,4050 1313,4033 1366,4014 1364,3956 175,3998"/>
                <Baseline points="185,4037 243,4038 302,4038 360,4038 419,4037 478,4036 536,4035 595,4034 653,4031 712,4030 771,4028 829,4026 888,4024 946,4022 1005,4020 1064,4018 1122,4016 1181,4015 1239,4014 1298,4014 1357,4013"/>
                <TextEquiv>
                    <Unicode>Nation die ethische und materielle Förderung</Unicode>
                </TextEquiv>
            </TextLine>
            <TextLine id="r1l77" custom="readingOrder {index:76;}">
                <Coords points="169,4111 1169,4088 1329,4061 1356,4006 167,4050"/>
                <Baseline points="177,4094 235,4092 294,4091 352,4089 411,4088 470,4086 528,4085 587,4084 645,4083 704,4081 763,4080 821,4078 880,4077 938,4075 997,4074 1056,4072 1114,4069 1173,4068 1231,4064 1290,4062 1349,4058"/>
                <TextEquiv>
                    <Unicode>ihrer Dichter anvertraut hat, an ihre hohe Ver¬</Unicode>
                </TextEquiv>
            </TextLine>
            <TextLine id="r1l78" custom="readingOrder {index:77;}">
                <Coords points="182,4150 782,4155 1121,4114 1352,4143 1375,4051 181,4125"/>
                <Baseline points="191,4143 249,4143 308,4143 367,4143 426,4142 485,4141 543,4141 602,4139 661,4138 720,4137 779,4135 837,4133 896,4132 955,4129 1014,4127 1073,4125 1131,4123 1190,4120 1249,4118 1308,4115 1367,4112"/>
                <TextEquiv>
                    <Unicode>antwortlichkeit zu erinnern, und, folgen sie dem warnenden</Unicode>
                </TextEquiv>
            </TextLine>
            <TextLine id="r1l79" custom="readingOrder {index:78;}">
                <Coords points="187,4203 1328,4204 1351,4130 186,4157"/>
                <Baseline points="196,4196 253,4197 310,4197 368,4197 425,4196 482,4196 540,4195 597,4193 654,4192 712,4191 769,4189 826,4187 884,4185 941,4184 998,4181 1056,4180 1113,4177 1170,4175 1228,4173 1285,4171 1343,4169"/>
                <TextEquiv>
                    <Unicode>Rufe nicht, als Pflichtvergessene oder zu ihrem Amte Unfähige</Unicode>
                </TextEquiv>
            </TextLine>
            <TextEquiv>
                <Unicode>steller arischer Rasse werden entweder konsequent übergangen hd die
der sie erhalten die Abfälle. Der Bauernfeld=Preis wurde gen¬
tung*)
einerzeit Herrn Leo Hirschfeld zum Erstaunen Aller für jftliehe
in wertloses im Kaffeehaus aufgelesenes Geschreibsel, die ie Mit¬
Komödie „Die Lumpen“ als „Ermunterung“ zuerkannt.
Jeder Einsichtige wußte damals, daß es hier nichts zu er¬
huntern gibt. Und tatsächlich ist vier ganze Jahre später die
Frucht dieser „Ermunierung“ danach ausgefallen, der jämmer¬
iche Einakter „Der Arzt“, der kürzlich im Deutschen Volks¬
heater beinahe ausgelacht wurde. Aber der Bauernfeld=Preis
blieb in der Familie Hirschfeld; im Vorjahre erhielt
Leo Hirschfelds Bruder Viktor Leon, der
hn
Librettofabrikant für die „Gebildeten Menschen“,
fire
ein Stück, das sieben Jahre früher gegeben worden
var. Man scheint eben Familienrücksichten zu haben. Ein
weiterer Bauernfeldprämiant ist der Jude Felix Dör¬
mann, richtig Biedermann, der vor längerer Zeit
sämtliche Damen vom Salzgries durch lüsterne Faunserotik
In Verzückung setzte und darauf dem unreinlichen Geschmacke
seines Stammpublikums mit einer Zubereitung des Abhubes
werdorbener Gesellschaft in den „Ledigen Leuten“ 2c. huldigte.
Er wurde von dem Kuratorium preisgekrönt für ein Werk,
das noch nicht einmal in Druck erschienen war, den „Herrn
von Abadessa“. Diese arge Ungehörigkeit hat damals
den Protest aller anständigen Literaten hervor¬
gerufen, fruchtlos natürlich. Das Stück aber ist seither —
verschwunden. So wird also — um bloß den materiellen
Standpunkt zu betonen — das Geld, das von rechtswegen
würdigen deutschen Schriftstellern gebührt, an talentlose
literarische Schmarotzer hinausgeworfen! Summen, mit denen
ein Kranewitter, Schamann oder Schrottenbach, um nur drei zu.
nennen, neue friedliche Schaffensmöglichkeit für ein neues und gewiß
nicht wertloses Werk erhielten, werden an geschäftsmäßige
STLT
Tantièmenjäger, die das Dichten mit erwerbssüchtigem
Krämersinn betreiben, verschleudert! Und die Bevölkerung
und ihre d. h die aus ihr stammenden Schriftsteller, müssen
ruhig dabei zusehen und ihr gutes Recht mit Füßen treten
lassen.
Nun hat also auch Schnitzler den Preis bekommen,
u. zw. unbekümmert darum, daß die prämiierten Stücke
neulich trotz der freiwilligen Claque der jüdischen Kaffeehaus¬
liga sanft durchfielen; unbekümmert darum, daß ein paar
Wochen vorher ein anderes Werk dieses Autors, die „Liebelei“,
gerade dort, wo es, wäre es wahr und gut, die Gemüter
ergreifen müßte, im Volke abgelehnt wurde; unbekümmert
endlich auch darum, daß alle Stücke dieses Autors
trotz der ungeheuren Reklame, die von dem koalierten
Judentum dafür gemacht wurden, in Berlin und
Wien es höchstens zu einem Scheinerfolge brachten.
Wenn auch die gesamte Bevölkerung großer deutscher Städte
sich von den Arbeiten Schnitzlers abwendet und höchstens
einige seiner ironischen Scherze hinnimmt, wenn alse auch
überall die ungetrübte Ueberzeugung herrscht, daß Herr
Schnitzler allenfalls ein gewandter jüdischer Faiseur, nie
aber ein Dichter ist — für das Kuratorium der Bauernfeld¬
Stiftung gilt nur, was in den Judenblättern steht: daß
Herr Artur Schnitzler ein bedeutender Dichter ist. Und eine
Reihe anderer, die es wirklich sind, oder werden könnten,
wenn man ihren Kräften Entfaltung gönnte, was ja der
Zweck der Bauernfeld= und aller ahnlichen Stiftungen ist,
gehen umher und warten. Warten — vergeblich!
Es ist die höchste Zeit, daß mit diesem System gebrochen
wird. Unsere Zeit gibt sich den Anstand den Kartellen zuleibe
zu rücken. Warum will sie nicht das furchtbarste und gefähr¬
lichste Kartell sehen und bekämpfen, das dem geistigen Leben
unseres Volkes die schlimmsten Gefahren bringt, es zu er¬
würgen, im eigenen Lande mit eisernem Ringe zu erdrosseln
droht: der jüdischen Literaturcamorra?! Hier
muß mit energischer und rücksichtsloser Hand eingegriffen
werden. Und eines der Mittel hiezu wird darin bestehen, die
Mitglieder der Kuratorien und Preisgerichte, denen die
Nation die ethische und materielle Förderung
ihrer Dichter anvertraut hat, an ihre hohe Ver¬
antwortlichkeit zu erinnern, und, folgen sie dem warnenden
Rufe nicht, als Pflichtvergessene oder zu ihrem Amte Unfähige</Unicode>
            </TextEquiv>
        </TextRegion>
        <TextRegion orientation="0.0" id="r2" custom="readingOrder {index:1;}">
            <Coords points="1513,223 1513,3539 2977,3539 2977,223"/>
            <TextLine id="r2l1" custom="readingOrder {index:0;}">
                <Coords points="1704,295 1838,268 1897,283 1995,258 2029,277 2127,269 2141,265 2140,208 2048,192 2006,219 1981,203 1870,214 1816,181 1765,211 1702,208"/>
                <Baseline points="1712,257 1738,257 1764,256 1790,256 1817,255 1843,254 1869,253 1895,252 1922,251 1948,250 1974,249 2000,249 2027,248 2053,247 2079,247 2105,247 2132,247"/>
                <TextEquiv>
                    <Unicode>— —</Unicode>
                </TextEquiv>
            </TextLine>
            <TextLine id="r2l2" custom="readingOrder {index:1;}">
                <Coords points="2450,1267 2498,1262 2509,1270 2539,1260 2555,1272 2596,1259 2609,1269 2632,1256 2652,1264 2667,1256 2664,1174 2586,1204 2567,1198 2528,1226 2493,1228 2465,1211 2448,1216"/>
                <Baseline points="2459,1259 2487,1260 2515,1259 2544,1258 2572,1256 2601,1255 2629,1253 2658,1252"/>
                <TextEquiv>
                    <Unicode>A</Unicode>
                </TextEquiv>
            </TextLine>
            <TextLine id="r2l3" custom="readingOrder {index:2;}">
                <Coords points="1997,1347 2070,1359 2088,1346 2245,1354 2424,1338 2423,1293 2346,1270 2119,1292 1996,1284"/>
                <Baseline points="2006,1321 2031,1320 2057,1320 2082,1319 2108,1319 2133,1318 2159,1318 2184,1318 2210,1318 2236,1317 2261,1317 2287,1317 2312,1317 2338,1317 2363,1317 2389,1317 2415,1317"/>
                <TextEquiv>
                    <Unicode>Telephon 12801.</Unicode>
                </TextEquiv>
            </TextLine>
            <TextLine id="r2l4" custom="readingOrder {index:3;}">
                <Coords points="1602,1427 2825,1416 2824,1356 2101,1383 2038,1352 1601,1402"/>
                <Baseline points="1611,1428 1671,1427 1731,1425 1791,1423 1851,1422 1912,1421 1972,1419 2032,1418 2092,1417 2152,1416 2213,1414 2273,1413 2333,1412 2393,1410 2453,1409 2514,1408 2574,1406 2634,1404 2694,1403 2754,1401 2815,1399"/>
                <TextEquiv>
                    <Unicode>Alex. Welgl’s Unternehmen für Zeitungs-Ausschnitte</Unicode>
                </TextEquiv>
            </TextLine>
            <TextLine id="r2l5" custom="readingOrder {index:4;}">
                <Coords points="2515,1518 2540,1511 2576,1469 2736,1470 2768,1450 2763,1409 2728,1419 2710,1412 2684,1428 2661,1416 2636,1428 2584,1416 2544,1457 2528,1461 2507,1452"/>
                <Baseline points="2521,1487 2547,1483 2574,1478 2600,1474 2627,1470 2653,1466 2680,1463 2706,1461 2733,1461 2760,1461"/>
                <TextEquiv>
                    <Unicode>" Ausschuitt</Unicode>
                </TextEquiv>
            </TextLine>
            <TextLine id="r2l6" custom="readingOrder {index:5;}">
                <Coords points="2606,1542 2624,1541 2651,1565 2680,1550 2709,1554 2759,1536 2793,1564 2845,1555 2876,1530 2893,1538 2895,1495 2877,1502 2854,1487 2825,1490 2788,1474 2743,1496 2707,1483 2690,1464 2607,1494"/>
                <Baseline points="2615,1537 2641,1536 2668,1535 2695,1536 2722,1537 2749,1539 2776,1540 2803,1541 2830,1542 2857,1542 2884,1540"/>
                <TextEquiv>
                    <Unicode>Nr. 66</Unicode>
                </TextEquiv>
            </TextLine>
            <TextLine id="r2l7" custom="readingOrder {index:6;}">
                <Coords points="1867,1556 1909,1570 2008,1544 2073,1567 2217,1542 2285,1559 2345,1533 2500,1557 2519,1552 2515,1460 2455,1439 2278,1463 2036,1447 2003,1470 1958,1461 1866,1526"/>
                <Baseline points="1875,1554 1906,1552 1938,1549 1970,1547 2001,1546 2033,1544 2065,1543 2096,1542 2128,1540 2160,1540 2192,1538 2223,1538 2255,1536 2287,1535 2318,1534 2350,1533 2382,1531 2413,1529 2445,1527 2477,1524 2509,1521"/>
                <TextEquiv>
                    <Unicode>„OBSERVER</Unicode>
                </TextEquiv>
            </TextLine>
            <TextLine id="r2l8" custom="readingOrder {index:7;}">
                <Coords points="1513,1627 2914,1630 2958,1624 2957,1544 1512,1584"/>
                <Baseline points="1521,1621 1592,1621 1663,1621 1735,1620 1806,1619 1878,1617 1949,1616 2020,1614 2092,1612 2163,1610 2235,1608 2306,1606 2377,1604 2449,1603 2520,1601 2592,1599 2663,1598 2734,1597 2806,1596 2877,1596 2949,1596"/>
                <TextEquiv>
                    <Unicode>I. österr behördl. conc. Bureau für Zeitungsberichte u. Personalnachrichten</Unicode>
                </TextEquiv>
            </TextLine>
            <TextLine id="r2l9" custom="readingOrder {index:8;}">
                <Coords points="1770,1690 2435,1698 2692,1666 2691,1630 2633,1617 1984,1657 1769,1639"/>
                <Baseline points="1779,1685 1824,1686 1869,1686 1914,1686 1959,1685 2005,1685 2050,1684 2095,1683 2140,1681 2185,1680 2231,1679 2276,1677 2321,1675 2366,1674 2411,1673 2457,1671 2502,1671 2547,1670 2592,1670 2637,1670 2683,1670"/>
                <TextEquiv>
                    <Unicode>Wien, I., Concondiaplatz 4.</Unicode>
                </TextEquiv>
            </TextLine>
            <TextLine id="r2l10" custom="readingOrder {index:9;}">
                <Coords points="1517,1746 2953,1718 2870,1675 1516,1714"/>
                <Baseline points="1526,1749 1596,1747 1667,1746 1738,1745 1809,1743 1880,1742 1951,1740 2021,1739 2092,1737 2163,1736 2234,1735 2305,1733 2376,1732 2447,1730 2517,1729 2588,1728 2659,1727 2730,1726 2801,1725 2872,1725 2943,1724"/>
                <TextEquiv>
                    <Unicode>Vertretungen in Berlin, Budapest, Chicago, Genf, London, Newyork, Puris. Rom.</Unicode>
                </TextEquiv>
            </TextLine>
            <TextLine id="r2l11" custom="readingOrder {index:10;}">
                <Coords points="1873,1785 2266,1803 2355,1775 2516,1798 2575,1781 2574,1747 2529,1735 1872,1754"/>
                <Baseline points="1881,1779 1915,1779 1949,1779 1983,1778 2017,1778 2052,1777 2086,1776 2120,1776 2154,1775 2188,1774 2223,1774 2257,1773 2291,1772 2325,1772 2359,1772 2394,1771 2428,1771 2462,1771 2496,1772 2530,1772 2565,1773"/>
                <TextEquiv>
                    <Unicode>Stockholm, Kristiania, St. Petersburg.</Unicode>
                </TextEquiv>
            </TextLine>
            <TextLine id="r2l12" custom="readingOrder {index:11;}">
                <Coords points="1504,1926 1544,1943 1688,1935 1787,1951 1853,1929 1951,1942 2028,1920 2027,1885 1834,1878 1759,1894 1559,1886 1504,1907"/>
                <Baseline points="1513,1935 1538,1934 1563,1934 1588,1934 1614,1933 1639,1933 1664,1932 1690,1932 1715,1931 1740,1930 1766,1930 1791,1929 1816,1929 1841,1928 1867,1927 1892,1927 1917,1926 1943,1926 1968,1926 1993,1925 2019,1925"/>
                <TextEquiv>
                    <Unicode>Ausschnitt aus:</Unicode>
                </TextEquiv>
            </TextLine>
            <TextLine id="r2l13" custom="readingOrder {index:12;}">
                <Coords points="2111,1977 2353,1995 2397,1974 2616,2008 2675,1984 2819,2011 2877,1989 2878,1937 2807,1912 2584,1931 2509,1906 2341,1927 2239,1899 2112,1920"/>
                <Baseline points="2120,1977 2157,1977 2194,1977 2232,1978 2269,1979 2307,1980 2344,1980 2381,1982 2419,1983 2456,1984 2494,1985 2531,1986 2568,1987 2606,1988 2643,1989 2681,1990 2718,1991 2755,1991 2793,1991 2830,1991 2868,1990"/>
                <TextEquiv>
                    <Unicode>Arbsiter Zeiturd. Mian</Unicode>
                </TextEquiv>
            </TextLine>
            <TextLine id="r2l14" custom="readingOrder {index:13;}">
                <Coords points="1510,2090 1594,2116 1728,2081 1828,2126 1973,2117 2126,2068 2125,2020 1977,2026 1846,1988 1709,2041 1671,2014 1509,2044"/>
                <Baseline points="1519,2082 1548,2081 1578,2081 1608,2081 1638,2082 1668,2083 1698,2083 1728,2085 1758,2086 1788,2086 1818,2087 1847,2087 1877,2087 1907,2087 1937,2086 1967,2083 1997,2081 2027,2077 2057,2073 2087,2067 2117,2061"/>
                <TextEquiv>
                    <Unicode>vom: 7½00405</Unicode>
                </TextEquiv>
            </TextLine>
            <TextLine id="r2l15" custom="readingOrder {index:14;}">
                <Coords points="2051,2352 2063,2351 2072,2345 2083,2355 2094,2350 2101,2350 2096,2279 2085,2279 2060,2299 2047,2300"/>
                <Baseline points="2058,2318 2090,2316"/>
                <TextEquiv>
                    <Unicode>—</Unicode>
                </TextEquiv>
            </TextLine>
            <TextLine id="r2l16" custom="readingOrder {index:15;}">
                <Coords points="1805,2399 2799,2386 2797,2331 2694,2339 2632,2298 2490,2349 2259,2334 1978,2367 1804,2342"/>
                <Baseline points="1814,2398 1862,2398 1911,2397 1960,2396 2009,2395 2058,2393 2106,2392 2155,2390 2204,2389 2253,2388 2302,2386 2350,2385 2399,2383 2448,2382 2497,2380 2546,2378 2594,2377 2643,2375 2692,2374 2741,2373 2790,2372"/>
                <TextEquiv>
                    <Unicode>— Arthur Schnitzler hat für seinen Einakterzyklus</Unicode>
                </TextEquiv>
            </TextLine>
            <TextLine id="r2l17" custom="readingOrder {index:16;}">
                <Coords points="1668,2453 2726,2419 2798,2387 1816,2397 1667,2432"/>
                <Baseline points="1676,2448 1731,2446 1787,2445 1843,2443 1898,2441 1954,2439 2010,2437 2065,2435 2121,2433 2177,2430 2233,2427 2288,2425 2344,2423 2400,2421 2455,2418 2511,2416 2567,2414 2622,2412 2678,2410 2734,2408 2790,2407"/>
                <TextEquiv>
                    <Unicode>„Lebendige Stunden“ den Bauernfeld=Preis (2000</Unicode>
                </TextEquiv>
            </TextLine>
            <TextLine id="r2l18" custom="readingOrder {index:17;}">
                <Coords points="1655,2488 2771,2453 2799,2423 2494,2409 1655,2467"/>
                <Baseline points="1664,2483 1720,2482 1776,2481 1833,2479 1889,2478 1945,2476 2002,2474 2058,2472 2114,2470 2171,2468 2227,2466 2283,2464 2340,2461 2396,2459 2452,2456 2509,2454 2565,2452 2621,2450 2678,2448 2734,2446 2791,2444"/>
                <TextEquiv>
                    <Unicode>Kronen) erhalten. Der Sitzung des Bauernfeld=Kuratoriumé</Unicode>
                </TextEquiv>
            </TextLine>
            <TextLine id="r2l19" custom="readingOrder {index:18;}">
                <Coords points="1653,2508 2449,2510 2803,2471 2648,2447 1653,2491"/>
                <Baseline points="1662,2518 1718,2517 1775,2516 1831,2514 1888,2512 1945,2511 2001,2509 2058,2506 2114,2504 2171,2502 2228,2500 2284,2498 2341,2495 2397,2493 2454,2491 2511,2489 2567,2488 2624,2487 2680,2486 2737,2485 2794,2485"/>
                <TextEquiv>
                    <Unicode>wohnten Unterrichtsminister Dr. v. Hartel, Alfred Freiher</Unicode>
                </TextEquiv>
            </TextLine>
            <TextLine id="r2l20" custom="readingOrder {index:19;}">
                <Coords points="1677,2561 2805,2522 2759,2482 1676,2528"/>
                <Baseline points="1686,2557 1741,2555 1797,2553 1852,2550 1908,2548 1963,2546 2019,2544 2074,2542 2130,2540 2185,2538 2241,2536 2296,2535 2352,2533 2407,2530 2463,2529 2518,2527 2574,2525 2629,2524 2685,2522 2740,2520 2796,2519"/>
                <TextEquiv>
                    <Unicode>v. Berger, Professor Minor, Dr. Edmund Weißel und Hof¬</Unicode>
                </TextEquiv>
            </TextLine>
            <TextLine id="r2l21" custom="readingOrder {index:20;}">
                <Coords points="1656,2595 2802,2553 2612,2522 1655,2569"/>
                <Baseline points="1666,2595 1722,2593 1778,2591 1835,2588 1891,2586 1948,2583 2004,2581 2060,2579 2117,2576 2173,2574 2230,2571 2286,2569 2342,2567 2399,2565 2455,2563 2512,2562 2568,2560 2624,2559 2681,2559 2737,2559 2794,2559"/>
                <TextEquiv>
                    <Unicode>schauspieler Lewinsky bei. Die Verleihung erfolgte einstimmig</Unicode>
                </TextEquiv>
            </TextLine>
            <TextLine id="r2l22" custom="readingOrder {index:21;}">
                <Coords points="1660,2645 2798,2589 2575,2557 1658,2595"/>
                <Baseline points="1669,2633 1725,2630 1781,2626 1837,2624 1893,2620 1949,2618 2005,2615 2061,2613 2117,2611 2173,2609 2229,2608 2285,2606 2341,2604 2397,2602 2453,2601 2509,2599 2565,2597 2621,2596 2677,2594 2733,2593 2790,2591"/>
                <TextEquiv>
                    <Unicode>Den letzten Bauernfeld=Preis im Oktober des Vorjahres erhielter</Unicode>
                </TextEquiv>
            </TextLine>
            <TextLine id="r2l23" custom="readingOrder {index:22;}">
                <Coords points="1663,2670 2803,2620 2640,2594 1662,2642"/>
                <Baseline points="1671,2671 1727,2669 1783,2666 1839,2663 1895,2662 1951,2659 2007,2657 2064,2655 2120,2653 2176,2651 2232,2649 2288,2647 2344,2645 2400,2643 2457,2641 2513,2639 2569,2637 2625,2634 2681,2632 2737,2630 2794,2627"/>
                <TextEquiv>
                    <Unicode>Frau Lanzkammer, J. J. David, Viktor Leon, Freussen und Stefar</Unicode>
                </TextEquiv>
            </TextLine>
            <TextLine id="r2l24" custom="readingOrder {index:23;}">
                <Coords points="1674,2701 2803,2703 2801,2637 2667,2629 1673,2669"/>
                <Baseline points="1682,2704 1737,2703 1793,2701 1848,2700 1904,2698 1960,2696 2015,2693 2071,2691 2126,2689 2182,2686 2238,2683 2293,2682 2349,2679 2404,2678 2460,2676 2516,2675 2571,2674 2627,2674 2682,2674 2738,2675 2794,2676"/>
                <TextEquiv>
                    <Unicode>Milow; im Frühjahr des Vorjahres erhielt den Preis Schönhey</Unicode>
                </TextEquiv>
            </TextLine>
            <TextLine id="r2l25" custom="readingOrder {index:24;}">
                <Coords points="1666,2766 1733,2773 2046,2744 2072,2759 2125,2753 2123,2694 1862,2701 1820,2717 1664,2706"/>
                <Baseline points="1674,2744 1699,2743 1725,2743 1751,2741 1777,2740 1803,2739 1829,2738 1855,2737 1881,2736 1907,2735 1933,2733 1959,2732 1985,2731 2011,2730 2037,2729 2063,2728 2089,2728 2115,2727"/>
                <TextEquiv>
                    <Unicode>für den „Sonnwendtag“.</Unicode>
                </TextEquiv>
            </TextLine>
            <TextLine id="r2l26" custom="readingOrder {index:25;}">
                <Coords points="2005,2819 2209,2828 2276,2810 2309,2826 2357,2810 2471,2813 2496,2800 2495,2759 2266,2759 2240,2776 2171,2750 2117,2775 2003,2747"/>
                <Baseline points="2013,2811 2039,2810 2065,2810 2092,2809 2118,2808 2144,2808 2171,2807 2197,2806 2223,2806 2250,2805 2276,2805 2302,2804 2329,2804 2355,2803 2381,2802 2408,2802 2434,2801 2460,2800 2487,2799"/>
                <TextEquiv>
                    <Unicode>Bezugs-Bedingungen:</Unicode>
                </TextEquiv>
            </TextLine>
            <TextLine id="r2l27" custom="readingOrder {index:26;}">
                <Coords points="1653,2865 1966,2892 2701,2846 2700,2818 2527,2795 2456,2824 1652,2840"/>
                <Baseline points="1661,2871 1712,2870 1764,2868 1815,2867 1867,2866 1919,2864 1970,2863 2022,2862 2073,2861 2125,2859 2177,2858 2228,2857 2280,2856 2331,2855 2383,2854 2435,2853 2486,2852 2538,2850 2589,2849 2641,2848 2693,2847"/>
                <TextEquiv>
                    <Unicode>50 Zeitungsansschnitte (Artikel oder Notizen) Kr. 15.—</Unicode>
                </TextEquiv>
            </TextLine>
            <TextLine id="r2l28" custom="readingOrder {index:27;}">
                <Coords points="2602,2887 2678,2888 2729,2911 2778,2865 2863,2872 2878,2861 2892,2871 2938,2855 2933,2808 2879,2822 2827,2811 2792,2830 2735,2807 2702,2845 2671,2856 2598,2848"/>
                <Baseline points="2611,2888 2637,2886 2664,2883 2690,2879 2717,2875 2743,2871 2770,2867 2797,2863 2823,2860 2850,2858 2876,2857 2903,2857 2930,2859"/>
                <TextEquiv>
                    <Unicode>26.— inelusive</Unicode>
                </TextEquiv>
            </TextLine>
            <TextLine id="r2l29" custom="readingOrder {index:28;}">
                <Coords points="1524,2902 1547,2903 1570,2888 1581,2888 1589,2882 1597,2888 1606,2884 1636,2885 1635,2842 1617,2843 1574,2820 1567,2826 1558,2822 1535,2841 1522,2841"/>
                <Baseline points="1532,2876 1563,2874 1594,2873 1626,2874"/>
                <TextEquiv>
                    <Unicode>Für</Unicode>
                </TextEquiv>
            </TextLine>
            <TextLine id="r2l30" custom="readingOrder {index:29;}">
                <Coords points="2753,2902 2798,2907 2848,2902 2864,2910 2891,2896 2907,2900 2907,2880 2857,2872 2843,2865 2816,2873 2802,2864 2781,2863 2771,2870 2754,2866"/>
                <Baseline points="2762,2895 2789,2894 2816,2895 2843,2896 2870,2896 2898,2897"/>
                <TextEquiv>
                    <Unicode>Porto.</Unicode>
                </TextEquiv>
            </TextLine>
            <TextLine id="r2l31" custom="readingOrder {index:30;}">
                <Coords points="1644,2915 1658,2918 1674,2916 1687,2919 1690,2915 1714,2918 1736,2894 1745,2894 1745,2878 1727,2882 1695,2876 1688,2880 1666,2871 1659,2879 1643,2881"/>
                <Baseline points="1652,2910 1680,2908 1708,2907 1736,2908"/>
                <TextEquiv>
                    <Unicode>100</Unicode>
                </TextEquiv>
            </TextLine>
            <TextLine id="r2l32" custom="readingOrder {index:31;}">
                <Coords points="2601,2928 2613,2925 2623,2931 2639,2932 2655,2928 2663,2931 2666,2927 2675,2931 2687,2924 2696,2929 2705,2927 2718,2915 2727,2914 2724,2894 2706,2895 2698,2900 2679,2888 2650,2889 2645,2894 2637,2889 2628,2890 2611,2905 2598,2907"/>
                <Baseline points="2610,2928 2637,2921 2664,2918 2691,2916 2718,2912"/>
                <TextEquiv>
                    <Unicode>50.—</Unicode>
                </TextEquiv>
            </TextLine>
            <TextLine id="r2l33" custom="readingOrder {index:32;}">
                <Coords points="2747,2933 2785,2947 2845,2942 2874,2949 2890,2946 2908,2928 2922,2928 2922,2904 2901,2899 2863,2910 2849,2903 2824,2908 2806,2903 2799,2908 2794,2903 2747,2899"/>
                <Baseline points="2757,2935 2783,2936 2809,2937 2835,2937 2861,2937 2887,2936 2913,2935"/>
                <TextEquiv>
                    <Unicode>Zahlbar</Unicode>
                </TextEquiv>
            </TextLine>
            <TextLine id="r2l34" custom="readingOrder {index:33;}">
                <Coords points="1647,2956 1672,2957 1675,2953 1679,2957 1693,2956 1697,2959 1718,2948 1740,2949 1739,2926 1724,2926 1717,2919 1708,2916 1686,2919 1676,2916 1645,2917"/>
                <Baseline points="1656,2952 1681,2948 1706,2947 1731,2949"/>
                <TextEquiv>
                    <Unicode>200</Unicode>
                </TextEquiv>
            </TextLine>
            <TextLine id="r2l35" custom="readingOrder {index:34;}">
                <Coords points="2594,2976 2627,2964 2633,2969 2643,2964 2684,2970 2702,2956 2737,2979 2752,2971 2744,2908 2726,2910 2694,2936 2680,2930 2668,2936 2658,2928 2615,2928 2589,2935"/>
                <Baseline points="2602,2964 2629,2959 2657,2957 2684,2956 2712,2951 2740,2941"/>
                <TextEquiv>
                    <Unicode>110.—</Unicode>
                </TextEquiv>
            </TextLine>
            <TextLine id="r2l36" custom="readingOrder {index:35;}">
                <Coords points="1638,2987 1647,2987 1659,2995 1693,2997 1722,2991 1729,2984 1743,2987 1742,2946 1729,2950 1720,2948 1712,2958 1680,2957 1676,2953 1671,2957 1637,2958"/>
                <Baseline points="1646,2988 1675,2986 1704,2984 1734,2986"/>
                <TextEquiv>
                    <Unicode>500</Unicode>
                </TextEquiv>
            </TextLine>
            <TextLine id="r2l37" custom="readingOrder {index:36;}">
                <Coords points="2584,3009 2652,3010 2673,3023 2709,2995 2793,2997 2835,2983 2895,2999 2966,2983 2962,2928 2947,2927 2859,2949 2728,2936 2684,2970 2582,2971"/>
                <Baseline points="2592,3000 2618,2999 2644,2998 2670,2995 2696,2994 2722,2991 2748,2989 2774,2987 2800,2985 2826,2983 2852,2982 2878,2980 2904,2979 2930,2979 2956,2979"/>
                <TextEquiv>
                    <Unicode>200). " im Vorans.</Unicode>
                </TextEquiv>
            </TextLine>
            <TextLine id="r2l38" custom="readingOrder {index:37;}">
                <Coords points="1651,3084 2924,3054 2961,3010 1650,3054"/>
                <Baseline points="1660,3077 1724,3077 1789,3076 1853,3074 1918,3073 1983,3071 2047,3069 2112,3067 2177,3066 2241,3063 2306,3061 2371,3059 2435,3056 2500,3054 2565,3051 2629,3050 2694,3047 2759,3045 2823,3043 2888,3041 2953,3039"/>
                <TextEquiv>
                    <Unicode>Im Gegensatze zu anderen Bureanx für Zeitungsausschnitte ist das</Unicode>
                </TextEquiv>
            </TextLine>
            <TextLine id="r2l39" custom="readingOrder {index:38;}">
                <Coords points="2609,3094 2830,3090 2875,3105 2919,3088 2972,3105 2982,3103 2981,3044 2828,3056 2788,3044 2608,3069"/>
                <Baseline points="2617,3091 2642,3089 2667,3088 2693,3087 2718,3086 2744,3086 2769,3086 2795,3086 2820,3087 2845,3087 2871,3086 2896,3085 2922,3084 2947,3082 2973,3079"/>
                <TextEquiv>
                    <Unicode>auch steht es den</Unicode>
                </TextEquiv>
            </TextLine>
            <TextLine id="r2l40" custom="readingOrder {index:39;}">
                <Coords points="1538,3129 2572,3102 2571,3066 2498,3059 1537,3091"/>
                <Baseline points="1546,3120 1596,3119 1647,3117 1698,3116 1749,3115 1800,3113 1851,3112 1901,3110 1952,3109 2003,3107 2054,3105 2105,3104 2156,3103 2207,3101 2257,3100 2308,3098 2359,3097 2410,3096 2461,3095 2512,3094 2563,3093"/>
                <TextEquiv>
                    <Unicode>Abonnement durch keine bestimmte Zeitdauer begrenzt;</Unicode>
                </TextEquiv>
            </TextLine>
            <TextLine id="r2l41" custom="readingOrder {index:40;}">
                <Coords points="1554,3176 2858,3150 2867,3095 1553,3131"/>
                <Baseline points="1562,3160 1626,3158 1691,3155 1756,3154 1821,3152 1886,3150 1951,3149 2015,3148 2080,3146 2145,3145 2210,3144 2275,3142 2340,3141 2405,3139 2469,3137 2534,3135 2599,3133 2664,3131 2729,3128 2794,3125 2859,3122"/>
                <TextEquiv>
                    <Unicode>Abonnenten frei die aufgegebenen Themen zu ergänzen oder zu ändern.</Unicode>
                </TextEquiv>
            </TextLine>
            <TextLine id="r2l42" custom="readingOrder {index:41;}">
                <Coords points="1667,3248 2913,3219 2986,3209 2985,3163 1665,3201"/>
                <Baseline points="1675,3240 1740,3239 1805,3238 1870,3236 1935,3235 2000,3234 2065,3232 2130,3230 2195,3228 2260,3227 2326,3225 2391,3223 2456,3221 2521,3219 2586,3217 2651,3213 2716,3211 2781,3209 2846,3205 2911,3203 2977,3200"/>
                <TextEquiv>
                    <Unicode>Der „OBSERVER“ veranstaltet täglich einen Auszug enthaltend die</Unicode>
                </TextEquiv>
            </TextLine>
            <TextLine id="r2l43" custom="readingOrder {index:42;}">
                <Coords points="1548,3287 2866,3261 2970,3211 1546,3234"/>
                <Baseline points="1556,3286 1626,3284 1696,3281 1766,3280 1837,3277 1907,3275 1977,3273 2048,3271 2118,3269 2188,3267 2259,3265 2329,3263 2399,3261 2469,3259 2540,3257 2610,3255 2680,3254 2751,3251 2821,3250 2891,3248 2962,3246"/>
                <TextEquiv>
                    <Unicode>Inhaltsangabe aller wichtigen Mittheilungen der Wiener Morgen¬</Unicode>
                </TextEquiv>
            </TextLine>
            <TextLine id="r2l44" custom="readingOrder {index:43;}">
                <Coords points="1546,3329 2977,3299 2947,3248 1545,3287"/>
                <Baseline points="1555,3325 1625,3322 1696,3320 1766,3317 1837,3315 1908,3313 1978,3311 2049,3309 2120,3308 2190,3306 2261,3304 2332,3303 2402,3301 2473,3299 2544,3298 2614,3296 2685,3293 2756,3291 2826,3288 2897,3285 2968,3282"/>
                <TextEquiv>
                    <Unicode>blätter (Tagesjournale ausser „Neue Freie Presse“ und „Wiener Zeitung")</Unicode>
                </TextEquiv>
            </TextLine>
            <TextLine id="r2l45" custom="readingOrder {index:44;}">
                <Coords points="1556,3363 2979,3333 2883,3288 1555,3335"/>
                <Baseline points="1565,3362 1635,3360 1705,3359 1775,3357 1846,3355 1916,3353 1986,3351 2056,3349 2127,3347 2197,3345 2267,3343 2337,3341 2408,3339 2478,3337 2548,3334 2618,3332 2689,3329 2759,3326 2829,3324 2899,3320 2970,3318"/>
                <TextEquiv>
                    <Unicode>wodurch eine Uebersicht über das gesammte politische und wirthschaftliche</Unicode>
                </TextEquiv>
            </TextLine>
            <TextLine id="r2l46" custom="readingOrder {index:45;}">
                <Coords points="1557,3413 2971,3358 2918,3327 1556,3375"/>
                <Baseline points="1565,3403 1634,3401 1704,3399 1774,3397 1844,3395 1914,3393 1984,3390 2053,3389 2123,3387 2193,3384 2263,3382 2333,3380 2403,3379 2473,3376 2542,3374 2612,3372 2682,3370 2752,3368 2822,3365 2892,3363 2962,3361"/>
                <TextEquiv>
                    <Unicode>Leben des In- und Auslandes in drastischer Kürze geboten wird. Diese Mit¬</Unicode>
                </TextEquiv>
            </TextLine>
            <TextLine id="r2l47" custom="readingOrder {index:46;}">
                <Coords points="1561,3447 1651,3469 2568,3413 2567,3380 2486,3375 1560,3408"/>
                <Baseline points="1570,3446 1619,3443 1668,3441 1718,3439 1767,3437 1817,3435 1866,3433 1916,3432 1965,3430 2015,3428 2064,3427 2113,3425 2163,3424 2212,3422 2262,3421 2311,3419 2361,3418 2410,3416 2460,3414 2509,3413 2559,3411"/>
                <TextEquiv>
                    <Unicode>theilungen werden in Wien um 9 Uhr Früh verschickt.</Unicode>
                </TextEquiv>
            </TextLine>
            <TextLine id="r2l48" custom="readingOrder {index:47;}">
                <Coords points="1889,3515 2044,3554 2141,3526 2206,3557 2293,3519 2525,3531 2659,3499 2638,3469 2422,3482 2383,3463 2328,3489 2093,3474 1889,3499"/>
                <Baseline points="1898,3527 1935,3527 1973,3527 2010,3527 2048,3527 2086,3527 2123,3526 2161,3526 2198,3525 2236,3524 2274,3523 2311,3522 2349,3521 2386,3520 2424,3518 2462,3517 2499,3515 2537,3514 2574,3512 2612,3510 2650,3508"/>
                <TextEquiv>
                    <Unicode>Pnospecte guaris und fnanco.</Unicode>
                </TextEquiv>
            </TextLine>
            <TextEquiv>
                <Unicode>— —
A
Telephon 12801.
Alex. Welgl’s Unternehmen für Zeitungs-Ausschnitte
" Ausschuitt
Nr. 66
„OBSERVER
I. österr behördl. conc. Bureau für Zeitungsberichte u. Personalnachrichten
Wien, I., Concondiaplatz 4.
Vertretungen in Berlin, Budapest, Chicago, Genf, London, Newyork, Puris. Rom.
Stockholm, Kristiania, St. Petersburg.
Ausschnitt aus:
Arbsiter Zeiturd. Mian
vom: 7½00405
—
— Arthur Schnitzler hat für seinen Einakterzyklus
„Lebendige Stunden“ den Bauernfeld=Preis (2000
Kronen) erhalten. Der Sitzung des Bauernfeld=Kuratoriumé
wohnten Unterrichtsminister Dr. v. Hartel, Alfred Freiher
v. Berger, Professor Minor, Dr. Edmund Weißel und Hof¬
schauspieler Lewinsky bei. Die Verleihung erfolgte einstimmig
Den letzten Bauernfeld=Preis im Oktober des Vorjahres erhielter
Frau Lanzkammer, J. J. David, Viktor Leon, Freussen und Stefar
Milow; im Frühjahr des Vorjahres erhielt den Preis Schönhey
für den „Sonnwendtag“.
Bezugs-Bedingungen:
50 Zeitungsansschnitte (Artikel oder Notizen) Kr. 15.—
26.— inelusive
Für
Porto.
100
50.—
Zahlbar
200
110.—
500
200). " im Vorans.
Im Gegensatze zu anderen Bureanx für Zeitungsausschnitte ist das
auch steht es den
Abonnement durch keine bestimmte Zeitdauer begrenzt;
Abonnenten frei die aufgegebenen Themen zu ergänzen oder zu ändern.
Der „OBSERVER“ veranstaltet täglich einen Auszug enthaltend die
Inhaltsangabe aller wichtigen Mittheilungen der Wiener Morgen¬
blätter (Tagesjournale ausser „Neue Freie Presse“ und „Wiener Zeitung")
wodurch eine Uebersicht über das gesammte politische und wirthschaftliche
Leben des In- und Auslandes in drastischer Kürze geboten wird. Diese Mit¬
theilungen werden in Wien um 9 Uhr Früh verschickt.
Pnospecte guaris und fnanco.</Unicode>
            </TextEquiv>
        </TextRegion>
    </Page>
</PcGts>
