3344 4352
188 272 1051 389 Bauernfeld-Preis
274 481 905 574 Der Bauernfeld-Preis.
369 545 815 625 Eine Interpellation.
149 584 1074 675 In der morgigen Sitzung des Abgeordneten¬
111 643 1060 708 hauses wird Abg. Dr. Pattai eine Inter¬
97 693 1064 741 pellation an den Unterrichtsminister einbringen,
103 734 1061 799 betreffend die Zuweisung eines Preises von K. 2000
100 780 1053 845 aus der Bauernfeld=Stiftung an den,
99 826 1047 886 wie es in der Anfrage heißt, „jüdischen Literaten“
106 871 665 926 Dr. Arthur Schnitzler.
146 905 1056 969 Herr Dr. Pattai verwaltet in der christlich.
106 956 1054 1009 socialen Partei das Ressort der schönen Künste.
123 999 1063 1050 Es ist nun eine der wichtigsten Functionen seines
112 1039 1067 1092 Amtes, aufzupassen, ob nicht um Gotteswillen
120 1082 1064 1137 irgendwo ein Jude Talent hat. Tritt dieser be¬
110 1118 1070 1176 dauerliche Fall, der sich ja leider nicht verhindern
121 1167 1065 1228 läßt, dennoch ein, dann muß Herr Dr. Pattai
108 1214 1068 1271 gegen den sanftmütigen Dr. v. Hartel losgehen
109 1254 1069 1309 und ihm Vorwürfe machen. Sonst hört man aller¬
118 1301 1068 1352 dings nichts davon, daß Herr Dr. Pattai sich be¬
125 1340 1068 1398 sonders viel mit Literatur, Kunst oder Wissen¬
125 1382 1070 1440 schaft befasse. Es wird auch nicht von ihm ver¬
123 1421 1071 1488 langt. Seinen Parteigenossen genügt es, daß er
126 1472 1062 1531 mehr von diesen Dingen versteht als Strobach,
125 1513 1068 1572 Schneider oder Bielohlawek. Ob man aber des¬
118 1550 1069 1617 wegen gleich mit dem Unterrichtsminister grob
122 1606 780 1665 sein darf, ist eine andere Frage.
162 1636 1079 1697 Der gute Herr Minister für Cultus und Unter¬
129 1687 1078 1742 richt ist, nebenbei gesagt, an dem Bauernfeld=Preis,
128 1734 1071 1787 den Arthur Schnitzler erhielt, ganz unschuldig.
120 1772 1080 1835 Im Schoße des Curatoriums hat der Baron
130 1821 1076 1873 Berger den diesbezüglichen Antrag gestellt, der
135 1862 1069 1920 Professor Minor und Dr. Edmund Weissel haben
122 1903 1082 1977 zugestimmt, und der Dr. Hartel hat eben dann
132 1951 1076 2006 auch „Ja“ gesagt. Würden aber Strobach und
130 1988 1083 2049 =Schneider im Bauernfeld=Curatorium sitzen, und
120 2029 1085 2088 Dr. Pattai könnte dabei sein, um den Antrag zu
137 2073 1088 2139 stellen, man möge dem Herrn Schwer einen Preis
130 2121 1088 2178 verleihen, dann würde der Herr Unterrichts¬
134 2168 1084 2231 minister — wie wir ihn kennen, und wie alle
139 2216 948 2288 Welt ihn kennt — auch nicht Nein sagen.
168 2247 1090 2317 Es hat aber keinen Zweck, mit einem
203 2295 1082 2363 gutmütigen alten Herrn grob zu sein,
132 2343 1085 2403 der es ohnehin gern allen Recht machen
137 2390 1092 2445 möchte, und der wirklich nichts dafür
132 2432 1080 2496 kann, daß Arthu Schnitzler ungleich mehr Be¬
128 2467 1096 2534 gabung hat als Herr Schwer. Der aber auch
138 2511 1091 2568 kaum dafür verantwortlich gemacht werden kann,
134 2560 1089 2618 daß die Christlichsocialen beim Bauernfeld=Preiz
130 2605 766 2674 noch nichts dreinzureden haben.
169 2620 1091 2707 Das aber ist eigentlich der tiefste Schmerz der
139 2685 1099 2747 Christlichsocialen, daß ihr Einfluß noch nicht weit
140 2729 1107 2790 genug reicht, um auch ihren Parteigängern von
140 2765 1104 2825 der Feder Dichterpreise zu verschaffen. Einst¬
134 2806 1100 2862 weilen müssen sie diese Barden noch mit Ge¬
148 2865 1106 2916 meinderatsmandaten abspeisen. Und da sich das
141 2904 1106 2952 Urtheil namhafter Literaturkenner, wie des
141 2932 1104 2991 Baron Berger und des Professor Minor, der
147 2983 1109 3046 christlichsocialen Parteidisciplin nicht beugt,
150 3024 1101 3085 möchten sie die Sache gern selbst in die Hand
155 3076 1105 3126 nehmen. Jahrüber ist ihnen die ganze vater¬
144 3120 1104 3174 ländische Literatur freilich recht gleichgiltig, und
153 3155 1113 3224 sie thun ihrerseits sehr wenig, um junge Talente
152 3202 1101 3262 zu fördern. Wenn die Sache aber praktisch wird,
142 3249 1100 3301 wenn Preisvertheilungen vorgenommen werden
153 3291 1106 3345 und Schwer, Madjerae tutti quanti wieder leer
141 3333 1103 3387 ausgehen, dann wird Herr Dr. Pattai im Auf¬
142 3379 1107 3435 trag der Partei rabiat und blamirt sich im Auf¬
147 3426 987 3487 trag der Partoi mit literarischen Phrasen.
174 3454 1103 3515 Mit Herrn Dr. Pattai über ästhetische Wert¬
141 3507 1106 3562 unterschiede zu streiten, hat keinen Zweck. Und
157 3539 1098 3604 wenn er auf seinem Culturniveau sich genötigt
161 3592 1112 3656 sieht, hinter geistig arbeitende Männer den
156 3631 1111 3687 alten Hepp=Hepp=Ruf anzustimmen, so kann das
159 3683 1112 3747 für sachliche Leute kein Grund sein, dem
154 3719 1117 3792 Herrn ex offo - Interpellanten aufzusitzen
151 3765 1107 3821 und das confessionelle Moment bei künst¬
685 3802 1010 3872 die Debatte
152 3816 654 3879 lerischen Fragen in
155 3846 1115 3919 ziehen. Es ist sehr gleichgiltig, ob Arthur
155 3897 1105 3964 Schnitzler als Jude, Türke, Christ oder Heide
160 3933 1111 4004 geboren wurde. Wesentlich bleibt an der Ge¬
160 3982 1116 4043 schichte nur, ob seine „Lebendigen Stunden“ eine
166 4030 1111 4088 Ehrung verdient haben. In dieser Beziehung
163 4081 1118 4131 aber darf man dem Votum unbefangener Fach¬
159 4113 1116 4186 männer, wie Baron Alfred Berger und Professor
161 4168 675 4211 Minor getrost vertrauen
1733 165 2157 263 ——
1201 272 1657 362 box 40/1
2025 446 3224 521 mnäßig großen Zahl von Prämiirungen jüdischers Chrengabe
1184 467 1898 545 Der Wortlaut der Interpellation.
2974 489 3269 559 Minor als die
2020 502 2971 560 Literaten aus dieser Stiftung, angesichts der zahl¬
1106 519 2014 595 Die Interpellation hat folgenden Wortlaut:
2978 548 3279 619 Es könne
2020 553 2978 611 reichen, wirklich förderungsbedürftigen und ver¬
1118 579 2021 643 „Das Curatorium der Bauernfeld¬
2990 589 3252 649 kommen, ob
2033 583 2976 652 möge ihres Talentes auch würdigen nichtfüdischen
1355 621 2024 678 g hat in seiner Sitzung vom
1081 623 1317 686 Stiftu
2981 627 3268 692 Autor Christ
2036 635 2975 695 Schriftsteller und angesichts der Verantwortung,
1072 672 2025 720 16. März 1903, welcher die Mitglieder: Minister
2982 675 3273 739 völlig lächerli
2026 682 2979 735 welche die Einhaltung der Zwecke der Bauern¬
1074 713 2020 764 für Cultus und Unterricht Dr. v. Hartel, Dr.
2978 725 3272 785 lung von 4
2037 728 2971 785 feld=Stiftung dem Curatorium auferlegt, zu
2302 761 2354 827 C
1065 754 2021 811 Alfred Freiherr v. Berger, Professor der
2982 764 3285 821 ein confession
2032 768 2323 838 rechtfertigen?“
1063 795 2025 854 deutschen Literaturgeschichte an der Wiener Uni¬
2980 802 3276 864 entspreche die
2131 815 2874 899 Ein Interview mit Arthur Schnitzler.
1068 826 2030 898 versität Dr. Jacob Minor und Dr. Edmund
2988 849 3289 915 „Lebendigen S
1076 890 2031 944 Weissel beiwohnten, einstimmig beschlossen,
2057 851 2972 950 Auf unsere Anfrage theilt uns Herr Doctor
2975 892 3288 969 nicht im gerin
1076 935 2609 995 aus den Erträgnissen der Bauernfeld=Stiftung Arthur Schnitzler mit:
2981 937 3268 998 rarische Wert
2083 957 2969 1030 „Lebendige Stunden“ haben im
1079 970 2027 1024 einen Preis von 2000 Kronen dem Literaten
2984 980 3273 1041 der Erfolg ste
1072 1012 2025 1086 Arthur Schnitzler für seinen Einactercyklus
2047 1011 2978 1062 Berliner Deutschen Theater einen sehr starken
2988 1023 3292 1084 kein Wort
1069 1051 1800 1128 „Lebendige Stunden“ zu verleihen.
2025 1051 2981 1109 Erfolg gehabt, der auch von der ganzen Berliner
2987 1067 3283 1131 brauche. D
1117 1089 2019 1152 In dieser Verleihung erblicken die unterzeich¬
2033 1095 2977 1164 Presse constatirt wurde. Selbst die dortigen
2985 1112 3283 1174 der „Lebend
1085 1147 2025 1197 neten Abgeordneten eine Verletzung der Rechte
2032 1139 2981 1210 antisemitischen Zeitungen haben sich
2997 1153 3293 1222 sei von Baron
1074 1188 2025 1246 der nichtjüdischen Schriftsteller¬
2030 1186 2985 1237 anerkennend über die vier Einacter aus¬
2986 1201 3292 1259 und ihm hab
1084 1237 2022 1289 welt unserer Heimat und einen Verstoß gegen
2028 1219 2988 1286 gesprochen. „Lebendige Stunden“ sind in Berlin
2986 1241 3290 1306 ohne weiteres
1085 1270 2034 1325 den Sinn und Zweck der Stiftung und die un¬
2033 1270 2986 1322 etwa vierzigmal und vom Deutschen
2991 1284 3297 1347 denn sonst in
1077 1314 2020 1373 begründete Auszeichnung eines nicht preiswürdi¬
2043 1317 2984 1374 Theater gelegentlich des vorjährigen kurzen Gast¬
2993 1327 3258 1389 Minor gab
1074 1357 2032 1414 gen Werkes, und zwar aus folgenden Gründen:
2030 1350 2985 1411 spieles in Wien noch weitere zehnmal auf¬
2986 1368 3285 1441 neuesten Belle
1078 1400 2022 1452 Das preisgekrönte Werk, die vier Einacter „Le¬
2037 1394 2985 1461 geführt worden. Wer also behauptet, der
2995 1420 3256 1482 gestiegen sei,
1081 1441 2032 1503 bendige Stunden“ hat weder bei seiner Auffüh¬
2040 1443 2981 1497 Cyklus sei wirkungslos vorüber¬
2987 1457 3288 1531 preiswürdig ü
1089 1483 2032 1541 rung in Berlin noo bei der durch das Ensemble
2041 1484 2993 1548 gegangen, der spricht entweder leicht¬
3029 1507 3286 1560 In einem P
1077 1533 2030 1595 des Berliner Deutschen Theaters im Wiener
2053 1526 2992 1594 fertigerweise von Dingen, die er nicht
2991 1545 3288 1605 und Schrotten
1079 1576 2031 1639 Carl=Theater noch auch bei der kürzlich im
2040 1571 2981 1637 kennt, oder er sagt bewußt eine Lüge.
2988 1584 3294 1651 verdient hätten
1090 1620 2038 1681 Wiener Deutschen Volkstheater erfolgten eine
2083 1621 2983 1672 Auf unsere weitere Anfrage über die etwaige
2996 1638 3257 1694 Hofer“ se
1089 1664 2025 1712 tiefere Wirkung geübt oder auch nur oberfläch¬
2043 1662 2984 1740 Vorgeschichte der Bauernfeld=Ehrengabe erklärt
2987 1666 3269 1741 Sitzung des
1079 1707 2032 1766 lich den Eindruck eines Dichterwerkes gemacht.
2039 1706 2469 1779 Dr. Schnitzler:
2994 1717 3295 1779 und thatsächlich
1089 1742 2047 1800 Die ausdrückliche Rangerhöhung desselben durch
2079 1726 2992 1812 Ich habe mich niemals um irgend
3001 1770 3290 1828 vorgeschlagen.
1094 1790 2035 1841 eine Prämiirung in Wien muß daher im Aus¬
2037 1791 2988 1863 leinen Preis noch um irgend eine
3003 1808 3292 1868 erzielt. Auch
1085 1822 2036 1886 land die falsche Vorstellung erwecken, als hätte
2598 1826 2988 1898 um eine lite¬
2049 1830 2591 1904 Ehrengabe noch sonst
3000 1853 3295 1913 „Ledigen Leute
1089 1879 2032 1929 das österreichische Schriftthum thatsächlich keine
2053 1874 2988 1936 rarische Würdigung beworben. Weder
2999 1896 3294 1957 die Ehrengabe
1087 1920 2031 1990 besseren Producte aufzuweisen, als derlei Min¬
2046 1917 2994 1981 direct noch indirect. Ich habe weder
3008 1933 3298 1999 „Herrn von Al
1093 1965 1418 2029 derwertigkeiten.
2035 1965 2991 2037 der Bauernfeld=Stistung noch
3001 1981 3293 2041 eine Wendun
1128 1994 2038 2064 Die Meinung des Auslandes über die heimische
2045 2008 2998 2071 irgend einem anderen ähnlichen Comité meine
3005 2031 3301 2086 Schrotten
1101 2046 2039 2098 Literatur wurde aber durch das Vorgehen des
2053 2062 2999 2113 Bücher eingereicht. Ich kenne weder den Herrn
2998 2070 3287 2131 ratorium der
1093 2087 2039 2148 Bauernfeld=Curatoriums auch noch in weiterer
2048 2093 2997 2179 Uinterrichtsminister noch den Herrn Dr. Weissel
3001 2104 3300 2173 Gemeinderat“
1094 2137 2042 2187 Hinsicht consequent irregeführt, da die Preise der
2052 2141 2991 2206 und habe seit langer Zeit weder mit
3001 2158 3295 2217 gleichsam auße
1094 2176 2050 2244 Stiftung innerhalb ganz kurzer Zeit einer unver¬
2061 2193 3000 2246 Herrn Baron Berger noch mit Herrn
2998 2200 3304 2261 Raimund=Prei
1098 2220 2047 2276 hältnißmäßig großen Zahl von jüdischen
2057 2228 2991 2296 Professor Minor gesprochen. Niemals
3003 2247 3297 2303 Unzufriedenen
1097 2268 2036 2324 Literaten zugewiesen wurden, und zwar sol¬
2061 2261 3002 2331 aber war zwischen mir und diesen
3008 2288 3298 2344 nicht irritiren
1098 2308 2047 2363 chen von untergeordneter Bedeutung. Es sind dies
2424 2305 3017 2377 einem Bauernfeld¬
2061 2317 2427 2382 Herren von
3005 2332 3306 2404 Wissen und G
1093 2360 2046 2412 Dr. Leo Hirschfeld, prämiirt für die Ko¬
2052 2350 3012 2420 Preis die Rede. Weder das erstemal
1093 2401 2045 2458 mödie „Die Lumpen“, der Erotiker Felix Dör¬
2044 2397 3004 2474 noch etzt, weder mündlich noch schrift##
1105 2436 2050 2496 mann (richtig Biedermann) für ein gänzlich
2047 2422 3070 2516 lic. Ich bin auch nicht Mitglied
1103 2483 2046 2539 verschollenes Drama „Der Herr von Abadessa“.
1097 2500 3029 2593 der Literarhistoriker Dr. Emil Horner fürsder „Concordia“ und gehöre keinems
2053 2534 3015 2591 [Freimaurerverbande an. Ich stehe
1101 2560 2057 2621 eine Bauernfelt=Biographle, der Librettist von
2051 2578 3023 2631 allen diesen Dingen von jeher gänzlich fern.
1105 2606 2053 2658 Operettentexten Victer Leon (richtig Hirsch¬
2096 2596 3023 2670 Eine Anerkennung meiner Arbeiten, die mir #
1114 2649 2055 2717 feld) für ein vor langer seit gegebenes Stück
2062 2643 3021 2730 von berufener Seite spontan entgegengebracht
1110 2681 2053 2761 „Gebildete Menschen“ und schließlich Arthur
2057 2705 3010 2767 wird, nehme ich selbstverständlich dankbar an
1104 2745 2006 2793 Schnitzler für die „Lebendigen Stunden“
2062 2742 3015 2828 und glaube niemandem dafür Rechenschaft
1146 2779 2056 2840 Untee diesen Umständen muß im Ausland die
2072 2796 2390 2869 schuldig zu sein.
1115 2827 2061 2884 irrige Anschauung entstehen, daß einerseits die
2095 2816 3029 2907 Ueber die Interpellation des Dr. Pattai
1104 2857 2064 2912 deutsche Literatur in Oesterreich fast ##r von
2070 2875 2668 2942 äußert sich Arthur Schnitzler:
1115 2911 2068 2985 Juden geschrieben wird, andererseits die Qualität
2100 2899 3019 2984 Derlei interessirt mich nicht, und ich habe
1114 2963 1642 3022 eine äußerst niedrige ist.
2076 2958 3017 3030 keinen Anlaß, von so nebensächlichen Zwischen¬
1156 2989 2052 3056 Diese unleugbare Bevorzugung jüdischer
2067 2990 3030 3078 fällen auch nur im geringsten Notiz zu nehmen.
1108 3036 2066 3104 Literaten durch das Curatorium der Bauernfeld¬
2147 3057 2934 3140 Ein Interview mit Professor Miner.
1115 3087 2070 3142 Stiftung bedeutet aber auch eine Zurücksetzung
1113 3121 2073 3186 und die Mitarbeit an der Unterdrückung der nicht¬
2104 3099 3019 3184 Ein Mitarbeiter der „Zeit“ hatte Gelegenheit,
1125 3170 2066 3227 jüdischen Schriftsteller Oesterreichs, die, durch den
2063 3164 3028 3229 mit einem der Preisrichter, Herrn Universitäts¬
1115 3214 2054 3269 Boycott der einflußreichen jüdischen Presse und
2074 3208 3025 3282 professor J. Minor, über die oben wieder¬
1117 3253 2068 3313 die Cartelle der jüdischen Gewerbsliteraten schon
2075 3230 3027 3320 gegebene Interpellation zu sprechen. Professor
1117 3302 2063 3361 an sich in bedrängter, mituntertrotz ihrer Begabung
2078 3298 3037 3364 Minor bezweifelt es sehr, daß Unterrichts¬
2065 3338 3033 3398 minister Dr. Hartel auf die Interpellation
1109 3342 2060 3402 fast aussichtsloser Lage, gerade auf die ethische
1119 3391 2065 3447 und materielle Förderung durch ähnliche Einrich¬
2075 3386 3033 3444 überhaupt erwidern wird. Schon an¬
1118 3423 2059 3489 tungen, wie die der Bauernfeld=Stiftung ist, als
2066 3425 3022 3487 läßlich der Verleihung der Bauernfeld=Ehren¬
1115 3470 2064 3532 einzige Hoffnung hinblicken und die schwere Ent¬
2063 3470 3021 3538 gabe an Felir Dörmann sei im December
1114 3518 2065 3592 täuschung erleben müssen, mit Abfällen abgespeist
2076 3505 3038 3573 1901 im Purlament eine ähnliche Anfrage an
2068 3549 3026 3634 den Unterrichtsminister gerichtet worden, die er
1121 3568 1675 3628 ode übergangen zu werden.
2077 3598 3030 3675 auch unbeantwortet gelassen habe, da er nicht
1169 3584 2062 3669 Die Verleihung ist endlich gegen die Absicht der
2743 3625 3036 3702 Privat¬
2076 3652 2754 3714 als Minister, sondern als
1121 3652 2062 3718 Bauernfeld=Stiftung gerichtet, in deren Sinn es
2072 3686 3039 3752 person Mitglied des Curatoriums der
1120 3691 2061 3758 gewiß nicht liegt, die Ausbreitung des semitischen
2076 3725 3025 3783 Bauernfeld=Stiftung sei. Dies sei nun noch
1119 3745 2060 3807 Geistes in der Literatur zu fördern, welche das
2066 3769 3026 3837 immer unverändert geblieben und D.. Hartel
1122 3786 2063 3841 sittliche und ästhetische Gefühl der Stamm¬
2066 3818 3050 3891 müsse dem Parlament in Sachen der Stiftung
1113 3816 2066 3890 bevöllerung Oesterreichs oft genug, so auch in
2078 3869 2463 3921 nicht Rede stehen.
1115 3866 2069 3938 den Werken der prämürten Hirschfeld,
2116 3879 3039 3959 Professor Minor berichtigt die allgemeine Be¬
1119 3909 2069 3972 Schnitzler und Dörmann. gröblich verletzt,
2078 3947 3007 3997 zeichnung „Bauernfeld=Preis“ und sagt, es
1116 3957 2069 4015 die Vertreter dieser fremden Richtung in unserem
2076 3989 3032 4061 handle sich da um keine Preiskrönungen, sondern
1124 4002 2072 4063 Schriftthum aber auf Kesten der autochtho¬
2069 4038 3029 4106 nur um Ehrengaben. Die Höhe der¬
1135 4042 2062 4117 nen Dichter und Schriftsteller zu stützen und
2070 4072 3036 4144 selben hänge von äußeren Umständen ab, habe
1128 4096 1604 4166 im Einfluß zu steigern.
1178 4130 3031 4180 In Erwägung dieser Thatsachen richten die kalso etwa mit der Qualität des bedachten Werkes
