3344 4384
218 346 436 418 Baue
1237 335 1686 444 box 40//1
355 347 1081 452 #rnfeld-Preis
676 1248 1131 1348 Telephon 12801.
316 1343 1507 1413 Alex. Welgl’s Unternehmen für Zeitungs-Aussohnitte
246 1408 482 1523 135
533 1406 1464 1550 „OBSEREP“
1305 1451 1562 1566 Nr. 13
183 1547 1566 1606 I. österr. behördl. conc. Bureau für Zeitungsberichte u. Personalnachrich
449 1600 1378 1693 Wien, I., Concondiaplarz 4.
194 1644 1572 1736 Vertretungen in Berlin, Budapest, Chicago, Genf, London. Newyork, Paris, R
548 1722 1269 1789 Stockholm, Kristiania, St. Petersburg.
185 1843 727 1929 Ausschnitt aus:
835 1898 1482 2014 Figaro, Wien
193 1981 802 2111 vor Zgen
265 2325 1130 2397 Dem Gerücht, daß der Arthur Schnitzler
1163 2308 1388 2434 78
155 2375 1131 2450 hauptsächlich seines samosen „Leutnant Gustel“
149 2429 1125 2502 wegen, den Bauernfeld=Preis erhalten habe, wird
1158 2403 1426 2532 2
156 2483 1130 2539 von dem freisinnigen und loyalen Kuratorium mit
1182 2501 1220 2538 #
150 2511 1101 2604 dem Hinweis bestritten, daß es ja auch einen
1167 2524 1467 2614 Dörmann
157 2569 466 2643 prämiert habe.
661 2711 1164 2805 Bezugs-Bedingungen:
182 2781 1327 2840 Für 50 Zeitungsansschnitte (Artikel oder Notizen) Kr. 15
1421 2786 1564 2858 inclusif
1258 2795 1415 2893 28.—
299 2838 397 2884 100
1411 2851 1548 2900 Porto.
1250 2872 1353 2916 50.—
284 2871 410 2930 200
1412 2875 1563 2936 Zahlbat
1238 2898 1390 2957 110.—
1397 2923 1561 3000 im Vors
1250 2939 1399 3000 200.—
229 2912 429 3017 : 100
323 2984 1542 3054 Im Gegensatze zu anderen Bureaux für Zeitungsausschnitte ist
194 3028 1557 3085 Abonnement durch keine bestimmte Zeitdauer begrenzt; — auch steht es
196 3073 1509 3141 Abonnenten frei die aufgegebenen Themen zu ergänzen oder zu ändern.
316 3134 1554 3206 Der „OBSERVER“ veranstaltet täglioh einen Auszug enthaltend
200 3192 1563 3250 Inhaltsangabe aller wichtigen Mitthellungen der Wiener Morg
212 3224 1573 3290 Mlätter (Tagesjournale ausser „Neue Freie Presse“ und Wiener Zeitun
213 3269 1573 3329 wodurch eine Uebersicht über das gesammte politische und wirthschaftli
207 3320 1562 3378 Leben des In- und Auslandes in drastischer Kürze geboten wird. Diese 1
227 3363 1232 3412 theilungen werden in Wien um 9 Uhr Früh verschickt.
519 3446 1306 3526 Prospecte gratis und fnanco.
295 3480 408 3574 65
1999 265 2171 323 .—
2147 1246 2612 1353 Telephon 12801.
1775 1350 2992 1433 Alex. Weigl’s Unternehmen für Zeitungs-Ausschnitte
2646 1413 2930 1495 e Ausschnltt
2023 1445 2698 1561 „OBSERYEN
2754 1449 3063 1569 Nr. 44
1687 1468 1968 1572 9106
1659 1539 3114 1602 I österr. behördl conc. Bureau für Zeitungsberichte u. Personalnachrichten
1930 1613 2839 1701 Wien, I., Concondiaplarz 4.
1666 1670 3095 1744 Vertretungen in Berlin, Budapest, Chicago, Genf, London, Newyork, Paris, Rom,
2104 1726 2745 1802 ckholm. Kristianis. St. Petersburg.
1655 1780 2949 1938 Ausschnitt aus: Die Wage, Wien
1664 2004 1876 2079 vom:
1592 2189 1867 2277 Glossen.
1711 2290 3010 2365 Der Bauernfeld=Preis besteht in zweitausend Kronen und zweihunderttausend
1595 2338 3002 2399 Schimpfworten. Die ersten werden dem Preisgekrönten aus dem Vermögen Bauern¬
1605 2398 3007 2459 felds, die zweiten aus dem Vermögen der klerikalen Presse bezahlt. Diese Kultur¬
1601 2436 3014 2509 trägerin scheint zu glauben, daß Lorbeer, der gedeihen soll, fleißig mit Jauche begossen
1599 2494 2997 2559 werden muß. Diesmal ward der duftende Segen Arthur Schnitzler zutheil.
1593 2537 3004 2600 Schon längst haben die „deutsch=österreichischen Schriftsteller“ es mit Unwillen
1602 2590 3011 2652 bemerkt, daß dieser Jude Talent hat, und sie haben ihrer Entrüstung oft energischen
1599 2637 3001 2691 Ausdruck gegeben. Diese Vordringlichkeit, die lieber Bedeutendes schafft, statt lächerlich
1599 2690 3004 2747 zu dilettieren, kann in der Tat nicht genug gegeißelt werden. Nun, die Strafe
1609 2740 3014 2782 folgte auch auf dem Fuße — und nicht nur auf den vier Füßen der klerikalen Kritik.
1608 2787 3078 2870 Denn gleichzeitig mit der Krönung ist „Der Schleier der Beatrice“ in Berlin ohne #ve
1602 2835 3042 2895 Erfolg aufgeführt worden, was Herrn Schlenther, der dem bedeutenden Drama das 9.
1614 2884 3076 2949 Burgtheater verschloß und die Schlüssel im Obersthofmeisteramte verstecken ar
1608 2915 3102 2985 ließ, gewiß jene reinste Freude verschafft hat, die nach der Versicherung eines kundigen Faus.
1608 2982 3102 3047 Psychologen die Schadenfreude ist. An jenem Mißerfolge scheint allerdings eine; das
1606 3028 3100 3083 Aufführung Schuld zu tragen, die Bologna nach Schlesien, ganz nahe bei Schreiberhaus den
1611 3082 2985 3145 versetzte und den Bentivoglio, den principe der Renaissance, zu einem nahen
1616 3119 3109 3197 Verwandten des Fuhrmanns Henschel machte. Berlin scheint sich also im Hinterig die
1609 3174 3090 3230 hause des Naturalismus, dessen Hausherr Brahm und dessen Mieter Hauptmann istgon¬
1600 3229 2819 3287 noch immer wohler zu fühlen als im glanzvollen Vorderhause der Kunst.
2945 3233 3089 3284 tung")
1715 3270 3102 3339 Es scheint nächst talentierten Dramatikern keine bedauernswerteren Geschöpfektliche
1609 3310 3103 3393 auf dieser Welt zu geben als die Mitglieder einer Jury. Wie immer sie siche Alt.
1590 3368 2996 3436 entscheiden, es wird ihnen doch bewiesen, daß sie sich geirrt haben. Und nicht immer
1599 3426 3001 3482 nur — wie beim Bauernfeld=Preise — von Leuten, deren literarisches Wirken in
1594 3468 2999 3537 einem meist erfolglosen Kampfe gegen die deutsche Grammatik besteht, sondern
1603 3507 3005 3587 manchmal auch von Kundigen, die nicht im Taufscheine einen Befähigungsnachweis
1604 3555 2992 3638 erblicken. So hat die Preisverteilung bei den Entwürfen zum Kaiserin Elisabeth¬
1591 3619 2985 3664 Denkmal zu entrüsteten Protesten aller nicht prämiierten Bildhauer geführt. Eins
1595 3659 2993 3753 jeder kannte einen Entwurf, der den ersten Preis verdient hätte, und daß dieser stets
1588 3719 2961 3759 der eigene war, hat die Objektivität der Künstler doch kaum getrübt. Sheridan.
