3392 4384
1252 292 1696 381 box 40/1
228 294 1074 400 Bauernfeld-Preis
684 1280 1133 1380 Telephon 12801.
313 1374 1516 1458 Alex. Weigl's Unternehmen für Zeitungs-Ausschnitte
1129 1431 1474 1551 Dee Ausschnltt
1314 1487 1455 1579 Nr.
566 1481 1250 1607 „OBSEN VEN
202 1571 1564 1660 L. österr. behördl. conc. Bureau für Zeitungsberichte u. Personalnachrio
473 1637 1387 1719 Wien, I., Concondiaplatz 4.
216 1700 1566 1791 Vertretungen in Brlin, Budapest, Chicago, Genf, London, Newyork, Paris, 1
573 1751 1295 1824 Stockholm, Kristiania, St. Petersburg.
205 1844 1458 1985 Ausschnitt aus: Montagpresse, Wien.
517 1963 819 2115 #75
218 2055 539 2118 vom:
201 2209 297 2275 —
334 2234 1438 2323 Herr Baron Berger, der mit seinem direktorialen
209 2283 1441 2370 * Kopf in Hamburg, mit seinem Herzen als Theatermann
229 2337 1439 2405 und Theatergatte aber in Wien lebt, ist kürzlich hier ge¬
230 2387 1440 2454 wesen und hat, außer dem Bauernfeldpreis für Schnitz¬
235 2432 1449 2508 ler, noch etwas anderes propagiert, das sich freilich nicht
228 2480 1446 2555 so schnell durchsetzen läßt, aber doch einige Aufmerksam¬
221 2527 1449 2597 keit verdient. Er sprach von der Popularisierung der
225 2584 1448 2651 Kunst in einem bisher ungeahnten Maße und schlug zur
237 2636 1450 2703 Erreichung dieses höchst wünschenswerten Zieles die Ein¬
236 2660 1457 2763 führung von Wandertruppen aus ganz bedeutenden Schau¬
244 2725 1451 2808 spielern vor. Also „Schmieren höherer Ordnung“ wie
247 2779 1449 2851 er es nennt. Es ist anzunehmen, daß der Thespiskarren,
245 2798 1607 2904 für die erste Zeit wenigstens, mit einer solchen Schmiere juclusif
247 2893 1606 2948 gut fahren wird. Nur bleibt die Frage, was dann wird.Porto,
240 2916 1625 2993 Sollen sie Reserve=Theater für unvolkstümliche Kunst wer¬ Zahlbai
233 2952 1618 3049 den? Oder vielleicht gar „stehende Schmieren niedriger im Vorz
244 3029 1591 3097 Ordnung“? Hoffentlich kommt bis dahin Baron Ver¬ e ist
1443 3058 1601 3116 cht es
238 3076 1399 3157 eger wieder nach Wien und sagt uns Näheres darüber.
251 3102 1561 3204 Abonnienten frei die aufgegevenen Theinen zu erganzen oder zu andern.
367 3187 1610 3265 Der „OBSERVER“ veranstaltet täglich einen Auszug enthaltend
254 3218 1619 3312 Inhaltsangabe aller wichtigen Mittheilungen der Wiener Morgt
258 3273 1626 3350 blätter (Tagesjournale ausser „Neue Freie Presse“ und „Wiener Zeitun
259 3301 1619 3388 wodurch eine Uebersicht über das gesammte politische und wirthschaftli
259 3357 1626 3430 Leben des In- und Auslandes in drastischer Kürze geboten wird. Diese J
257 3391 1274 3493 theilungen werden in Wien um 9 Uhr Früh verschiekt.
595 3464 1360 3564 Prospecte gratis und fnanco.
1946 210 2247 272 ——
2127 1362 2570 1451 Telephon 12801.
1748 1438 2960 1542 Alex. Weigl’s Unternehmen für Zeitungs-Ausschnitte
2619 1504 2921 1594 dee Ausschnitt
2744 1516 3050 1653 Nr. 40
1999 1546 2665 1667 „OBSERVEN
1629 1657 3092 1763 I österr. behördl conc. Bureau für Zeitungsberichte u. Personalnachrichten
1910 1709 2831 1795 Wien, I., Concondiaplarz 4.
1659 1759 3078 1864 Vertretungen in Berlin, Budapest, Chicago, Genf. London, Newyork, Paris, Rom,
2028 1823 2724 1905 Stockholm. Kristianis. St. Petersburg.
2213 1860 2253 1911 .—
2193 1876 2848 1990 Wiener Bilder
1650 1964 2155 2056 Ausschnitt aus:
2089 2059 2265 2166 7103
1935 2074 2106 2168 2
1659 2123 1860 2192 vom:
1855 2222 2860 2298 Zwei Dichterbilder schmücken unsere heutige Nummer,
1750 2248 2890 2350 der alte nordische Dich'er Henrik Ibsen, der am 20. Mälz
1779 2363 2875 2435 seinen 75. Geburtstag feierte, und der junge Wiener Arthur
1782 2410 2878 2470 Schnitzler, dessen Auszeichnung mit dem Bauernfeld=Preise
1786 2465 2864 2532 diesem besten Vertreter des modernen Wiener Dramas die ver¬
1777 2493 2868 2580 diente Anerkennung gebracht. Beide literarische Größen sind
1789 2549 2882 2628 bekannt und anerkannt genug, daß wir ihren Bildnissen kein
1790 2595 2881 2670 überflüssiges Geleitwort auf den Weg zu geben brauchen. Die
1783 2649 2885 2720 Weltliteratur ist stolz auf Ibsen und die deutsche Literatur
1795 2690 2877 2774 sieht mit stolzer Genugtuung den Vertreter des jungen Wien
1781 2759 2885 2830 in ihren Bereich heranwachsen. Den unmittelbaren Anlaß zur
1785 2792 2892 2870 Prämierung Schnitzlers gab sein unlängst im Deutschen
1792 2851 2889 2919 Volkstheater mit großem Erfolge aufgeführter Einakter=Zyklus
1695 2890 3103 2973 Fur „Lebendige Stunden“, über den wir in der Vorwoche berichteten.! inelusive
2904 2940 3060 2985 Porto.
2737 2967 2800 3012 5
2893 2973 3077 3029 Zahlbar
2732 2985 2895 3050 110.—
1797 2981 1909 3053 20
1724 3023 1788 3081 „
2734 3013 3128 3097 200.— im Voraus.
1802 3048 1905 3092 500
1778 3086 1902 3149 1000
2548 3073 3120 3158 r Zeitungsausschnitte ist das
2543 3119 3129 3187 egrenzt; — auch steht es den
1820 3128 2085 3185 Im Gegensa
2561 3160 3012 3236 gänzen oder zu ändern.
1701 3168 2067 3222 Abonnement durch
1713 3186 2095 3284 Abonnenten frei di
2578 3230 3132 3307 einen Auszug enthaltend die
2591 3283 3121 3350 der Wiener Morgen¬
1825 3267 2098 3351 Der „OBSE
2572 3321 3136 3391 resse“ und „Wiener Zeitung“)
1715 3318 2082 3389 Inhaltsangabe all
2564 3358 3140 3436 holitische und wirthschaftliche
1712 3372 2077 3431 blätter (Tagesj
2571 3401 3144 3478 irze geboten wird. Diese Mit¬
1723 3412 2089 3469 wodurch eine Uebi
1718 3445 2076 3505 Leben des In- und
2569 3457 2731 3516 schickt.
1715 3491 2091 3554 theilungen werden
2575 3537 2815 3610 I fnanco.
2156 3657 2547 3758 Arthur Schnitzler.
