3436 4384
2034 170 2249 256 —
1270 261 1719 368 box 40/1
349 281 463 344 HHe
250 285 1122 372 Basernfeld-Preis
2978 1278 3081 1351 ——
298 1259 2894 1388 —eeeeesll6
162 1372 3061 1459 hhervorzubringen als diese materieller Herrschaft läßt sich ein einfaches Wort ent= Nihilismus wie die deutsche Sozialdemokratie ins Leben
159 1392 3053 1510 doch sind beide wahr. gegenhalten: Dentschland für die Deutschen. Ein Jude gerufen hat und großenteils noch heute leitet, heißt ganz
672 1436 3054 1515 Pkann so wenig zu einem Deutschen werden, wie eine richtig odium generis humani; Deutschland wird sich
184 1483 637 1558 er ist ein Mensch-
1860 1476 3044 1554 hier als amor generis humani bewähren müssen; die
166 1490 1868 1610 m spezialistischen Sinne Pflaume zu einem Apfel werden kann; ein Pflaumen¬
1861 1519 3063 1608 politische Gesundheit muß sich mit der politischen Fäulnis
174 1547 1869 1646 keine Kunstprodukte, sie zweig auf einen Apfelbaum gepfropft, stört immer das
1859 1579 3054 1665 auseinandersetzen. Und wie in der Politik so in der
164 1589 1869 1697 an das letztere Wort im betrachtende Auge; und er wirkt höchst schädlich, wenn er
1857 1624 3062 1704 Kunst. Der jüdische Charakter, welcher so gern mit Zola
177 1637 1868 1737 alles Kunstschaffen folgtef den Wurmfraß mitbringt. Die Jnden im jetzigen Deutsch¬
1862 1674 3054 1750 sympathisiert, ist wie bieser dem reindeutschen Wesen
686 1704 1870 1777 land tun dies. Zwar bezeichnet man dergleichen gern als
163 1728 704 1800 es ist, gerade als solches,
1866 1723 3054 1802 eines Walther v. d. Vogelweide, Dürer, Mozart völlig
697 1750 1867 1817 Vorurteil; aber die Jnden haben sich oft genug als ver¬
148 1776 703 1848 terabteilung alles Natur¬
1872 1769 3056 1851 entgegengesetzt; will der Deutsche sich diesem zu=, so muß
686 1796 1874 1867 derblich bewührt, die übereinstimmende Meinung aller
158 1824 691 1901 er Erde. gewachsen“. Im
1873 1812 3064 1899 er sich jenem abwenden; mag er Kind wie Mozart oder
698 1845 1871 1919 Völker und Zeiten fällt hier schwer ins Gewicht. Es mag
165 1874 705 1944 Professor recht, nicht im
1873 1864 3075 1950 Mann wie Bismarck sein, immer bleibt er der Antipode
701 1895 1874 1971 davon nur einiges erwähnt werden. In der Bibel heißt
165 1918 698 1992 den Fluch der Lächerlich¬
1880 1919 3071 1998 des Juden. Diese unüberbrückbare Kluft zwischen beiden
691 1946 1872 2020 es von dem Anszuge der Kinder Israel aus Egypten:
171 1974 652 2057 Sinne recht zu haben
1879 1971 3063 2046 Rassen ist die „gegebene Größe“ von der eine dauernde
691 1994 1879 2077 „und es zog viel Pöbelvolk mit ihnen“; eben dieses hat
1879 2002 3071 2105 Regelung ihres Verhältnisses zu einander ausgehen muß
698 2042 1878 2113 bei den neuzeitlichen Juden völlig Oberwasser bekommen.
1958 2059 3062 2142 sei es im freundlichen, sei es im feindlichen Sinne.
166 2046 706 2140 ner und Bekämpfer des
704 2085 1878 2172 So hat denn schon der edle persische Dichter Saadi
1881 2103 3069 2189 Gegenwärtig wird freilich fast nur der letztere in Frage
200 2113 708 2183 sein scharfer Geist ver¬
699 2134 1883 2211 gesagt, daß ein Haus, das einen Juden zum Nachbar
1875 2141 3082 2229 kommen, entsprechend dem niedrigen sittlichen Niveau des
169 2161 706 2242 Für immer, und über den
709 2180 1886 2266 habe, dadurch auf den hundertsten Teil seines Wertes
1886 2197 3082 2289 heutigen Judentums. Der heutige gemeine Jude fragt in
182 2208 704 2287 sehr richtig: Immerhin
703 2234 1507 2320 sinke. Luther seinerseits hat gewarnt:
1876 2243 3068 2343 politischen, geistigen u. s. w. Dingen nicht: ist diese
173 2260 713 2334 as deutsche Volk auf dem
945 2264 1645 2349 Trau keinem Fuchs auf grüner Haid
153 2309 726 2386 kigen über bornierte Köpfe
1882 2316 3070 2385 Sache gut oder schlecht; sondern er fragt: nützt oder
947 2314 1589 2393 Und keinem Ind bei seinem Eid;
166 2348 728 2436 llte mehr auf die Stimme
1880 2350 3071 2441 schadet sie mir, d. h. den Juden? Das ist der Judas¬
704 2355 1889 2462 und dieser Spruch wird durch die bekannten jüdischen
172 2411 712 2476 Stimme seiner Professoren
1885 2399 3073 2479 standpunkt; durch ihn ist das sachliche Interesse im
715 2427 1896 2505 Bankerotte von heute bestätigt. Goethe aber erklärte von
177 2453 721 2544 gelegentlich der deutschen
1890 2434 3084 2520 vorhinein verraten; er ist geradezu antisittlich. Die
721 2474 1883 2553 der Ehe zwischen Christen und Inden: „alle sittlichen
1883 2490 3086 2581 bekannte jüdische Lüge, daß das Judentum eine Konfession
195 2501 717 2587 macht diese aber einmal
724 2525 1901 2610 Gefühle in den Familien, die doch durchaus auf den
1886 2563 3073 2618 und keine Rasse sei, hat schon Schopenhauer gegeißelt.
174 2556 714 2628 jene dagegen mit Händen
714 2570 1895 2665 religiösen ruhen werden durch sie untergraben“; und so
1891 2592 3082 2677 Eben dieser Philosoph hat die Schamlosigkeit als den
176 2591 727 2678 über solche Bestrebungen
712 2607 1897 2706 manche jetzige Beamten= wie Offiziersehe gibt ihm darin
1881 2640 3083 2721 wesentlichsten jüdischen Charakterzug bezeichnet; er dachte
168 2647 722 2728 harisäisch. Gerade Lessing,
711 2672 1899 2741 recht. Bismarck endlich schlug seine erste studentische
1887 2678 3093 2757 dabei jedenfalls an die modernen Juden, welche er durch
182 2697 725 2780 größte Gegner der Juden
723 2710 1897 2797 Mensur gegen einen Juden namens Wolf; das bekannte
210 2730 718 2828 als sie die Bedrückten
1885 2734 3088 2826 persönliche Beobachtung kannte; ein schamloser Mensch
718 2766 1899 2844 1866er Attentat auf denselben Mann wurde von einem
170 2786 717 2877 cker sind und die Feinde
1887 2797 2810 2887 aber gehört nicht in anständige Gesellschaft.
728 2815 1900 2895 Jnden namens Cohen ausgeführt; und die gedeihliche
1989 2815 3086 2912 Der moderne Jude gleicht einem Adeligen, der
185 2840 721 2919 er sie tödlich bekämpfen.
730 2855 1908 2941 Entwicklung der inneren Politik des ersten deutschen
1902 2881 3079 2967 seiner Ehre verlustig ging; er ist also schlimmer dran,
164 2896 729 2968 edoch die Schädlichkeit des
731 2917 1903 2992 Reichskanzlers wurde, nach dessen eigener Aeußerung,
1894 2921 3093 2999 als wenn er nie adelig war; er hat seine Kaste verloren.
178 2939 733 3021 kinzusehen; diejenige des
722 2960 1900 3033 endgültig von einem Inden namens Lasker durchkrenzt.
1906 2979 3097 3051 Und er möchte darum die moderne Gesellschaft gern auf
186 2983 734 3071 nicht allgemein zugeben;
725 3013 1899 3092 Dieser fortlaufende Gegensatz gegen den großen deutschen
1897 3026 3092 3115 seinen Pariastandpunkt niederziehen. „Paria, leck mir die
168 3043 379 3117 als jene.
726 3057 1899 3141 Helden ist kein zufälliger. Die Juden sind, rein als
1900 3060 3099 3159 Stiefel ab,“ sagte Hebbel von den Juden und zu einem
165 3065 727 3168 ndt=Deutsche schon damals
161 3094 1915 3196 kkann man aus seinen solche Gegner des Fürsten Bismarck; sie sind es
182 3107 3098 3257 hrungen entnehmen: Dem bewußter= und unbewußterweise, weil jener der typische Juden, als letzterer ihm gegenüber zudringlich ward. Die
171 3167 3101 3340 nden nach geistiger wie Deutsche ist. Eine Menschensorte, welche den russischen! Deutschen sollten sich dieses Wortes stets erinnern; am
