3392 4384
1834 92 2357 174 Se
1215 215 1666 323 vom: 1/#7705
1245 381 2317 507 Theater, Kunst und Literatur.
1240 482 2369 598 Der Unterrichtsminister und die Verteilung des
1559 555 2013 630 Bauernfeld-Preises.
1321 607 2357 702 Wir haben bereits im Abendblatt kurz den Inhalt
1253 654 2361 752 jener Ausführungen wiedergegeben, mit welchen Unterrichts¬
1244 703 2363 794 minister Dr. v. Hartel der Anfrage des Abgeordneten
1256 739 2363 829 Dr. Pattai betreffend die Verleihung des Bauernfeld¬
1251 785 2358 871 Preises an Dr. Artur Schnitzler, den Verfasser des
1245 838 2375 920 Einakterzyklus „Lebendige Stunden“, entgegentrat. Im
1247 872 2378 967 nachstehenden veröffentlichen wir die erwähnte Inter¬
1248 922 2370 1000 pellationsbeantwortung nach ihrem Wortlaut. Der Minister
1247 961 2380 1040 erklärte: „Die Interpellanten scheinen von der Voraus¬
2446 993 2648 1064 inclusive
1255 994 2420 1095 setzung auszugehen, daß ich als Unterrichtsminister Mit=5.—
2470 1054 2629 1096 Porto.
1247 1010 2451 1125 glied des betreffenden Kuratoriums und als solcher für 8.—
2459 1087 2641 1139 Zahlbar
1251 1082 2368 1179 die Beschlüsse desselben verantwortlich sei. Demgegenüber
2451 1125 2690 1189 im Voraus.
1260 1150 2376 1212 beehre ich mich, zu konstatieren, daß ich nicht etwa als Unter¬
1262 1179 2688 1274 richtsminister in das Kuratorium dieser Stiftung berufen hohnitte ist aus
1258 1223 2701 1322 wurde, sondern auf Grund des Stiftungsbriefs vom 13. Ja-sich steht es den
1264 1264 2572 1341 nuar 1894 demselben angehöre. Obwohl ich mich demnach zu ändern.
1277 1320 2375 1401 nicht verpflichtet fühle, für meine Handlungen als Privat¬
1271 1363 2694 1435 mann Rechenschaft zu geben, so stehe ich doch nicht an, enthaltend die
1266 1416 2690 1495 zuzugestehen, daß unter meiner Teilnahme Gerechte undjer Morgen¬
1284 1435 2691 1520 Sünder, Christen und Juden, Ausländer und Inländer durch Wiener Zeitung")
1284 1471 2702 1567 Ehrengaben und Preise ausgezeichnet wurden, indem nach wirthschaftliche
1280 1512 2712 1609 dem Wortlaut und dem Geiste des Stiftsbriefs hiebei nicht wird. Diese Mit¬
1277 1581 2393 1661 der Taufschein, sondern literarische Leistungen maßgebend
1272 1615 2385 1699 waren. Allerdings wäre es dem Kuratorium leichter, seine
1278 1682 2402 1745 undankbare Aufgabe zu erfüllen, wenn einzig und allein
1292 1695 2407 1786 oder vorwiegend der Taufschein oder die Stammesange¬
1276 1761 2399 1835 hörigkeit seine Entscheidungen bestimmen könnte. Gegen den
1288 1786 2405 1887 Vorwurf aber, Literaten mißliebigen Ursprungs vor andern
1274 1831 2402 1913 zu begünstigen, kann das Kuratorium die Tatsache schützen,
1288 1887 2410 1949 daß den fünf in der Interpellation namhaft gemachten
1280 1923 2409 2013 Dichtern neunzehn christlicher Konfession mit dem Betrag
1293 1959 2411 2043 von mehr als 30.000 K. gegenübergestellt werden können.
1293 2010 2409 2082 Je schwieriger es ist, in Sachen der Kunst unfehlbar zu
1295 2055 2413 2135 urteilen, desto dankbarer werde ich sein, auf Künstler aus¬
1293 2090 2426 2162 merksam gemacht zu werden, deren Werke einen unbestreit¬
1282 2139 2426 2231 baren Vorzug vor andern verdienen. Parteipolitische Rück¬
1286 2185 2425 2272 sichten aber, welcher Art imliner, wirh die Kommission von
1265 2276 2415 2362 sich fernhalten müssen, wenn sie im Sinn des Stifter#
1267 2338 1653 2410 weiter wirken soll.“
1359 2357 2392 2428 Herr Dr. v. Hartel wird sich jedenfalls viel ###auß
1272 2419 2385 2478 einbilden, wie er sich „aus der Affäre gezogen hat“. Wir¬
1278 2465 2378 2520 sind dessen ungeachtet nicht in der Lage, ihm ein Komplimen##
1266 2514 2385 2571 zu machen, sondern wir müssen ihn im Gegenteil etwas
1279 2562 2379 2615 unsanft aus der selbstgefälligen Stimmung reißen, in der
1273 2595 2387 2647 er die Interpellation des Abgeordneten Paktai offenbar
1276 2641 2392 2700 beantwortet hat. Wenn der Unterrichtsminister meint, durch
1297 2685 2397 2750 die Art und Weise, in der er seine Mitwirkung bei der Er¬
1328 2724 2417 2792 ung des Bauernfeld=Preises begründete, wirklich über¬
1329 2765 2411 2829 gend dargetan zu haben, daß dem Kuratorium der Bauern¬
1337 2814 2405 2867 Stiftung eine einseitige Protegierung jüdischer Autoren
1276 2847 2398 2921 selb“, liege, so irrt er. Er ist überhaupt bei der Beurteilung
1269 2879 2400 2959 Dern Gründe, welche die Veranlassung dazu boten, gegen
1272 2937 2403 3005 die Prämiierung des Schnitzlerschen Werks aufzutreten, von
1273 2990 2409 3049 ganz unrichtigen Voraussetzungen ausgegangen und gelangte
1281 3027 2399 3084 daher natürlich zu ebenso unrichtigen Schlußfolgerungen.
1287 3072 2401 3119 Es handelt sich nicht darum, daß der „Taufschein“ an Stelle
1279 3112 2405 3173 einer literarischen Leistung maßgebend dafür sein soll, wer
1291 3161 2400 3207 den Bauernfeld=Preis zu bekommen habe. Ein derartiges
1293 3203 2404 3263 Verlangen wäre wirklich kindisch. Es wurde aber dem Kura¬
1282 3252 2400 3313 torium auch gar nicht der Vorwurf gemacht, daß es den
1279 3282 2414 3344 Preis nicht einem Autor zuwendete, der sich mit einem
1275 3338 2416 3393 Taufschein auszuweisen in der Lage war, sondern es wurde
1270 3373 2405 3441 vielmehr behauptet, daß, wenn die „Lebendigen Stunden“
1284 3419 2407 3478 nicht Herrn Artur Schnitzler, also ein Mitglied der
1271 3462 2407 3528 Wiener literarischen Clique, zum Verfasser gehabt hätten,
1277 3500 2394 3574 dieselben wahrscheinlich nicht mit einem Preise gekrönt
1276 3555 2401 3607 worden wären. Das ist aber ganz etwas andres, als der,
1265 3594 2397 3658 Herr Unterrichtsminister behauptete. Der literarische Wert
1263 3641 2394 3712 des Einakterzyklus kann es nicht sein, was die Prämiierung
1273 3686 2400 3749 zur Folge hatte, und es wäre daher, wenn kein andres,
1270 3724 2402 3799 besseres Werk vorlag, die Pflicht des Kuratoriums gewesen
1260 3774 2399 3821 von einer Verleihung des Preises überhaupt abzusehen. Dus
1265 3818 2401 3888 ist es, was durch die Interpellation gesagt werden sollten
1260 3862 2395 3923 und ((darauf hat Dr. v. Hartel keine Antwort gewußt,
1256 3898 2374 3958 denn durch das Witzeln über „Gerechte und Sünder“,
1265 3953 2400 3999 „Christen und Juden“ die vor dem Bauernfeld=Kuratorium
1267 3986 2405 4056 volle Unparteilichkeit finden, kommen wir nicht darüber
1263 4034 2393 4086 hinaus, daß die Herren Minor und Genossen die
1266 4067 2395 4142 „Lebendigen Stunden“ nicht prämiiert hätten, wenn nicht
1265 4126 2228 4194 eben Dr. Artur Schnitzler ihr Verfasser wäre.
