3392 4384
1234 202 1278 268 —
1232 278 1688 374 box 40/1
236 282 1082 386 Bauernfeld-Preis
597 1239 1041 1316 Telephon 12801.
222 1335 1426 1395 Alex. Weigl’s Unternehmen für Zeitungs-Ausschnitte
459 1380 1379 1540 „OBSERVEP“
1225 1438 1502 1533 Nr. 79
1083 1468 1150 1530 1
148 1526 1536 1598 österr. behördl. conc. Bureau für Zeitungsberichte u. Personalnachrichten
376 1585 1299 1664 Wien, I., Concondiaplatz 4.
155 1648 1546 1743 ertretungen in Berlin, Budapest, Chicago, Genf, London, Newyork, Paris, Rom,
479 1702 1200 1771 Stockholm, Kristiania, St. Petersburg.
139 1813 1350 1904 Ausschnitt aus: Kimerm, Wien.
155 1954 701 2074 vom:
990 2147 1466 2241 RR
441 2374 1398 2447 Das Recht der Verleihung des Bauernseldpreises
354 2436 1397 2487 wurde der Einfachheit halber direct der Alllance israélite
349 2483 605 2543 übertragen.
605 2733 1104 2803 Bezugs-Bedingungen:
1204 2766 1256 2823 11
252 2795 1195 2848 50 Zeitungsansschnitte (Artikel oder Notizen) Kr.
1201 2782 1543 2882 28.— inelusire
1355 2835 1517 2879 Porto.
223 2845 335 2897 100
1211 2857 1312 2902 50.—
1345 2872 1525 2925 Zahlbar
235 2890 335 2935 200
1194 2896 1330 2952 110.—
873 2913 939 2963 1
1183 2904 1580 2986 200.— im Voraus.
234 2929 344 2972 500
179 2965 354 3029 „ 1000
262 2977 1575 3060 Im Gegensatze zu anderen Bureaux für Zeitungsausschnitte ist das
156 3031 1582 3104 Abonnement durch keine bestimmte Zeitdauer begrenzt; — auch stcht es den
166 3062 1459 3145 Abonnenten frei die aufgegebenen Themen zu ergänzen oder zu ändern.
271 3152 1575 3224 Der „OBSERVER“ veranstaltet täglich einen Auszug enthaltend die
157 3186 1573 3267 Inhaltsangabe aller wichtigen Mittheilungen der Wiener Morgen¬
161 3217 1578 3303 [blätter (Tagesjournale ausser „Neue Freie Presse“ und „Wiener Zeitung“)
159 3279 1590 3347 wodurch eine Uebersicht über das gesammte politische und wirthschaftliche
163 3300 1579 3385 Leben des In- und Auslandes in drastischer Kürze geboten wird. Diese Mit¬
172 3351 1190 3431 theilungen werden in Wien um 9 Uhr Früh verschickt.
482 3432 1261 3524 Pnospecte duatis und franco.
2015 209 2123 260 .—
1772 1281 3008 1350 Alex. Weigl’s Unternehmen fur Zeitungs-Ausschhltte
2581 1328 2939 1429 Oce Ausschnltt
1680 1357 1838 1466 7 0
2775 1371 3127 1483 Nr.#2
2022 1387 2644 1482 „OBSLN VET
1668 1473 3119 1539 I. österr. behördl. oono. Bureau für Zeitungsberichte u. Personalnachrichten
1930 1532 2836 1614 Wien, I., Concondiaplatz 4.
1667 1597 3099 1664 Vertretungen in Berlin, Budapest, Chicago, Geuf, London, Newyork, Paris, Rom,
2029 1647 2744 1713 Stockholm, Kristiania, St. Petersburg.
1657 1767 2174 1856 Ausschnitt aus:
2319 1886 3003 1986 #Ssche Zeiien Se
1669 1904 2184 2054 vort ½7 703
2443 2058 3028 2176 KRSATZ
1753 2178 2891 2274 Wien, 31. März. (Eig. Mitth.) Unsere Vermuthung hat sich
1726 2246 2881 2316 hicht erfüllt, daß Minister v. Hartel die diesjährige Interpellation
1746 2282 2891 2353 der Christlich=Sozialen wegen der Verleihung des Bauernfeld¬
1729 2330 2879 2396 Preises an Schnitzler ebenso unbeantwortet lassen würde, wie
1731 2363 2888 2432 die vorjährige Frage der All=Deutschen in Sachen desselben
1722 2404 2891 2478 Preises, den Dörmann für seinen „Herrn von Abbadessa“ zugleich
1728 2442 2883 2507 mit einem Halbdutzend anderer Autoren erhielt. In den Haupt¬
1723 2487 2889 2545 punkten seiner heute im Abgeordnetenhause gegebenen Antwort
1732 2513 2886 2587 bemerkte Hartel freilich nicht viel anderes, als seinerzeit
1725 2551 2891 2622 die „Voss. Ztg.“ erklärt hatte: 1) Der Minister gehört
1725 2597 2897 2667 dem Kuratorium seit Anbeginn, 1894, und zwar nur als
1731 2634 2899 2701 Privatmann an. 2) Bauernfeld hat nie den Taufschein, sondern
1723 2675 2854 2749 lediglich die Begabung zum Prüfstein der Preiswürdigkeit ge¬
1726 2717 2874 2781 macht. Endlich machte sich der Minister den Spaß festzustellen,
2881 2726 3085 2787 inclusive
1725 2755 2876 2818 daß 5 Prämiirten jüdischer Abkunft 19 Arier gegenuberständen,
2892 2778 3052 2824 Porto.
1738 2789 2881 2859 die im Zug der letzten neun Jahre 30000 Kr. an Ehrengaben
2882 2809 3056 2864 Zahlbar
1734 2830 2867 2896 bezogen hätten. Sehr ruhig im Ton, desto bestimmter in
1822 2878 3112 2927 Sache fordert Hartel aber auch für alle Zukunft im Voraus.
1733 2897 1824 2945 der
2410 2905 3109 2969 daß es nur sachlich, te ist das
1734 2927 2407 2980 von dem Bauernfeld=Kuratorium
1739 2941 3121 3020 den Satzungen des Stifts=Briefes gemäß verfahren dürfe jeht es den
1728 2986 2984 3059 und müsse. Ob die Lektion nützen wird, bleibt abzuwarten, jern.
1728 3019 2889 3086 Die gegenwärtigen Kuratoren (Berger, Minor, Lewinsky, Weissel)
1734 3065 2872 3134 werden gewiß nicht um Haaresbreite von ihrer heutigen Linie
1736 3080 3119 3172 strenger Entscheidung nach Pflicht und Gewissen abweichen. Wie laltend die
1741 3150 3111 3209 weit der kuror teutonicus bisweilen geht, bezeugt am groteskesten Morgen¬
1696 3165 3099 3258 Bartels' Literaturgeschichte die u. a. den Ur=Germanen Ferdinand: Zeitung*)
2884 3202 3102 3248 aschaftliche
1742 3216 2885 3289 Kürnberger unter die Wiener Literatur=Hebräer einreiht und
1743 3264 3111 3330 fortfährt: „Vor allem war er Kritiker und man kann ihm, wie Diese Mit¬
1677 3302 1747 3350 t
1743 3304 2887 3370 seinem Rassegenossen Emil Kuh, an den er hier erinnert,
1740 3347 2895 3411 Scharffinn und richtige Empfindung bis zu der bestimmten
1740 3376 2910 3443 Grenze, wo sich Juden und Deutsche scheiden, nicht ab¬
1727 3408 2912 3482 sprechen.“ Wenn Kürnberger, der nichts weniger als ein vor¬
1741 3453 2906 3519 behaltloser „Judenknecht“ war, diesen Satz vor Augen bekommen
1726 3488 2911 3585 hätte — dann hätte der Schreibex nichts zu lachen gehabt, desto¬
1736 3545 2300 3611 mehr allerdings dessen Kritiker.
1834 3563 2930 3645 Milhelm Erhen Onniannafür dos  Gamn
2966 3588 3084 3682 10
