3344 4384
1649 176 2331 265 —.—.
1265 192 1477 266 —.—
1249 271 1687 364 box 40/1
239 275 1096 377 Bauernfeld-Preis
2048 1254 2512 1358 Telephon 12801.
590 1297 1071 1393 Telephon 12801.
1676 1355 2884 1448 Alex. Weigl'’s Unternehmen für Zeitungs-Aussohnitte
230 1401 1433 1475 Alex. Welgl’s Untornehmen für Zeitungs-Ausschnitte
2610 1416 2841 1491 Ausschnitt
2531 1455 2614 1512 D7
1088 1460 1386 1553 dee Ausschnitt
2673 1466 2926 1567 Nr. 61
1921 1472 2578 1562 „OBSLHVEN
464 1515 1151 1614 „OBSLHVEN
1232 1515 1501 1621 Nr. 22
1568 1535 3009 1651 I. österr. behördl. conc. Bureau für Zeitungsberichte u. Personalna- hrichten
201 1616 1506 1668 #terr behördl. oonc. Bureau für Zeitungsberichte u. Personalnachrichtt
1840 1629 2744 1706 Wien, I., Concondiaplatz 4.
145 1617 234 1715 A
230 1659 1296 1758 AC Wien, I., Concondiaplatz 4.
1520 1685 3001 1754 wcMüen in Berlin, Budapest, Chicago, Genf, London, Newyork, Paris, Rom,
1931 1735 2648 1808 Stockholm, Kristiania, St. Petersburg.
137 1728 1524 1807 Vertretungen'in Berlin, Budapest, Chicago, Genf, London, Newyork, P’aris, Roj
485 1784 1193 1848 Stockholm. Kristiaaia, St. Petersburg.
1562 1824 2812 1935 Ausschnitt aus: Fückel, Wien
136 1906 619 1984 Ausschnitt aus:
621 1878 1414 2015 Das Literarische Echo, Berien:
1573 2008 2249 2104 vom. „„ 1955
129 2043 466 2137 vom: 7%
458 2065 725 2167 1 14 07
368 2290 1335 2376 Preiserteilung. Der Bauernfeld=Preis (2000
1871 2338 2985 2404 Literat. Mit der Behauptung, daß, was Arthur Schnitzler kann,
295 2352 1310 2416 Gulden) wurde Arthur Schnitzler für seinen Einakter¬
1765 2403 2981 2443 zehnmal die ganze österreichische Heimatkunst aufwiegt, habe ich nicht
296 2394 1315 2456 Cyklus „Lebendige Stunden zuerkannt. Gegen diese
1769 2433 2986 2470 zu viel gesagt. Aber Sie haben sie zu wenig verstanden. Daß es in
299 2438 1315 2495 Verleihung haben die Christlich=Sozialen Wiens Protest
1761 2466 2975 2518 Oesterreich neben und über Herrn Schnitzler, dessen Weltanschauung
299 2472 1320 2542 erhoben. Der christlich=soziale Abgeordnete Dr. Pattai
1757 2514 2981 2562 den Frauen des Rathhausviertels besser als den Männern des Rathhauses
306 2516 1313 2581 brachte im Abgeordnetenhause eine Interpellation an
1764 2556 2970 2598 gefällt, starke Talente von einer, wie Herr Dr. Hartel sagt, nicht
293 2553 1320 2611 den Unterrichtsminister Hartel ein, worin Beschwerde
1763 2581 2982 2643 #missliebigen Abstammunge gibt, habe ich natürlich nicht leugnen
295 2580 1321 2654 darüber erhoben wird, daß der Bauernfelb=Preis in den
1761 2627 2976 2659 wollen. Der Vergleich galt nur der gewissen literarischen Sorte, die,
301 2637 1321 2695 letzten Jahren schon fünfmal an Juden verliehen worden
1765 2663 2970 2707 durch ein Schlagwort des Herrn Bahr zum Leben erweckt, die Bezeich¬
303 2669 1317 2743 sei. In seiner Antwort wies der Minister darauf hin,
1765 2700 2976 2742 nung Heimatkunste vorläufig nur durch Vorweisung eines Heimat¬
304 2705 1325 2778 daß unter den bisherigen 26 Preisempfängern der
1749 2729 2974 2785 „scheines rechtfertigt, jener auf den Provinzäckern weidenden Herde, die
303 2743 1328 2819 Bauernfeld =Stiftung sich 8 jüdische und 18 christliche
1737 2797 2916 2836 n literarischen Revuen viel Geschrei macht und wenig Wolle gibt.
315 2787 1321 2857 Schriftsteller befanden. Im übrigen habe Bauernfeld
2780 2822 2985 2881 inclusive
1696 2822 2738 2903 50 Zeitungsausschnitte (Artikel oder Notizen) nr. 10.—
311 2827 1329 2900 nicht den Taufschein, sondern die litterarischen Qualitäten
1575 2820 1698 2898 Für
2643 2827 2783 2912 28.—
2561 2868 2629 2910 „
2800 2870 2960 2911 Porto.
1358 2860 1532 2939 inclusiv
1685 2873 1792 2931 100
316 2867 1329 2951 als ausschlaggebend für die Preiserteilung angesehen.
2636 2885 2764 2938 50.—
2782 2899 2971 2959 Zahlbar
1685 2918 1798 2961 200
1366 2915 1520 2965 Porto.
2623 2926 2772 2979 110.—
1358 2952 1521 3000 Zahlbart
238 2950 287 2999 20
2631 2931 3015 3024 200.— im Voraus.
1187 2973 1316 3024 110.—
245 2994 341 3040 500
1668 2987 1798 3051 1000
1190 2984 1527 3063 200. im Voruf
1715 2997 3011 3088 Im Gegensatze zu anderen Bureanx für Zeitungsausschnitte ist das
191 3011 353 3086 „1000
1591 3056 3027 3138 Abonnement durch keine bestimmte Zeitdauer begrenzt; — auch steht es den
264 3044 1507 3124 Im Gegensatze zu anderen Bureanx für Zeitungsausschnitte ist
1213 3090 1507 3155 auch steht es 0
1597 3106 2900 3189 Abonnenten frei die aufgegebenen Themen zu ergänzen oder zu ändern.
169 3106 1177 3163 Abonnement durch keine bestimmte Zeitdauer begrenzt;
164 3153 1460 3207 Abonnenten frei die aufgegebenen Themen zu ergänzen oder zu ändern.
1701 3165 3018 3239 Der „OBSERVER“ veranstaltet täglich einen Auszug enthaltend die
1595 3212 3017 3297 Inhaltsangabe aller wichtigen Mittheilungen der Wiener Mergen¬
267 3205 1510 3282 Der „OBSERVER“ veranstaltet täglich einen Auszug enthaltend
1608 3254 3025 3337 Flätter (Tagesjonrnale ausser „Neue Freie Presse“ und Wiener Zeitung“)
160 3268 1536 3326 Inhaltsangabe aller wichtigen Mittheilungen der Wiener Morgel
1617 3283 3027 3369 wodurch eine Uebersicht über das gesammte politische und wirthschaftliche
152 3296 1543 3375 blätter (Tagesjournale ausser „Neue Freie Presse“ und „Wiener Zeitung
1618 3331 3016 3410 Loben des In- und Auslandes in drastischer Kürze geboten wird. Diese Mit¬
160 3341 1540 3400 wodurch eine Uebersicht über das gesammte politische und wirthschaftlic
153 3381 1533 3449 Leben des In- und Auslandes in drastischer Kürze geboten wird. Diese M.
1686 3378 2621 3466 Jungen werden in Wien um 9 Uhr Früh verschickt.
159 3423 1176 3491 theilungen werden in Wien um 9 Uhr Früh verschickt.
1927 3465 2686 3550 Pnospecte gnatis und fnanco.
473 3513 1265 3584 Prospecte gratis und franco.
