3436 4384
284 286 416 350 Bau
245 294 1093 378 Ehfeid reis
1966 170 2280 243 —
1247 269 1693 362 box 40/1
1541 1168 1994 1255 Telephon 12801.
1155 1245 2385 1357 Alex. Welgl’s Unternehmen für Zeitungs-Aussohnitte
1399 1338 2313 1455 „OBSERWED““
2157 1402 2420 1486 Nr. 50
1036 1467 2493 1545 I. östegr., Phördl conc. Bureau für Zeitungsberichte u. Personalnschrichten
1032 1499 2228 1600 4100 Wien, 1Concondiaplatz 4.
1040 1557 2496 1656 Vertretungen in Berlin, Budapest, Chicago, Genf, London, Newyork, Paris, Rom.
1402 1630 2133 1712 Stockholm, Kristiania, St. Petersburg.
1916 1696 1993 1768 V
1028 1744 2331 1826 Ausschnitt aus: Likeriki, Wien
1026 1893 1383 1983 vom: —
1446 1900 1718 1998 T 140
1156 2135 2208 2201 Antwort des Anterrichtsministers Dr. Hartel
1160 2199 2201 2249 auf die bekannte Interpellation des Dr. Pattai.
1242 2250 2201 2295 Von einer „Bevorzugung jüdischer Literaten“ kann
1164 2291 2202 2347 aus dem Grunde keine Rede sein, da die Preisrichter gar
1171 2342 2190 2395 nicht wußten, daß die Herren Schnitzler, Victor Léon, Dör¬
1169 2373 1803 2429 mann und Hirschfeld Juden seien.
1234 2394 2204 2456 Was die angebliche Zurücksetzung nichtjüdischer Dichter
1161 2445 2192 2486 betrifft, so erweist sich dieser Vorwurf schon deshalb hin¬
1158 2480 2192 2554 fällig, da es in Oesterreich gar keinen nichtjüdischen
1166 2529 1405 2586 Dichter gibt.
1238 2552 2190 2606 Die Preisrichter sind bei der Verleihung des Bauern¬
1171 2607 2193 2658 feldpreises 2 lkommen unparteiisch vorgegangen. Sie haben
1163 2647 2195 2691 sich um die Person des Dichters gar nicht gekümmert,
1153 2680 2192 2743 sondern blos solche Werke prämiirt, die schon an einen
1030 2676 1140 2761 Für
1164 2722 2112 2765 oder mehreren Bühnen mit Glanz durchgefallen sind.
2248 2717 2433 2790 inchsive
1227 2766 2197 2811 Wie gerecht das Curatorium bei der Preisvertheilung
2245 2773 2407 2823 Porto.
1163 2807 2197 2864 vorging, erhellt schon aus dem Umstande, daß der Stifter
2243 2811 2415 2861 Zahlbar
1161 2842 2187 2890 des Preises, der todte Eduard v. Bauernfeld gegen die
2233 2852 2469 2909 im Voraus.
1154 2883 2178 2939 wiederholte Verleihung des Preises an Juden niemals
2187 2907 2469 2972 nitte ist das
1164 2919 1593 2972 Einspruch erhoben hat.
1034 2933 1148 2995 Abo
2193 2955 2477 3017 stent es den
1226 2949 2184 3008 Was meine eigene Person anbelangt, so habe ich mich
1027 2986 1147 3038 Abo
2191 2990 2343 3053 indern.
1160 2985 2181 3047 an den Berathungen des Bauernfeld=Curatoriums nie als
1160 3036 2182 3081 Unterrichtsminister, sondern blos als „Zeitgenosse“ be¬
1160 3076 1328 3140 theiligt.
2175 3073 2463 3133 thaltend die
1027 3103 1157 3158 Inke
1324 3092 1773 3168 Sewientigen
2202 3121 2449 3173 Morgon¬
1034 3149 2035 3207 blätter (Tagesjournale ausser „Neue Freie Presse
2177 3159 2462 3212 ner Zeitung")
1027 3187 2464 3251 wodurch eine Uebersicht über des gesammte politische und wirthschaftliehe
1017 3228 2466 3282 Leben des In- und Auslandes in drastischer Kürze geboten wird. Diese Mit¬
1022 3271 2052 3330 theilungen werden in Wien um 9 Uhr Früh verschiekt.
1364 3362 2117 3433 Prospecre guatis und fnanco.
