3296 4224
1031 62 1142 162 /3
838 54 944 165 0 K
289 73 450 150 Ana
119 73 568 198 4. Anutol
9 1230 2312 1312 a det sidste er han begyndt at gereldem hadrer Giovanni Pascoli paajsit eget Spejlbillede. D'Annunzio ser
2357 1191 3108 1322 Anatol: Naa, naur her nu lke *
2302 1278 2452 1355 andre.
2 1278 1514 1356 istendommen sin Opvartning. Land-d’Annunzios Bekostning, formoder
1513 1280 2300 1374 sit Spejlbillede overalt, hvorhen han
15 1343 1515 1418 gtig paa Grund af sine Kreditorers man uvilkaarligt, naar denne pukker
1512 1346 2310 1423 vender sig, og oven i Kobet med en
2336 1325 3092 1439 Disse dramatiske Situationer herch
3 1399 737 1470 istende Taalmodighed stiller han sig
752 1403 1515 1478 paa sit Venskab med den dede Digter,
1515 1415 2298 1491 Glorie om Hovedet. Med saadan en
2291 1412 3091 1498 jo langtfra til den estrigske Digtere
11 1438 737 1521 Positur som en verdensforsagende
742 1454 1514 1541 en serlig Hensigt og bliver forstemt
1513 1455 2291 1541 Satning tager han nesten Luven fra
2294 1469 3095 1551 betydeligste Arbeijder, men ingen kan
15 1509 744 1593 lgrim og Graalsridder. Og for at
742 1513 2291 1599 eller munter, ganske efter Ens Tem-den Satiriker, der forleden i La vie
2296 1520 3097 1610 frakende dem en indtagende Elegance.
1 1563 744 1639 mme i Stemning har han ladet sin
747 1573 985 1644 perament.
1505 1577 3102 1648 parisienne lod en Travesti paa Maé- Om nogen virkelig Menneskeskildring
8 1624 751 1709 blig i Frankrig (som jo ogsaa Dante
789 1616 1513 1713 Forgvrigt rummer det lille Skrift,
1520 1650 3091 1729 stroens ophgjede Brevstil ende med er der i dem ikke Tale, — den kyniske
2 1677 743 1758 stede under sit Exil) udstyre med
746 1690 1507 1774 det netop er en Betragtning af og ikke
1515 1698 1849 1775 denne Hilsen:
2286 1695 3095 1774 og sentimentale Anatole, hans Ven
2 1747 745 1826 tter bibelhistoriske Billeder og ka¬
741 1744 1530 1833 over Deden, mange ypperligt gengivne
1557 1744 2294 1846 Jeg rekker Dem mine guddomme¬
2293 1757 3097 1843 Max og hans utallige Veninder er kun
3 1799 738 1881 ske Opbyggelsesbeger. Det er i saa¬
741 1812 1509 1889 Sanseindtryk i Skildringen af etDeds¬
1511 1812 1830 1903 lige Hander!
2280 1804 3102 1896 de lette Brikker i et Resonnementer-,
11 1854 738 1942 nne inspirerende Omgivelser, at det
739 1870 1522 1951 lejes knugende Atmosfere. Skonnest
2281 1872 3095 1958 nes Puslespil, hvis Lesning er denne
1798 1861 2255 1964 Gabriele dAnnunzio.
7 1927 733 2000 mfilologisk Kunststykke im pone¬
731 1924 1516 2015 er dog nogle Passager i Slutningen,
2283 1924 3105 2017 Moral: Kerligheden er det eneste,
0 1967 741 2057 rende San Sebastian er blevet til
737 1985 1514 2062 der ligesom opsummerer Bogens
2289 1995 3095 2079 som ger Livet verd at leve, og den er
1844 1973 1961 2074 II.
12 2038 738 2122 mt denne Betragtning af Doden,
739 2035 1536 2118 Grundstemning i Billedet af en Hund,
2289 2058 3095 2125 et latterligt Blandvark. Det er na¬
1555 2033 2290 2140 Hvor velgerende virker ikke efter
11 2101 734 2163 nnu Freken Regitze Winge har for¬
2287 2101 3102 2187 turligt, at Hr. Peter Nansen har felt!
744 2111 2291 2199 der serger over sine druknede Hvalpe: len d’Annuzios Retorik med dens sta¬
-13 2156 748 2224 nsket med sedvanlig Omhu. Den er
2291 2172 3106 2247 sig fristet til at fortolke dette bitter¬
799 2167 1509 2249 #knelende ned paa Jorden befelte jeg
1508 2179 2288 2260 dige Vekslen fra virkelig lyrisk Svul¬
3 2209 738 2282 ttil Mindet om hans Landsmand og
745 2223 1505 2297 da Moderens Yver, der var opsvulmet og
2290 2218 3099 2324 sede Evangelium. og at han har gjort
1520 2243 2278 2314 men til naragtig Svulst den ligevag¬
0 2269 744 2353 nstfalle, Giovanni Pascoli, og hans
743 2269 1506 2350 varmt imellem de lange redbrune og hvide
2293 2289 2609 2365 det med Held.
1508 2299 2282 2374 tige ironisk-selvironiske Tone i de fem
733 2332 1513 2421 Haar. Den stramme Lugt fra det forsemte
-9 2333 737 2405 erkt religiese franske Vart, der na¬
1505 2343 2294 2434 smaa Enaktere af Arthur Schnitzler,
741 2381 1422 2463 Moderdyr giorde mit Hjerte tungere.
-7 2388 440 2462 nsamtidigt er dede.
1509 2412 2296 2493 som Hr. Peter Nansen har oversat og
783 2454 1507 2513 Men desto varre afslutter d’An¬
-2 2429 742 2523 Endskent Pascoli i omtrent enhver
2608 2444 2760 2540 III.
1506 2480 2303 2537 formaaet Gyldendal til at tage i Kom¬
728 2513 1508 2578 nunzio Billedet af Bogen med en Linje,
4 2514 721 2587 nseende var d’Annunzios Modset¬
1515 2533 2295 2620 mission. Det er de samme, som Gran¬
2331 2509 3090 2612 Hvis en Dansker skulde danne sig
736 2567 1505 2640 som han ikke for alle Provinser i Ita¬
2 2564 726 2638 g (ferst og fremmest var han lige¬
1500 2588 2294 2673 viile Parker har omplantet paa En¬
2283 2576 3092 2662 et Begreb om moderne engelsk Roman¬
731 2624 1272 2707 lien skulde have skrevet:
1 2633 719 2704 bramfri, som denne er anmassen¬
1482 2627 2279 2723 gelsk, og et enkelt Replikskifte vil gere
2296 2645 3088 2721 digtning alene paa Basis af, hvad der
-2 2695 733 2756 ,fremstilles dog Forholdet imellem
784 2684 1511 2787 Og den hvide Lysstraale fra Fyret faldt
1508 2712 2277 2790 det forstaaeligt, at de har vundet sig
2283 2707 3084 2778 foreligger oversat paa Dansk, vilde
729 2755 1182 2823 over mit bsiede Hoved.
7 2752 734 2829 som noget nar et Fostbroderskab
1509 2771 2286 2855 et Publikum ogsaa i Oscar Wildes
2293 2750 3082 2842 Billedet blive uhyggeligt ensidigt. En
13 2811 728 2883 ganske vist platonisk indtil den
783 2796 1788 2891 Det er i Sandhed godt set! I etFedreland:
2273 2819 3093 2902 Hall Caine vilde komme til at indtage
-2 2855 722 2945 ere Telepati, og Tanker er jo told¬
728 2851 1517 2944 beremt fransk Prosadigt hedder det
2277 2880 3086 2962 en uforholdsmessig Plads, medens en
1562 2881 2300 2973 Man: Jeg ger dig opmerksom paa, at
-2 2918 722 2995 e. Naar man erindrer, at den skon¬
728 2927 1499 3005 om en stolt Kurtisane, at hun skrider
1503 2946 3091 3028 det er mig, du taler med. For mig behsver Meredith og en R. L. Stevenson vilde
11 2972 1523 3078 nste Del af Italiens literare Ung-Ifrem, som saá hun ude 1 Horisonten
1507 3000 2003 3087 du ikke at spille Komedie.
2284 3003 3084 3097 vare representeret nesten udelukken¬
