3484 4256
-14 2274 38 2326 1
-13 1849 53 1905 i
1 1948 40 1998 m
974 129 1355 239 box 7/3
330 143 768 242 4. Anatol
496 191 791 262 LAAIC E  —
248 1184 1881 1261 Arbeit der Polizei=trag für die Kost schuldig bleiben. Sie wird als etwas
211 1225 838 1277 m Zimmer der Ermordeten schlafen,
850 1221 1279 1290 streitsüchtig geschildert.
207 1273 840 1333 Wand getrenut, deren Quartierleut=,
939 1276 1882 1344 Lärm und Spektakel sind übrigens in dem Hause
210 1294 1884 1382 nn. Diese behaupten, trotzdem sie Odeongasse Nr. 1 sehr häufig und es vergeht keine Nacht,
205 1412 841 1472 erfläche. Daß im Gemüthe seiner
846 1415 1877 1486 weisen, einen offenen Sinn für die modernen Bestrebungen
198 1463 841 1516 nd einfältig sie auch sein mag, ein
849 1453 1882 1540 auf theatralischem Gebiete. Müller war sogar einer der
197 1505 843 1566 uß, das läßt er uns nicht einmal
860 1511 1878 1583 Ersten, die in Wien für Ibsen Propaganda machten. So
210 1554 848 1615 er dieses tiefe und schmerzliche Ge¬
847 1552 1878 1627 hoch er jedoch auch den nordischen Dramatiker schätzt, so
214 1598 833 1661 Tage gefördert hätte, erst dann
844 1604 1872 1668 ist er gleichwohl kein unbedingter Bewunderer seiner Werke.
209 1656 830 1709 und voll, erst dann hätte uns Bahr
855 1645 1877 1718 Er sieht in Ibsen nur einen Bahnbrecher und er wagt
208 1698 835 1760 haß er nicht nur ein geistreicher,
849 1701 1869 1758 sogar die kühne Behauptung, daß Gerhard Hauptmann
203 1744 832 1807 en Anempfindungsfähigkeit aus¬
845 1744 1873 1805 bereits über Ibsen hinausgedrungen sei, und daß er ihn in
218 1776 837 1839 sondern auch ein Dichter ist. Diesen
847 1782 1881 1856 den „Einsamen Menschen“ an Gestaltungskraft übertroffen
205 1832 483 1898 och erbringen.
848 1838 1873 1908 habe. Seltsamerweise besitzt Müller, der ja einen scharfen
220 1874 833 1932 eHermann Bahr's ist Arthur
848 1892 1877 1950 theaterpraktischen Blick hat, für die modernen französischen
207 1930 834 1982 ings die schillernde Beweglichkeit des
851 1929 1874 2004 Dramatiker gar kein Verständniß. Er preist unter den
216 1976 831 2029 fehlt. In seinem Buche „Anatol“
848 1975 1879 2052 Meistern der französischen Bühne nur Augier, der jetzt schon
221 2024 823 2086 des Bibliographischen Bureaus)
844 2018 1864 2098 in Frankreich als antiquirt gilt, und er geräth in einen
208 2076 833 2129 itzler in sieben reizenden Einaktern
842 2071 1867 2145 heiligen Zorn beim Gedanken, das Wilbrandt als Burg¬
215 2115 824 2171 und als geistvollen und scharfen
836 2126 1869 2188 theaterdirektor die Pariser Dramatiker auf der ersten Bühne
196 2168 825 2228 hidentigen Gesellschaftssebichte kennen.
839 2157 1872 2233 Deutschlands eingebürgert. Das ist eine deutschthümelnde
204 2215 834 2268 us demselben Holze geschnitzt, wie
833 2214 1870 2272 Schrulle, von der den zukünftigen Direktor des Raimund¬
206 2259 1862 2330 . aber er hat mehr Gemüth, mehr] Theaters die harte Zucht der Nothwendigkeit gar bald heilen
841 2302 982 2365 dürfte.
211 2304 828 2368 gende Könperlichkeit, als der Held
215 2344 832 2412 Ehebruchsgeschichte. Und obendrein
932 2356 1867 2422 Von demselben Autor ist dieser Tage erst ein neues
196 2395 830 2451 Maivetät der Empfindung inmitten
843 2395 1859 2464 Buch „Im Jahrhundert Grillparzer's“ (Wien, Verlag von
192 2441 832 2501 ption. Durch diesen Zug gewinnt
845 2452 1544 2509 Kirchner und Schmidt 1893) erschienen.
194 2483 836 2557 hie. Anatol richtet vorderhand sein
919 2485 1856 2556 In diesem Werke liefert der Verfasser durch eine ein¬
198 2525 819 2600 skünstlerinnen, Balletbamen und
837 2534 1863 2597 gehende und an psychologischen Tiefblicken reiche Charakte¬
224 2584 826 2646 da ihn der Verfasser als ver¬
834 2589 1867 2660 ristik der hervorragendsten österreichischen Dichtergestalten
204 2624 827 2693 ßt, so werden wir hoffentlich in
842 2635 1861 2704 ein lebendiges Bild jenes literarischen Jahrhunderts in
221 2681 825 2737 seinen externen Liebesdrang auf
841 2683 1853 2742 Oesterreich, das mit dem 15. Jänner 1891, dem hundertsten
212 2722 823 2803 rtieferen Perspektive sich bethätigen
839 2734 1861 2784 Geburtstage Grillparzer's, seinen Abschluß gefunden. Es ist
834 2769 1850 2834 dies eine sehr verdienstliche Arbeit, die jedoch eine viel
200 2813 1856 2890 [Guttenbrunn ist kein Jünger dertiefere Perspektive dadurch gewonnen hätte, wenn der Autor
198 2867 1858 2938 esitzt trotzdem, wie seine „Drama= nicht leichthin, sondern in eindringlicher Weise die Dichter,
205 2913 1897 2994 sden, E. Pierson's Verlag 1892) be=1 deren Entwicklung er vorführt, mit den geistigen Strö¬
1894 1177 2931 1256 Mörder zunachst erdroffelt hat. Die
1896 1247 2929 1312 Schnalle war rechts vorne am Halse, der freie Theil des
1892 1288 2562 1349 Riemens hing über die Brust binab.
1976 1330 2939 1392 Am Halse waren von links nach rechts
1885 1428 2939 1502 mungen unserer Zeit in Zusammenhang gebracht und da¬
1888 1473 2250 1539 nach gedeutet hätte.
1971 1503 2929 1575 Der Privatdozent an der hiesigen Universität, Herr
1883 1561 2929 1630 Dr. Emil Reich, sonst ein friedlicher, theoretisirender
1890 1614 2933 1665 Aesthetiker, ist in seinem Buche „Die bürgerliche Kunst
1883 1664 2937 1727 und die besitzlosen Klassen" (Leipzig 1892, Verlag von
1890 1712 2925 1779 Wilhelm Friedrich) jählings als geharnischter Fürsprecher
1881 1763 2927 1819 der modernen Kunst und der Forderung: Panem et
1884 1805 2926 1876 circenses (Brot und Spiele) auf die Arena des künstleri¬
1896 1847 2923 1917 schen und politischen Parteikampfes hinausgestürmt. Er
1882 1894 2934 1974 übersieht jedoch in seinem Feuereiser, daß viele Wege in
1894 1944 2443 2015 den Tempel der Kunst führen.
1966 1992 2918 2063 Von einem Künstler zu verlangen, daß er ausschließ¬
1881 2045 2918 2086 lich soziale Stoffe behandeln soll, ist ein einseitiges, unge¬
1876 2087 2922 2152 rechtes Begehren. Seinem beredten Plaidoyer hingegen,
1878 2133 2932 2196 dafür, daß man die soziale Frage nicht blos als Magen¬
1875 2186 2925 2245 frage betrachten dürfe, sondern dem arbeitenden Proletariar
1887 2227 2914 2272 auch sein Recht auf geistigen Genuß mittelst Antheil an der
1878 2278 2923 2335 Kunst sichern müsse, stimmen wir aus ganzem Herzen bei.
1970 2325 2924 2368 Und nun wollen wir zum Schluß noch die Arbeit
1883 2365 2652 2422 eines jungen Schriftstellers, Herrn B.
2787 2373 2912 2433 her¬
1883 2415 2918 2479 vorheben, der durch zwei gediegene kulturgeschichtliche Werke
1870 2461 2926 2511 über Rußland bereits die Anerkennung fachwissenschaftlicher
1872 2507 2924 2569 Kreise errungen hat. Seine jüngste Arbeit: „Die Roma¬
1882 2556 2916 2617 now's“ (Berlin 1893, Verlag S. Cronbach), behandelt auf
1875 2597 2910 2650 Grund eines reichen Quellenmaterials intime, zumeist
1880 2644 2911 2718 erotische Episoden aus dem russischen Hofleben. Bei der
1866 2699 2918 2762 Lektüre dieses Werkes findet nicht nur der Historiker, son¬
1869 2741 2917 2804 dern auch der gewöhnliche Leser seine Rechnung. Es ist
1868 2782 2919 2860 interessant, pikant, liest sich fast wie ein Roman und wird
1876 2830 2616 2906 daher sicherlich bald sein Publikum finden.
2409 2891 2881 2967 Marco Brociner.
