3296 4224
176 115 528 221 4. Anat
824 120 1222 222 box 7/3
332 144 659 241 Hlador
717 942 1171 1060 Telefon 12801.
2239 979 2649 1057 Telefon 12801.
252 1058 1613 1159 Alex. Weigl's Unternehmen für Zeitungs-Ausschnitte
1769 1094 3137 1176 Alex. Wzigl’s Unternehmen für Zeitungs-Ausschnitte
1273 1137 1478 1209 Ausschaltt
2779 1152 2999 1222 Ausschaltt
265 1123 532 1254 720
584 1178 1495 1273 „OBSERVEN N.,
2112 1199 3136 1308 „OBSEKVEn Nr. 20
206 1273 3166 1393 I. österr. behördl. conc. Bureau für Zeitungsberichte u. Personalnachrichten I. österr. behördl. conc. Bureau für Zeitungsberichte u. Personalnachrichten
367 1341 1498 1438 Wien, IX, Türkenstrasse 17.
1887 1376 3017 1461 Wien. IX, Türkenstrasse 17.
581 1418 1273 1512 — Filiale in Budapest: „Figyelö“ —
2093 1444 2817 1534 — Filiale in Budapest: „Figyelé“ —
202 1478 1655 1593 Vertretungen in Berlin. Chicago, Genf, Londen, Newyork, Paris, Rom, Stockholm.
1702 1505 3165 1600 Vertretungen in Berlin. Chicag“ Genf, London, Newyork, Paris, Rom, Stockbolm.
197 1597 747 1702 Ausschnitt aus:
790 1576 1435 1744 Famtg nderhlar
2579 1631 2975 1737 nepeet
1700 1640 2487 1735 Ausschnitt aus:
192 1735 742 1847 voni#/1 1700
1707 1737 2358 1878 „ I17 1000
1862 2075 2928 2141 Der wienerische Einacter=Cyklus „Anatol“ Arthur
1812 2116 2914 2193 Schnitzlers hat Herrn Coschell zu 41 Bildern
330 2144 1305 2250 Anatol. Von Arthur Schnitzler. Illustrirt von
1823 2171 2913 2249 und Bildchen angeregt. Die graziöse Anmuth und liebens¬
400 2216 1132 2293 M. Coschell. Berlin, S. Fischer.
1817 2229 2900 2299 würdige Ironie des Dichters mit dem Stifte zeich¬
369 2236 1292 2333 Die Skizzenfolge Schnitzler's, „Anatol“, ist bei
1834 2279 2909 2359 nerisch wiederzugeben, ist gewiß eine lockende Aufgabe.
290 2294 1300 2368 ihrem Erscheinen auf das Eingehendste an dieser Stelle
1830 2316 2907 2404 Aber dem Zeichner fehlt Eleganz; der Parfüm des „süßen
296 2336 1291 2417 besprochen worden. Die Hoffnungen, die wir damals
1825 2371 2923 2474 Mädels“ wie jener des Anatol entströmen seinen Blättern
304 2381 1292 2451 in Bezug auf diese prickelnden, in ihrer Art un¬
297 2418 1293 2495 vergleichlichen Skizzen aussprachen, haben sich ver¬
1823 2429 2921 2504 nicht. Die vom Dichter erregte Phantasie vermag er nicht
293 2455 1297 2520 wirklicht. Schon ist das dritte Tausend in die Welt
1838 2470 2921 2550 auszudrücken; es geht seinem Stifte die lässige, geistreiche
304 2501 1292 2578 hinausgegangen, und zwar in einer herrlich aus.
1838 2526 2882 2601 Wiener Art ab. — Das geschmackvoll ausgestattete Auch ist
232 2535 1298 2631 Par gestatteten und sinnreich illustrirten Ausgabe, wie sie
327 2574 1349 2648 zu diesen „Rare-bits“ der modernen Literatur paßt. „
1744 2575 2858 2680 Für im Verlage S Fischer in Berlin erschienen. HN.
1960 2605 2911 2681 ktlag S. Basche kar aun amtzen) Kr. 15.—
765 2592 1607 2694 diese beiden Worte könnten 1—] inclusire
2930 2609 3154 2693 inclusive
303 2618 769 2686 4Liebe" und „Jugend“ —
1402 2659 1586 2706 Porto.
2758 2656 2894 2709 28 —
1831 2654 1948 2707 100
309 2655 1313 2731 #llein als Motto für Schnitzler's reizende Anatol=„
2946 2670 3122 2725 Porto.
1828 2691 1964 2743 200
1381 2688 1601 2744 Zahlbar
2699 2674 2765 2761 1
316 2694 1315 2763 Skizzen dienen, denn sie stellen eine künstlerisch=graciöse
2931 2706 3133 2764 Zahlbar
1834 2735 1956 2786 500
2746 2721 2918 2791 110.—
303 2707 1624 2811 Verbindung beider dar freilich mit einer picanten (—] im Voraus
2734 2740 3146 2834 200.— im Voraus.
1771 2750 1957 2841 „ 1000
286 2772 1303 2843 Beimischung dessen, was man aus Verlegenheit um
176 2789 1640 2890 Aban ein besseres Wort mit „Decadence“ zu bezeichnen pflegt. usschnitt= ist dns
1836 2808 3179 2885 Im Gegensatze zu anderen Bureaux für Zeitungsausschnitte ist das
183 2843 1650 2923 4onnn Der Band wie er jetzt vorliegt, präsentirt sich als eine auch steht es den
1715 2856 3181 2938 Abonnement durch keine bestimmte Zeitdauer begrenzt; — auch stcht es den
1252 2888 1490 2958 zu ändern.
300 2906 1077 2968 Art vornehmen Junggesellen=Geschenks.
1720 2907 3029 2974 Abonnenten frei die aufgegebenen Themen zu ergänzen oder zu ändern.
316 2962 1644 3033 Der „OBSERVER“ veranstaltet täglich einen Auszug enthaltend die
1838 2985 3177 3053 Der JBSERVER“ veranstaltet täglich einen Auszug enthaltend die
184 2992 1643 3074 Inhaltsangabe aller wichtigen Mittheilungen der Wiener Morgen¬
1722 3010 3174 3079 Inhaltsangabe aller wichtigen Mittheilungen der Wiener Morgen¬
173 3028 1644 3114 brätter Tagesjournale ausser „Neue Freie Presse“ und „Wiener Zeitung“)
1731 3071 3176 3129 blätter (Tagesjournale ausser „Neue Freie Presse“ und „Wiener Zeitung“)
171 3065 1638 3148 wo lurch eine Uebersicht über das gesammte politische und wirthschaftliche Leben
1725 3114 3170 3165 wodurch eine Uebersicht über das gesammte politische und wirthschaftliche Leben
173 3116 1640 3187 0%s In- und Auslandes in drastischer Kürze gebeten wird. Diese Mittheilungen
1719 3152 3179 3226 des In- und Auslandes in drastischer Kürze gebeten wird. Diese Mittheilungen
174 3157 1001 3227 werden in Wien um 9 Uhr Früh verschickt.
1727 3191 2554 3262 werden in Wien um 9 Uhr Früh verschickt.
487 3224 1340 3330 Prospecte gratis und franco.
2023 3255 2883 3350 Prospecte gratis und franco.
