3436 4320
23 907 98 998 11
-16 1186 106 1267 Ga
-16 1245 112 1312 Wir
-17 1301 111 1359 Anch
6 1349 96 1413 en F
0 1396 104 1456 esot
-12 1441 107 1507 Gab
-9 1495 121 1561 „Wie
-13 1552 108 1606 Ang
-20 1597 106 1657 Gal
-14 1640 118 1699 wahr
-10 1695 112 1753 An
-14 1737 124 1801 Gal
-19 1778 116 1843 And
-16 1837 119 1895 Gal
-16 1875 121 1949 dsag
-15 1932 110 1994 Anc
-13 1982 110 2039 Ga
-14 2026 110 2090 Anc
-11 2075 118 2138 Gab
-8 2123 112 2182 Anc
-9 2170 114 2227 man
-4 2219 116 2279 Gab
25 2264 105 2326 te si
24 2315 109 2375 lnc
56 2414 108 2461 1#
9 2504 111 2564 Anc
-19 2553 109 2611 Gal
-15 2598 114 2657 inges
-17 2651 110 2708 Anc
-17 2738 74 2802 Ga
-7 2783 119 2850 Ana
-12 2839 111 2900 Gab
-18 2936 122 3000 ls GA
-19 2986 109 3051 azu
-6 3036 118 3096 Ana
27 3086 117 3140 ab
1027 181 1416 282 box 7/3
363 181 739 288 4. Anat
527 210 862 314 Anator
284 751 647 831 e Kufsäfsung e.
254 783 2357 865 en Spalten des auf die Bundesgenossenschaft einzelner jubalterner Priester,e. — n Kle., Lurn
596 806 2980 925 die aus Verblendung oder Pflichtvergessenheit ins anti leugnung der Wahrheit zu brilliren. Wir sehen nur nicht ein, daß
258 914 2970 967 kr Drohung, sein j semitische Horn stoßen, denn nicht diese sind es, denen die sich die hievon Betroffenen das so ruhig gefallen lassen. Ist denn
1780 919 2975 994 eine Berichtigung wirklich eine ausreichende Sühne für derartige
612 953 1794 1006 Leitung der Kirche obliegt, diese ist Sache des Papstes und
258 956 620 1026 gegenzusetzen, so
1786 957 2982 1018 Verunglimpfungen? Das „Deutsche Volksblatt“ macht dem
616 1003 2966 1070 der Bischöfe, die, in Befolgung der Lehre Jesu Christi, den Bürgermeister und dem Weihbischof von Wien den schwerwiegenden
258 1009 614 1085 stigen Herrn und
616 1138 1798 1205 von sich. Daß es nur ein Stück ihrer Seele ist, wird den
1884 1132 2986 1212 Gabriele: Sie wissen ja — der specielle Fall interessirt
277 1135 625 1215 ander in den
616 1192 1791 1256 Frauen, welche das andere Stück zu retten suchen, als Trost
1791 1195 2743 1271 mich. Wir wollen ja dem speciellen Fall etwas kaufen!
256 1194 635 1273 heutt man derzeit
617 1252 1785 1309 dienen. Anatol hat mit Fällen zu schaffen. Daß sie typisch
1887 1231 2982 1305 Anatol: Dort, in der . . . .. „kleinen Welt“ gibt's keine
266 1246 622 1310 rauen mehr, was
620 1302 1789 1356 seien, zwingt uns der Dichter gar nicht auf. Was wir aus
1780 1300 2992 1362 speciellen Fälle — eigentlich auch in der großen nicht.... Ihr seid
249 1291 622 1361 iist. Und was
616 1336 1787 1403 dem feinen ironischen Zug, der die Anatol=Episoden umspielt,
1790 1340 2229 1423 ja Alle so typisch!....
258 1336 623 1408 ... Du lieber
619 1393 1791 1460 nicht errathen oder nicht errathen wollen, bleibt eben in der
265 1388 624 1457 einen Antheil an
1882 1372 2390 1462 Gabriele dringt weiter:
620 1439 1795 1486 Schwebe. Es ist immer nur das halbe Empfinden, das nicht
260 1435 628 1497 hhmen? Die Ber¬
1881 1444 2390 1511 „Wie empfängt Sie denur
624 1478 1805 1545 auf den Grund geht, ein Hingleiten, das im Gemüthe keine
260 1478 628 1545 publik schmeicheln
1889 1466 2696 1559 Anatol: Ach — wie man eben empfängt. —
615 1528 1796 1601 Furchen läßt; kein Erhitzen, keine Wärme, kein schneidender
252 1523 614 1598 de schließlich noch
1894 1519 2975 1605 Gabriele: Sie hört Ihre Schritte schon auf der Treppe....
624 1572 1786 1632 Ton, aber ein reizvolles Stakkato des Gefühls, Bogen¬
249 1575 624 1654 Kehlt nur noch der
1783 1583 1895 1670 nicht
621 1622 1793 1686 führung aus leichtem Handgelent. Die Tonart ist nicht aus¬
1892 1614 2512 1697 Anatol: Ja .... zuweilen
606 1668 1794 1725 gesprochen. Man könnte aber die Stücke aus einem höheren
265 1658 596 1758 ngelsmann.
1890 1662 2687 1760 Gabriele: Uno steht bei der Thüre? ....
620 1723 1795 1788 Gesellschaftston spielen, und „der bösen Dinge hübsche
1880 1715 2222 1797 Anatol: Ja!
621 1762 1806 1835 Formel“ behielte ihre Geltung. Die vornehme Gabriele,
1887 1751 2982 1857 Gabriele: Und fällt Ihnen um den Hals — und küßt Sie
613 1818 1801 1888 welche den Anatol bei den Weihnachtseinkäufen für sein
1831 1821 2487 1905 und sagt .... Was sagt Sie denn?
249 1820 526 1925 kitzler.?)
621 1861 1799 1941 „süßes Mädel“ begleitet, deutet selbst auf das Transponiren!
1879 1871 2866 1944 Anatol: Was man eben in solchen Fällen sagt....
261 1898 941 1988 seinem Anatol nach oben hin.
1879 1923 2602 1997 Gabriele: Nun .... zum Beispiel!
280 1964 633 2030 Oder sie verhüllt
717 1938 1802 2031 Gabriele: Ich kenne ja Ihren Geschmack... Wird wohl
1890 1982 2527 2037 Anatol: Ich weiß kein Beispiel.
625 2014 1637 2076 wieder irgend was vor der Linie sein — dünn und blond!
253 1988 626 2081 us in das Heim
1886 2006 2572 2083 Gabriele: Was sagte Sie gestern?
245 2069 627 2124 uns von Circus¬
712 2058 1366 2128 Anatol: Blond — gebe ich zu.
1893 2050 2998 2139 Anatol: Nichts Besonderes .... Das klingt so einfältig,
249 2101 630 2181 ed Soupers“ sich
713 2084 1794 2172 Gabriele: ... Ja, ja .. blond ... es ist merkwürdig,
1793 2095 2750 2179 wenn man nicht den Ton der Stimme dazu hört! ....
273 2154 1792 2214 ie „Frage an das daß Sie immer mit solchen Verstcidamen zu thun haben — aber
1899 2134 2943 2238 Gabriele: Ich will mir ihn schon dazu denken! Nun —
251 2202 630 2263 eine“ der schönen
615 2205 789 2281 immer!
1791 2207 2076 2288 was sagte sie?
248 2250 627 2317 und den kostbaren
716 2236 1795 2316 Anatol: Gnädige Frau — meine Schuld ist es nicht.
1884 2229 2889 2321 Anatol: „Ich bin so froh, daß ich Dich wieder hab'.“
716 2302 1798 2366 Gabriele: Lassen Sie das — Oh, es ist auch ganz gut,
248 2300 626 2360 ten „Liebe“. Sie
1878 2299 2638 2376 Gabriele: Ich bin so froh! — wie?!
254 2343 1797 2415 morgen“ Anatol's daß Sie bei Ihrem Genre bleiben.. es wäre ein großes Unrecht,
1885 2346 2645 2420 Anatol: Daß ich Dich wieder hab'!...
249 2387 628 2461 Koral ist gerettet,
617 2393 1521 2457 wenn Sie die Stätte Ihrer Triumphe verließen ...
1888 2390 2869 2475 Gabriele: Das ist eigentlich hübsch — sehr hübsch!
716 2424 1800 2518 Anatol: Aber was soll ich denn thun — man liebt mich
250 2438 629 2500 rSitte, wo wir
1885 2443 2639 2517 Anatol: Ja, es ist herzlich und wahr!
254 2484 626 2551 Halbdunkel von
619 2483 1014 2563 nur da draußen...
1882 2474 2990 2571 Gabriele: Und sie ist ... immer allein? — Ihr könnt'
252 2538 630 2602 mehr Licht werden
725 2515 1709 2605 Gabriele: Versteht man Sie denn ... da draußen?
1792 2534 2231 2618 Euch ungestört sehen!?
257 2580 639 2648 fester zusammen¬
719 2577 1794 2644 Anatol: Keine Idee! Abei sehen Sie... in der kleinen
1886 2572 2984 2654 Anatol: Nun ja — sie lebt so für sich — sie steht ganz
258 2628 1761 2694 amüsirt und wird! Welt werd' ich nur geliebt; in der großen — nur verstanden —
1781 2623 2943 2717 allein — keinen Vater, keine Mutter... nicht einmal eine Tante!
260 2682 619 2742 n Wegen un so
614 2676 956 2758 Sie wissen ja.
1890 2686 2740 2765 Gabriele: Und Sie... sind ihr Alles...?
250 2722 633 2795 inden Witz geräth
1893 2713 2837 2811 Anatol: .. Möglich Heute.. (Schweigen.)
713 2727 1794 2795 Und nun soll Anatol der stolzen Gabriele „die ganze
257 2775 619 2843 seine Beobachter,
1888 2762 2982 2842 Gabriele kommt auf das Geschenk... Sie reicht
629 2782 1784 2842 Geschichte“ erzählen. „Es ist aber gar keine Geschichte!“
245 2813 622 2883 In den „Anatol“.
1785 2834 2980 2898 Anatol ein paar Blumen, die sie in der Hand hält. Er soll
628 2837 1790 2904 bemerkt er, und wir ahnen längst, daß es eine „Geschichte“
243 2876 621 2941 Frauenseele, so leicht¬
1795 2881 2987 2945 diese als Gruß in die Vorstadt tragen. „Aber ... Sie müssen
631 2881 1793 2958 nur einmal zwischen Anatol und Babriele gegeben haben muß.
252 2912 637 2981 flegen. Er verbeißt
1791 2934 2246 2995 was dazu ausrichten.“
725 2938 1572 2995 Gabriele: Wie lernten Die sie kennen ...?
250 2963 636 3027 us, sondern streift
719 2958 1783 3045 Anatol: Gott — wie man eben Jemand kennen lernt! —
1877 2961 2748 3041 Anatol: Enädige Frau — Sie sind so lieb —
256 3010 639 3093 be einen Handschuh
1889 3015 2980 3108 Gabriele: Versprechen Sie mir, ihr's zu bestellen ... und
622 3008 1800 3086 #mf der Straße — beim Tanz — in einem Omnibus — unter einem
1763 3079 2640 3164 mit den Worten, die ich Ihnen mitgeben will —
600 3079 910 3164 R genschirm —
