3296 4224
183 130 571 219 4. Anato
836 129 1210 228 box 7/3
360 175 652 240 A1.G 1
828 830 1238 899 Telefon 12801.
705 937 1708 1011 Unternehmen für Zeitungs-Ausschnitte
366 927 691 1059 Aler, Weael
1375 992 1568 1052 Ausschaltt
701 1040 1702 1146 „OUSERVEN“ Nr. 67
313 1133 1760 1223 I. österr. behördl. cone. Bureau für Zeitungsberichte u. Personalnachrichten
482 1204 1601 1307 Wien, IX Türkenstrasse 17.
658 1288 1386 1378 — Filiale in Budapest: „Figyelé“ —
275 1366 1750 1446 Vertretungen in Berlin, Chicago, Genf, London, Newyork, Paris, Rom, Stockholz..
298 1491 1641 1571 Ausschnitt aus: Aen de egenwent
1251 1566 1745 1713 Suachen
298 1631 696 1718 vom Ger
1392 1953 1519 2042 —
809 1984 1499 2075 Arthur Schnitzler. „Anatol“ illast-
752 2030 1497 2109 Wriert von M. Coschell. 1.—9. Auf¬
770 2079 1504 2157 lage. Berlin, S. Fischer Verlag 1901.
800 2137 1491 2195 Anatol, ein Buch, nach dem man
753 2148 1493 2235 mit Glacéhands#huhen greift, um mit
746 2222 1478 2270 den plumpen Händen den feinen
747 2254 1466 2300 Zaüber dieser feine.. Arbeit nicht zu
746 2290 1476 2340 verwischen, ein Buch, das man am
737 2327 1473 2389 liebsten in Goldschnitt und aufelegan¬
744 2370 1472 2426 tem Büttenpapier lieben Frauen auf
740 2406 1481 2467 den Weihnachtstisch legen möchte,
337 2445 1471 2516 Für 50 Zeitungsauss ist sceben bei Fischer in Borlin von
1518 2462 1717 2541 inclusive
745 2488 1469 2546 Coschellillustriert erschienen. Leider
1546 2515 1700 2564 Porto.
743 2524 1470 2579 illustriert. Oder sollen wir besser
431 2537 497 2578 200
1530 2549 1705 2606 Zahlbar
740 2557 1466 2627 sagen leider von Coschell illustriert.
742 2569 1740 2672 Es sind noch selten zu einem guten 1] im Voraus.
390 2604 506 2672 1000
736 2644 1475 2700 Buche so schlechte Zeichnungen ge¬
430 2658 736 2726 Im Gegensatze
744 2664 1762 2738 fertigt worden. Schon das Titelbild, hnitte ist das
308 2698 729 2762 Abonnement durch ke
741 2711 1768 2778 Cora aus: „Die Frage an das Schick- 1 stcht es den
1489 2748 1608 2815 dern.
313 2751 743 2819 Abonnenten frei die au
752 2769 1477 2831 sal“ mit geschlossenen Augen in
747 2809 1472 2859 einem Fauteuil ruhend ist etwas ab¬
457 2813 742 2891 Der „OBSERY
742 2827 1763 2895 schreckendes. Es wäre eine mühe- jenthaltend die
313 2860 735 2931 Inhaltsangabe aller
1474 2878 1760 2932 r Morgen¬
747 2877 1474 2932 volle und wirklich undankbare Auf¬
308 2914 515 2966 blätter
543 2918 739 2970 (Tagesjoui
750 2906 1762 2971 gabe, jeder einzelnen Illustration den jiener Zeitung“!
307 2948 735 3011 wodurch eine Uebersic
752 2961 1755 3023 verdienten Tadel zu widmen. So un- haftliche Leben
493 2994 739 3047 und Ausland
735 2984 1781 3056 graziös, so geschmacklos, so ganz  Mittheilungen
312 3035 731 3103 werden in Wien um 9
744 3045 1474 3094 ohne jedes Verständnis und ohne jeg¬
746 3085 1465 3137 liches Erfassen der Stimmung hätte
617 3104 733 3177 Pr¬
740 3120 1466 3173 Anatol nicht illustriert werdendürfen.
749 3160 1476 3205 Dem Werte des Buches kann das
749 3199 1471 3254 keinen Abbruch thun. Ein gutes Bild
753 3236 1479 3287 wirkt in einem gute und schlechten
753 3280 1474 3352 Rahmen gleich. Aber schade ist es
743 3330 1470 3405 darum! Ein Steinlen hätte das machen
739 3369 945 3431 müssen.
1221 3376 1457 3455 Max Preis.
2002 1140 3138 1217 Arthur Schnitzler: „Anatol.“ Illustriert von
1943 1199 2811 1260 M. Coschell. (Berlin, S. Fischer 1901.)
2002 1226 3118 1295 Daß eine bis zur Blasiertheit gehende Illusionslosigkeit
1940 1300 3112 1346 über Frauen und Liebe doch die Inspirationskraft zu wahr¬
1939 1318 3110 1387 haft graziösen poetischen Lebensbildern gewährte, — das ist
1948 1380 3112 1437 das Wunder der kleinen diagolischen Scenen, die man aus
1944 1415 3116 1479 Schnitzlers „Anatol“ kennt, — längst kennt. Denn „Anatol“
1952 1473 3115 1525 war eine der allerersten Veröffentlichungen des seither
1943 1509 3116 1578 durch „Liebelei", „Freiwild“ und andere Dramen aus der
1936 1572 3110 1627 modernen Gesellschaft berühmt gewordenen Autors. Was
1939 1592 3109 1666 uns jetzt vorliegt, ist eine neue, opulent ausgestattete Auf¬
1942 1658 3108 1712 lage dieser zwischen Uebermut und Resignation, Leiden¬
1939 1704 3113 1758 schaft und Weltklugheit einen so anmutigen Reigen auf¬
1938 1754 3104 1809 führenden Dramolette. Der Zeichner hat sein Bestes gethan,
1942 1791 3107 1857 in den Figuren der jungen Männer und Frauen Wiener
1931 1836 3120 1890 Typen zu geben und die feinen Nüancen des Charakters
1939 1875 3118 1932 der handelnden Personen, die Nonchalance der Herren, das
1938 1924 3112 1964 Mollige der Mädchen in seiner Kunst zu veranschaulichen. Die
1935 1970 3115 2021 hübscheste Illustration ist wohl die der neben ihrem am
1937 2020 3109 2067 Klavier phantasierenden Liebhaber hingesunkenen kleinen
1932 2048 3105 2112 Bibi aus dem Cirkus. Auf dem Buchdeckel ist die in der
1944 2099 3105 2152 Hypnose siegende Cora abgebildet, die nach ihrer Treue zu
1943 2147 3110 2194 befragen Anatol nicht den Mut hat. Es wäre eigentlich
1940 2191 3109 2231 hübsch, wenn jemand einmal die große Moralität dieses
1943 2230 3104 2285 Buches nachweisen wollte, das der mit prüden Vorurteilen
1940 2268 3111 2340 gepanzerte Philister gewiß für ein recht leichtsinniges Ding
1936 2319 3101 2365 ansieht; daß dies aber gerade in Bern geschehe, scheint uns
1933 2361 3100 2416 nicht notwendig, da „Anatol“ allerdings Großstadtverhält¬
1935 2411 2745 2483 nisse zur natürlichen Voraussetzung hat.
2593 2467 2921 2550 ∆ mu
2014 2558 2556 2660 MTECNN
2450 2709 2489 2753 7
2547 2679 2842 2764 Macze
1944 2735 2399 2834 . i #
