3436 4320
317 187 626 266 4. Ana
962 187 1337 273 box 7/3
847 707 938 795 715
1513 729 2144 802 ALLGEMEINE KUNsr-CHRONIK.
2717 770 2787 828 ——
2008 841 2623 923 Unsres Fühlens heut und gestern,
808 835 1833 928 legenheit; ich kann das ganze Buch mit bestem Gewissen
2012 894 2554 964 Böser Dinge hübsche Formel,
815 907 999 972 empfehlen.
2002 939 2536 990 Glatte Worte, bunte Bilder,
935 949 998 1018 „Mi
1257 938 1835 1023 n von Heinz Togôte. lerling.
2006 984 2566 1051 Halbes, heimliches Empfinden,
1370 998 1510 1057 ueste Ro
1625 999 1821 1066 Wotes und
2004 1022 2414 1074 Agonien, Episoden
1573 1050 1621 1108 ut
1705 1048 1802 1109 bereit
2016 1057 2563 1114 Manche hören zu, nicht alle.
2010 1104 2610 1141 Manche träumen, manche lachen,
1433 1095 1542 1152 ichvo
1687 1092 1795 1162 Liebes
2005 1138 2614 1187 Manche essen Eis und manche
1738 1147 1824 1214 Per¬
1439 1143 1621 1206 in dem
2010 1175 2586 1235 Sprechen sehr galante Dinge.
1463 1201 1512 1254 ion
1626 1193 1820 1259 erden Ein
1846 1211 2857 1307 Kritisch kann ich mich in solche Stimmung wol versetzen,
1404 1242 1819 1305 Liede“; soll diese ganze
1843 1287 2863 1337 und menschlich vermag ich sie zu begreifen, zu Zeiten
1017 1288 1139 1351 ner L.i
1304 1283 1827 1358 zu Ende führen; dann will
1848 1330 2860 1404 auch zu theilen: sie ist ja so bequem, wie jedes Gehen¬
803 1340 1815 1408 Tovote zeigen, dass er auch andere Stoffe Beherrscht. Dies
1842 1378 2867 1430 lassen und Gleiten immer bequem ist. Aber es gibt
807 1397 1819 1454 falles erfahren wir aus dem langen Vorwort, mit dem Tovote,
1840 1432 2849 1489 Stunden, da man sich mit größeren Absichten und ziel¬
794 1442 1815 1487 nach seiner schlechten Gewohnheit, auch dieses Buch ein¬
1844 1482 2852 1549 bewusstem Widerstand hinwegtäuschen möchte über die
789 1497 1813 1549 leitet. Welche Berechtigung hat ein Vorwort bei einem
1846 1524 2865 1576 eigene Schwäche, und für diese Stunden wüsste ich keinen
804 1526 1813 1600 Roman Ungefähr die gleiche wie eine lange gedruckte
1840 1581 2853 1638 schlechteren, keinen unsympathischeren Begleiter als
792 1578 1823 1649 Einführung bei einem Bilde. Entweder ist es überflüssig,
1847 1627 2858 1687 Schnitzler’s „Anatol“, Und noch etwas liegt in ihm, was
795 1629 1816 1683 oder es zeigt einen Fehler des Buches an. Ein Kunstwerk
1842 1675 2855 1722 ihm ein größeres Publikum immer fernehalten wird: etwas
798 1680 1813 1727 braucht keine Einleitung, keine Erläuterung, keine caplatio
1830 1719 2863 1787 Negatives. Es fehlt ihm j. ne Brutalität und Deutlichkeit,
790 1722 1821 1773 benezolenttar; an sich muss es verstanden werden, sonst
1833 1768 2853 1820 die ein Künstler immer nöthig hat, wenn er wirken will,
801 1767 1811 1834 war des Künstlers Liebesmüh verloren. Bei Tovote's
1840 1818 2856 1869 jener Hochdruck, den er seinen Gedanken und Empfindungen
795 1829 1819 1885 Romanen sind die Vorworte auch immer zu entbehren.
1842 1865 2864 1931 verleihen muss, sobald sie sich von seiner Seele loslösen,
803 1875 1818 1931 Unsere jungen Schriftsteller lieben es, ihrem künftigen
1832 1900 2857 1983 und der allein sie der Offentlichkeit begreiflich und an¬
790 1923 1807 1985 Biographen vorzuarbeiten. Und niemals noch ist der Unfag,
1836 1959 2858 2018 nehmbar macht. Die meisten Bücher, in denen feine Dinge
807 1969 1816 2026 die unbedeutendsten Mitlebenden biographisch zu behandeln,
1837 2016 2860 2069 auf feine Art gesagt werden, sind zuerst für den Ver¬
794 2025 1810 2072 zu solcher Ausdehnung gedichen wie gerade heute. Diese
1836 2061 2864 2112 fasser geschrieben, dann für einen beschränkten Kreis
795 2073 1803 2115 Anmerkung war nöthig; kürzer kann ich mich über das
1835 2118 2849 2170 bekannter oder, durch Anlage und Erfahrungen, ver¬
799 2107 1815 2164 Buch selbst fassen. Ein junger Mann, der ein junges
1838 2159 2856 2215 wandter Personen und erst in dritter Linie, nach einem
799 2160 1811 2213 Mädchen zärtlich liebt, entdeckt, dass ihr Vater in Wirk¬
1841 2202 2860 2271 langen Zwischenraum, auch für ein entfernteres Publikum.
802 2206 1809 2268 lichkeit auch sein Vater, der Geliebte seiner angebeteten
1836 2244 2854 2316 So zarte Regungen und Triebe, wie Schnitzler sie schildert,
801 2269 1803 2322 Mutter ist. Die moderne Art, das kleinste Gefühl gleich
1830 2299 2855 2367 verstehen nur einzelne, fast allein die Freunde, denen man
800 2313 1807 2369 auf ein Dutzend Seiten hinaus auseinander zu zerren,
1829 2355 2852 2410 einen Ton ganz leise nur anzuschlagen braucht .. und
788 2353 1811 2409 besonders wenn dies so wahl- und ziellos geschicht wie
1838 2398 2852 2447 sofort erwacht in ihrer Erinnerung eine gemeinsame
797 2396 1814 2460 bei Tovote, ist nicht nur ermüdend, sondern gibt auch
1839 2442 2856 2502 Stimmung, ein gemeinsames Gefühl, alt und vergessen
794 2450 1809 2515 kein rechtes Gesammtbild. Auch Tovote’s Methode, zu
1834 2488 2855 2540 durch lange Jahre. Sie sind für Menschen, die, selbst
797 2497 1804 2548 arbeiten, die wir aus seinem eigenen Geständnis (vgl. Ein¬
1830 2541 2855 2587 Künstler, ähnliche Empfindungen aus eigenster Erfahrung
787 2561 1804 2611 leitung zum „Frühlingssturm“) kennen, mag daran Mit¬
1828 2582 2866 2651 kennen und die halben und flüchtig angedeuteten durch
789 2592 1806 2662 schuld tragen. Von allen Modernen hat es Tovote am
1841 2628 2866 2685 alle Winkelzüge und Vertuschungen einer verfeinerten
791 2643 1812 2692 schnellsten zu einer gewissen Beliebtheit gebracht. Wenn
1837 2690 2852 2754 Technik herausspüren) Diese werden in „Anatol“ manches
792 2694 1806 2756 ich boshaft wäre, würde ich sagen, gerade das spreche für
1831 2743 2864 2795 Reizvolle finden: im Großen und Ganzen aber wird es
809 2742 1359 2808 seine geringere Künstlerschaft.
1838 2769 2859 2826 dabei bleiben müssen: ein unsympathisches Buch. Immer¬
886 2793 1811 2864 „Anatol.“ Von Arthur Schnitzler. (Berlin,
1828 2836 2870 2891 hin aber ein Buch, stark durchfiutet von einer, wenn auch
800 2844 1803 2899 Bibliographisches Bureau.) Schnitzler ist einer der be¬
1830 2885 2852 2943 nicht allzu starken, Persönlichkeit; eines von denen, die
790 2897 1810 2955 gabtesten des jungen Wien. Das wird man erkennen, wenn
1835 2924 2847 3000 man sich von der Seele schreiben muss. Ob es sich Schnitzler
803 2945 1814 2995 erst einmal sein Schauspiel „Das Märchen“ im Berliner
1831 2979 2843 3038 aber wirklich von der Seele und nicht erst recht in sie
796 2996 1805 3057 Lessing-Theater zur Aufführung gelangt sein wird. Vor¬
1834 3017 2263 3086 hinein geschrieben hat?
2609 3023 2825 3088 F. M. F.
808 3039 1810 3093 läufg bietet er uns siclen kleine Einakter, graziöse Plau¬
1928 3079 2850 3129 „Der verlorene Sohn.“ Berliner Sittenbild von
796 3083 1181 3148 dereien, bei denen
1211 3089 1806 3147 sinnige, geistreiche und witzige
1833 3113 2844 3170 Paul Bliss. (Verlag von Freund & Jeckel, Berlin 1892.)
803 3134 1169 3199 Franzosen Pathen g.
1218 3135 1805 3199 en haben. Auf dieses hindeutend
1839 3168 2857 3228 Ein prächtiger Mensch, dieser Karl Meinhold, alles kann
1217 3187 1816 3246 tenden Verse von Loris nehmen
797 3189 1150 3244 mag, wer will, die
1837 3223 2851 3289 er, Klavier spielt er, süß und leidenschaftlich zum Ver¬
828 3231 1145 3290 — das Vorwort e
1216 3232 1805 3302 schtzehnjährigen zum Buche eines
1837 3261 2851 3329 lieben, Novellen schreibt er, dass es eine Art hat, nur
800 3276 1100 3348 Dreißsigjährigen
1200 3289 1803 3342 zende Verse übrigens, die nur den
1839 3314 2854 3375 charakterfest kann er nicht bleiben. Hiedurch verschuldet
1200 3329 1810 3400 lass sie auch vor fünfzig ändere
799 3325 1125 3387 einen Fehler h.
1839 3369 2841 3429 er den Tod seines ihm zugethanen Zöglings Willi, mit
1185 3381 1808 3444 h vor gar keines passen würden.
804 3373 1069 3444 Bücher, d. h.
1835 3410 2850 3475 dessen Mutter er buhlt, und den Selbstmord der ihn hin¬
802 3419 1083 3495 Aber sie sind
1183 3432 1816 3471 er Stimmung hervorgegangen, von
1839 3465 2851 3518 gebungsvoll liebenden Sophie Walter, die ihm ihre Ehre
808 3466 1083 3540 der ein großer
1174 3470 1808 3533 #nserer jungen Wiener Schriftsteller
1831 3504 2841 3567 geopfert. Seine für sie gehegte, scheinbar tiefere Neigung,
793 3517 1098 3577 sich treiben 1.
1158 3519 1810 3591 nd in deren Strömung sie sich bei¬
1825 3543 2857 3599 die der Drang nach Reinheit in ihm erweckte, macht einer
796 3567 1804 3646 nahe als Steuer fühlen. Sie bezeichnen diese Stimmung
1835 3603 2847 3659 neuerwachenden Leidenschaft platz, die ihn dem Laster
794 3617 1103 3687 sogar ganz gen
1844 3647 2848 3701 und schließlich dem Wahnsinn entgegenführt. Bliss’ Roman,
980 3669 1459 3737 Als pielen wir Theater,
1845 3697 2857 3757 im Allgemeinen kein originelles Werk, weist bei allen
973 3722 1513 3773 Spielen unsre eignen Stücke,
1846 3752 2843 3805 Mängeln Einzelzüge auf, die eine ganz hervorragende Be¬
984 3756 1563 3816 Frühgereift und zart und traurig,
966 3798 1497 3863 Die Komödie unsrer Secle,
1823 3808 2854 3860 gabung des Verfassers verrathen. So sei hier besonders des
