3436 4256
953 111 1342 225 box 7/3
304 113 732 231 4. Anato
459 180 777 245 AARAR SC
1536 701 1946 816 Neue Dramen.
1737 809 2866 898 Witz fehlt es der Darstellung nicht, vor allem in der lächer¬
596 814 1737 899 „Künstler ist einer, der was kann“, sagt Schaumberger
1738 892 2867 960 lichen Erscheinung des halt= und grundsatzlosen Anatol.
596 901 1736 974 selbst. Den Widersinn des Satzes in dieser allgemeinen
591 956 1737 1013 Fassung erkennt er selbst, wie es ja in beiden Dramen an
1738 937 3328 1037 Aber jeder Genuß wird unmöglich gemacht durch die Un
1739 1004 2866 1072 sauberkeit und Stickluft dieser Verhältnisse, die im Schluß¬
586 1003 1735 1065 treffenden Bemerkungen aus dem Gebiete der Kunst nicht
1736 1053 2865 1130 stücke: „Anatol's Hochzeitsmorgen“ einfach widerlich er¬
586 1053 1738 1125 fehlt. Er findet die nothwendige Einschränkung in dem
2852 1053 3066 1193 22
1742 1096 2874 1178 scheinen. Für wen mögen diese Dialoge geschrieben sein?
591 1125 1734 1182 Zusatz: „Der mit Liebe arbeitet“. Ja, warum spricht er
1805 1163 2883 1236 Männlich ernst zeigt sich im erlösenden Gegensatz zu
592 1169 1727 1240 denn nicht unverhohlen aus, daß er Kunst in ganz anderm
1740 1210 2867 1287 dem eben besprochenen Werke die Lebensanschauung Lud¬
586 1218 1721 1294 Sinne faßt, als es bisher in deutscher Zunge geschah?
1746 1274 2873 1344 wig Fulda's im „Verlorenen Paradiese“ (Nr. 3). An¬
588 1273 1709 1356 Eben weil die nähern Bestimmungen durch das Was? —
1751 1317 2878 1387 sgeschaut hat er das Leben ohne Selbsttäuschung, hinter
591 1325 1684 1394 Stoff, Vorwurf — und das Wie? — die Ausführung —
1736 1378 2874 1461 die glänzende Außenseite dringt sein kühl forschender Blick.
586 1380 1729 1443 sich stellenweise gegen sein eigenes Hervorbringen richten
1738 1432 2881 1502 Undgauch für ihn war die entschleierte Wahrheit keine
604 1441 1733 1516 würden! Sie würden ihm auch die lose Anknüpfung des
1748 1497 2875 1563 Augenweide, kein beglückendes Idyll. Aber er ist Dichter
595 1494 1736 1565 unvermittelten zweiten Aufzugs als unmöglich haben er¬
1748 1551 2877 1620 genug, um in dem Höllenbreughel eines Bildes unserer
602 1548 920 1635 scheinen lassen.
1742 1599 2871 1664 Tags noch menschliche Tüchtigkeit, geraden Sinn und un¬
657 1596 1727 1672 Die Idee des ersten Stücks „Freude“, der Gegensatz
1743 1649 2884 1717 beirrtes Gefühl zu entdecken. Mit dem verheißungsvollen
586 1661 1735 1728 der wahren Freude zu der bacchantischen, die „ein Rausch
1740 1716 2875 1772 Ausblick in eine mögliche Aenderung zum Bessern schließt
603 1709 1729 1781 ist“, wird in einer stattlichen Reihe theilweise ganz leibhaft
1743 1761 2866 1832 sein Stück. Ohne in langweilige Lehrhaftigkeit zu ver¬
596 1766 1736 1822 angeschauter Menschen verkörpert. Vervollständigt wird
1731 1824 2875 1882 fallen, führt er die unscheinbare Gediegenheit und pflicht¬
586 1819 1735 1903 ## begriff durch seinen Gegensatz im Pessimismus des
1735 1867 2878 1951 treues Selbstvergessen zum Siege, zeigt er in der welt¬
593 1871 1739 1945 Ponn Kra##nsky. Und wie dieser Ideengehalt das Drama
1738 1911 2873 1993 männischen Leichtlebigkeit doch den unverdorbenen Kern
595 1920 1730 1987 emporhebt, #####inen zweiten Vorzug, nämlich mensch¬
1739 1981 2891 2046 auf und wandelt die verwöhnte und verzogene „höhere
589 1989 1730 2056 lich wahr zu sein Ten Schaumberger kennt auch rein
1742 2030 2877 2103 Tochter“ zu einem tief und rein empfindenden Wesen. Und
600 2043 1732 2105 liebende, opfermuthigebene Menschen. Zu ihnen
1741 2095 2876 2154 alles dies erscheint in seinem Schauspiel durchaus natür¬
596 2094 1725 2155 gehört z. B. das Künstlerpa##nd Ehepaar aus dem pietät¬
1734 2133 2881 2206 lich, wahr, ungezwungen. Soiche Motivirung stellt Fulda's
591 2142 1742 2215 losen Menschen. Das Stück h### unt einen Aufzug, dieser
1739 2187 2868 2257 Kunst in das schönste Licht, wie es andererseits der ge¬
600 2196 1741 2275 eine ist aber#n seinem geschickten Aufsau außerordentlich
1745 2246 2875 2311 schickte, erfindungsreiche Aufbau des Schauspiels thut. Auch
986 2254 1742 2321 Zeichnung erscheinen anfänglich die
587 2252 810 2320 wirksam.
821 2251 992 2323 In der
1732 2296 2876 2374 das habe ich hervorzuheben, daß der Dichter diesmal ohne
587 2291 1739 2377 Künstlerehelente etw### einfach, auch später noch klingt
1733 2347 2874 2431 unwahrscheinliche Voraussetzungen und abstoßende Natura¬
595 2359 1078 2419 der Ausfall Wenzel's.
1139 2368 1749 2433 eben sein Bild verkauft hat.
1734 2400 2878 2477 lismen geschaffen hat. Trefflich ist die Charakteristik. Der
592 2415 1008 2489 doch etwas wundert
1155 2415 1742 2499 Publikum wolle nur Futter
1749 2462 2881 2527 Allerweltsmann und Ueberallundnirgends, die Vertreter der
599 2469 1585 2534 für seinen Bauch, Futter für seine geilen Sinne.
1742 2518 2877 2595 Arbeiterschaft und der schneidige Offizier a. D. mit seinem
635 2507 1733 2602 „Arthur Schnitzler (Nr. 2) zeichnet uns in sieben
1731 2561 2880 2645 vollständigen Fiasco beim Ausstand weisen lebenswahre
597 2565 1738 2652 drämatisirten Bildern eines Ronés Erdenwallen. Der
1745 2627 2883 2691 Züge auf; für den letztern erinnere ich nur an das „Ge¬
592 2621 1730 2704 Dialog ist recht flott; die Auschaulichkeit der Gestalten be¬
1746 2669 2878 2753 dient?“ und „Unbewaffnet“. Was nun die Idee des Stücks,
602 2678 1729 2760 deutend; viel moderne Weisheit über Mann und Weib als
1737 2740 2866 2806 den Verlust des Paradieses für die Menschen der Gegen¬
606 2734 1738 2810 Gattung und das Verhättniß der beiden Geschlechter zu¬
1738 2789 2862 2867 wart betrifft, so ist ihre Doppelausführung in der Erkennt¬
607 2794 1733 2867 einander ist eingestreut.) Die einzelnen Aufzüge, um so
1743 2860 2878 2917 niß, die der Tochter des reichen Hauses die Augen über
600 2847 1732 2912 zu sagen, sind rein äußerlich und ganz lose durch die Person
1733 2893 2880 2964 die Quelle ihres Wohllebens öffnet, und in der Verurtheilung
599 2902 1725 2967 Anatol's verknüpft. Ihm zur Seite steht eine Art Mephisto¬
1747 2955 2882 3025 des Lebenskünstlers Dr. Heideck durch den tüchtigen Hans
594 2958 1737 3014 pheles in abgeblaßten Farben, ein Vertreter der sogenannten
1748 3008 2877 3072 ebenso wahr, wie ernst. Das gilt auch von ihrer Verall¬
604 3006 1739 3074 Lebens= und Welterfahrung, Max. Mehr als die Namen
1744 3058 2874 3134 gemeinerung für die besitzenden und besitzlosen Kreise über¬
598 3067 1735 3132 beider verräth der Dichter nicht. Er will offenbar dadurch
1746 3129 2875 3177 haupt. Aber, wie schon gesagt, der Dichter läßt uns nicht
607 3113 1748 3186 seine Gestalten loslösen von unserer Wirklichkeit und in
1740 3171 2878 3250 stecken inmitten trostloser Unentrinnbarkeit des Lebens, wie
603 3170 1732 3232 eine eigene Lebenssphäre versetzen, in der Sinnentaumel
1747 3222 1904 3300 es ist.
603 3231 1741 3291 und Unsittlichkeit Daseinszweck und =Inhalt ist. Denn auch
1813 3257 2875 3338 Ungewöhnlichen Beifall hat desselben Dichters drama¬
596 3292 1740 3353 Max nimmt einfach Anatol's Treiben als gegeben, als
1742 3340 2868 3405 tisches Märchen „Der Talisman“ (Nr. 4) gefunden. Das
599 3333 1732 3409 Thatsache hin, er urtheilt nicht, vermittelt höchstens und
1735 3385 2881 3457 überhebt uns eines nähern Eingehens auf das Stück. All
595 3396 1735 3461 gleicht aus. Das zahlreiche weibliche Personal ist ganz
1747 3438 2870 3517 das Lob, das man der vornehmen Art dieser Dichtung ge¬
602 3440 1739 3525 für diese Sphäre geschaffen. Eine einzige Frau scheint
1734 3499 2872 3552 spendet hat, der Kunst der Charakteristik, der dramatischen
600 3504 1723 3555 eine Ausnahme zu machen; aber scheint eben nur; denn
1734 3552 2875 3619 Bewegung der Handlung, der schönen Sprache und ge¬
608 3545 1728 3619 „sie hatte nur nicht den Muth so zu lieben“, wie die
1741 3596 2873 3672 wandten Handhabung des Verses, alles das kann nur be¬
604 3613 1736 3683 Kleine aus der Vorstadt.4 Im übrigen ist die Mannich¬
1740 3658 2872 3732 stätigt werden. Bekanntlich liegt dem Drama ein altes
608 3666 1734 3728 faltigkeit in der Zeichnung dieser Venuspriesterinnen nicht
1745 3713 2875 3772 Märchen zu Grunde, das vielen aus Andersen bekannt sein
596 3727 1728 3797 gewöhnlich; die Anlage und Einkleidung der einzelnen Ge¬
600 3767 2872 3838 spräche zeugt von Geschick und Erfindungsgabe. Auch an dürfte. In der kunstvollen Erweiterung und dichterisch¬
