3484 4320
951 132 1310 237 box 7/3
277 138 626 245 4. Anat
457 161 762 259 AARR   01
161 1351 2658 1444 Pach gebracht und  gehen zu fixiren. Das hängt ganz davon ab, ob zu früh ausgebrochen, und momentan wenigstens
1604 1396 2661 1480 droht unser Goldzug in der — Silberverwehung
574 1418 1619 1476 bei uns für Zahlungen an das Ausland viel Gold ge¬
186 1424 572 1493 Zweck, uns vor
173 1461 2089 1532 ren? Nun, die Ge= braucht und ob diese Nachfrage einem willigen stecken zu bleiben. ...
1609 1535 2666 1620 in welcher der Dichter seine eindringliche psychologische
564 1563 1615 1640 route bestimmt. Und diese dreifache Eigenschaft seines
1614 1599 2663 1657 Schärfe bekundet. Seine Bauern machen allerdings nicht
164 1584 313 1678 ren.
563 1605 1620 1672 Naturells bekundet auch sein jüngstes Buch, in dem Hevesi
1613 1641 2661 1711 den Eindruck urwüchsiger Gestalten, es fehlt ihnen der
571 1660 1607 1730 uns in vierundzwanzig abgerundeten Aufsätzen berichtet,
168 1651 580 1736 d oft der Vorwurf
1608 1678 2674 1771 Erdgeruch, sie sprechen zu sein, zu klar, es sind stylisirte
573 1709 1611 1760 was er Alles auf der Reise von Kalau, dem die „Kalauer“
178 1713 573 1778 Tag schreiben und
1618 1749 1805 1812 Figuren.
569 1742 1608 1833 ihre Entstehung verdanken, bis Säkkingen, der Stadt des
169 1765 574 1830 schaffen, die sich über
1706 1769 2666 1847 Als die beste Geschichte der Sammlung erscheint mir
582 1792 1630 1852 berühmten Trompeters, beobachtet, gedacht und empfunden.
171 1806 583 1876 Heuer haben sie diesen
1614 1826 2675 1895 die letzte: „Ein Poet“ — hier hat David ein Stück
576 1845 1618 1906 Hevesi ist jedoch beileibe kein empfindsamer Reisender. Und
189 1855 581 1916 alle hervorragenden
1610 1874 2668 1939 modernen Journalisten=Elends schlicht, einfach und er¬
585 1891 1615 1951 wenn ihn zuweilen, wie im Kirchhof zu Meißenheim am
151 1898 572 1967 uf dem Büchermarkt
1620 1923 2669 1991 greisend geschildert. — Ein eigenthümliches Widerspiel zu
574 1938 1616 2011 Grabe der Friederike Brion von Sesenheim, eine Thräne
165 1951 580 2011 schienen. Wenn auch
1618 1962 2672 2038 David's Dichterfigur bildet Hermann Bahr. Der Eine:
581 1986 1620 2050 die Augen feuchtet, so ist dies nicht erkünstelte Sentimen¬
169 1993 578 2058 hre Werke insgesammt
1627 2011 2675 2085 ernst, düster und knorrig, der Andere: frivol, kokelt, und
578 2030 1610 2093 talität, sondern der Ausfluß eines echten Pielätsgefühls,
174 2049 582 2108 interessant, anregend,
1627 2059 2672 2126 wie ein hysterisches Weib momentanen Impulsen folgend.
187 2081 1618 2146 so daß wir auf die das sich in wenigen einfachen und ehrlichen Worten
1621 2106 2675 2168 Bahr hat bereits die verschiedensten Wandlungen durchgemacht.
158 2134 786 2212 zeitigt, mit einem wohl= offenbart.
1619 2170 2670 2217 Er ist daher schwer zu fassen. Er scheint nichts mit Ernst zu
660 2152 1626 2244 Alles in Allem: ein gemüthliches Buch, bei dem der
174 2189 585 2251 Stolzes blicken dürfen.
1618 2206 2675 2269 betreiben und dabei muß er als künstlerische Individualität
578 2219 1626 2285 Leser nicht nur auf seine Kosten konmt, sondern obendrein
281 2233 579 2288 esi mit einem
1621 2256 2672 2315 doch ernst genommen werden, denn er ist ein entschiedenes
579 2270 1624 2331 noch ein klein wenig Gelehrsamkeit, in humorvoller Weise
154 2283 575 2344 Kalau bis Säkkingen“
1625 2303 2670 2362 Talent, das allerdings noch auf der Suche nach einem
588 2315 1624 2381 kredenzt, als Zugabe erhält. — Das Lächeln, das Hevesi
180 2323 582 2389 und Komv.) entgegen.
1624 2342 2682 2414 Gebiete ist, auf dem es sich voll entfalten könnte. Dem
579 2365 1625 2428 auf unsere Lippen gezaubert, verschwindet, wenn wir uns
178 2378 584 2433 dahingerollt, feitdem
1627 2383 2675 2455 krassen Naiuralismus hat er sich indeß allem Anscheine
581 2409 1620 2469 in J. J. David's „Probleme“ (Dresden und
150 2416 589 2477 äbler rastlos thätig ist.
1627 2438 2669 2503 nach glücklich entwunden. Das beweist uns sein jüngstes
580 2452 1625 2521 Leipzig, Verlag von Heinrich Minden) versenken. Warum
156 2465 582 2542 cht die geringste Er¬
1622 2491 2689 2572 Novellenbuch „Dora“ (Berlin, S. Fischer, 1893). Er folgt
581 2491 1623 2556 Probleme? Warum dieser etwas aufdringliche Titel? Jede
152 2516 588 2585 natur, arbeitet er und
1615 2536 2156 2617 jetzt den Spuren Bourget's.
581 2543 1626 2613 Novelle behandelt doch ein psychologisches Prohlem. Oder
169 2556 587 2620 Mühe bleichet. Und
1716 2569 2667 2641 „Dora“ ist eine Ehebruchsgeschichte, die Bahr so
593 2595 1632 2662 wollte uns der Dichter nahelegen, daß er an ganz außer¬
149 2612 586 2666 ets frisch erhält: einen
1635 2617 2677 2689 treuherzig erzählt, als handelte es sich um selbstverständliche
582 2641 1630 2707 ordentlichen Aufgaben seine Kraft erprobt hat? War dies
165 2655 592 2725 ht er demgemäß großen,
1627 2668 2678 2734 Dinge. Dora ist eine sehr anständige, rechtschaffene Ehe¬
589 2687 1624 2753 der Fall, so hat eruns ein wenig enttäuscht. Der ersten
147 2705 596 2766 Wege. Er steht auf der
1621 2717 2685 2781 brecherin und der Abgeordnete Graf Bludinski, der seinen
151 2730 1622 2799 keitere Gestalten an sich Novelle des Buches: „Warum starb Sionida?“ liegt ein
1615 2758 2688 2853 Freund betrügt, ist zwar eine sehr nervöse, aber dabei doch
153 2771 1493 2849 icksale er mit innigem Problem zu Grunde, das wir nicht recht begreifen.
1633 2819 2681 2878 ehrliche Natur. Kurz eine sehr gemüthliche, sehr erbauliche
671 2814 1634 2887 Eine Russin erzählt dem Autor einen seltsamen Fall
165 2847 598 2912 n die Erfindung stockt,
1628 2865 2683 2934 Ehebruchsgeschichte. Aber ich fürchte, daß Bahr diese Ehe¬
596 2880 1625 2944 aus ihrem Leben. Sie hat in Gedanken die Ehe gebrochen,
162 2898 605 2956 b von seinen Füßen
1630 2901 2674 2971 bruchsgeschichte nur deshalb so erbaulich gestaltet hat und
593 2926 1622 2983 und an dieser Gedankensünde stirbt ihr Kind. Das ist pure
242 2938 600 3004 England, nach,
153 2940 252 3011 ach
1622 2942 2682 3020 so gemüthlich ausklingen läßt, weil ihm die Kraft fehlt,
224 2971 1629 3032 zielloser Wander= Mystik, von der sich ein sonst so klar blickender Poet wie
156 2991 239 3047 in
1620 2994 2678 3073 tiefer in seine Figuren einzudringen. Er ergötzt uns durch
241 3014 1631 3086 s ist der Künstler David fernhalten sollte. Viel höher steht die zweite Ge¬
151 3051 2692 3153 Port, der seine Reise= schichte „Die Schwachen“, eine schlichte Bauerngeschichte, sein gaukelndes vsycholegisches Sviel. aber das flattert
