3484 4320
307 161 722 257 4. Anato
468 199 784 278 HIr.S 0 1
965 153 1314 257 box 7/3
1887 1457 3397 1566 Liee Jchlungen an das Ausland viel Gold ge= droht unser Boldzug in der
1516 1493 1754 1569 uns vor
1102 1496 1406 1581 Oesepe den
691 1555 3253 1625 solchen Schwankungen zu bewahren? Nun, die Ge= braucht und ob diese Nachfrage einem willigen stecken zu bleiben. ...
2773 1622 3403 1691 in welcher der Dichter seine ein
1731 1636 2773 1706 route bestimmt. Und diese dreifache Eigenschaft seines
2782 1670 3389 1728 Schärfe bekundet. Seine Bauern
965 1672 1489 1771 Wiener Autoren.
1742 1681 2775 1768 Naturells bekundet auch sein jüngstes Buch, in dem Hevesi
2777 1713 3408 1780 den Eindruck urwüchsiger Gestalten
1735 1731 2774 1797 uns in vierundzwanzig abgerundeten Aufsätzen berichtet,
780 1743 1747 1817 Gegen die Wiener Autoren wird oft der Vorwurf
2789 1769 3412 1843 Erdgeruch, sie sprechen zu sein, zu#
1745 1779 2777 1848 was er Alles auf der Reise von Kalau, dem die „Kalauer“
690 1800 1742 1862 erhoben, daß sie zumeist nur für den Tag schreiben und
2784 1823 2984 1894 Figuren.
1747 1811 2786 1899 ihre Entstehung verdanken, bis Säkkingen, der Stadt des
695 1849 1740 1906 nicht darauf bedacht seien, Werke zu schaffen, die sich über
2863 1834 3391 1928 Als die beste Geschichte der
1747 1865 2789 1946 berühmten Trompeters, beobachtet, gedacht und empfunden.
701 1892 1750 1949 das flüchtige Tagesinteresse erheben. Heuer haben sie diesen
2778 1899 3385 1977 die letzte: „Ein Poet“ — hier
1749 1921 2782 1997 Hevesi ist jedoch beileibe kein empfindsamer Reisender. Und
693 1945 1746 2008 Vorwurf gründlich entkräftet. Fast alle hervorragenden
2777 1949 3368 2026 modernen Journalisten=Elends
1745 1968 2788 2042 wenn ihn zuweilen, wie im Kirchhof zu Meißenheim am
699 1986 1745 2059 Wiener Schriftsteller sind diesmal auf dem Büchermarkt
2779 1988 3406 2064 greifend geschildert. — Ein eigen
1744 2007 2790 2083 Grabe der Friederike Brion von Sesenheim, eine Thräne
688 2034 1747 2095 mit schwerem literarischen Gepäck erschienen. Wenn auch
2786 2039 3400 2123 David's Dichterfigur bildet Hern
1757 2055 2783 2129 die Augen seuchtet, so ist dies nicht erkünstelte Sentimen¬
694 2076 1747 2154 ungleich an Werth, so tragen doch ihre Werke insgesammt
2785 2096 3409 2159 ernst, düster und #norrig, der And
1746 2112 2792 2171 talität, sondern der Ausfluß eines echten Pietätsgefühls,
695 2129 1760 2194 ein gemeinsames Gepräge: sie sind interessant, anregend,
2790 2144 3403 2204 wie ein hysterisches Weib moment
1746 2157 2788 2230 das sich in wenigen einfachen und ehrlichen Worten
695 2175 1757 2251 von Geist und Humor durchleuchtet, so daß wir auf die
2788 2187 3408 2249 Bahr hat bereits die verschiedensten 2#
1749 2213 1961 2283 offenbart.
708 2225 1753 2288 Wiener Literatur, die dieses Jahr gezeiligt, mit einem wohl¬
2789 2236 3400 2298 Er ist daher schwer zu fassen. Er
1843 2229 2790 2322 Alles in Allem: ein gemüthliches Buch, bei dem der
699 2266 1761 2330 berechtigten Gefühl lokalpatriotischen Stolzes blicken dürfen.
2787 2277 3401 2342 betreiben und dabei muß er als ki
1752 2295 2789 2374 Leser nicht nur auf seine Kosten kommt, sondern obendrein
710 2311 1766 2387 Da tritt uns zunächst Ludwig Hevesi mit einem
2788 2330 3406 2386 doch ernst genommen werden, denn
1765 2341 2794 2411 noch ein klein wenig Gelehrsamkeit, in humorvoller Weise
698 2365 1763 2423 ziemlich beleibten Buche: „Von Kalau bis Säkkingen“
2787 2377 3381 2446 Talent, das allerdings noch auf
1761 2388 2794 2461 kredenzt, als Zugabe erhält. — Das Lächeln, das Hevesi
701 2412 1756 2475 (Stuttgart, Verlag von Adolf Bonz und Komv.) entgegen.
2798 2423 3402 2481 Gebiete ist, auf dem es sich voll
1761 2439 2799 2505 auf unsere Lippen gezaubert, verschwindet, wenn wir uns
801 2460 1758 2531 Es sino über zwei Jahrzehnte dahingerollt, seitdem
2799 2469 3409 2539 krassen Naturalismus hat er sich
1758 2478 2793 2557 in J. J. David's „Probleme“ (Dresden und
706 2504 1764 2578 Hevesi als Feuilletonist und als Erzähler rastlos thätig ist.
2791 2514 3385 2582 nach glücklich entwunden. Das
1762 2528 2798 2594 Leipzig, Verlag von Heinrich Minden) versenken. Warum
706 2550 1761 2612 Aber man merkt ihm auch heute nicht die geringste Er¬
2795 2541 3403 2627 Novellenbuch „Dora“ (Berlin, S
1763 2571 2812 2643 Probleme? Warum dieser etwas aufdringliche Titel? Jede
716 2600 1758 2685 müdung an. Eine echte Kü lernatur, arbeitet er un¬
2786 2592 3340 2690 jetzt den Spuren Bourgel's.
1757 2624 2797 2707 Novelle behandelt doch ein psychologisches Problem. Oder
710 2639 1766 2718 ablässig mit jenem Ernst, den ine Mühe bleichet. Und
2891 2634 3399 2724 „Dora“ ist eine Ehebruchs
1758 2669 2804 2739 wollte uns der Dichter nahelegen, daß er an ganz außer¬
710 2692 1769 2769 dann besitzt er eine Gabe, die on stets frisch erhält: einen
2806 2700 3403 2768 treuherzig erzählt, als handelte es
1771 2715 2801 2787 ordentlichen Aufgaben seine Kraft erprobt hat? War dies
706 2742 1768 2820 köstlichen Humor. Als Erzähler geht er demgemäß großen,
2801 2745 3399 2820 Dinge. Dora ist eine sehr anstä
1770 2760 2796 2830 der Fall, so hat er uns ein wenig enttäuscht. Der ersten
726 2793 1771 2852 ergteifenden Problemen aus dem Wege. Er sieht auf der
2792 2799 3399 2870 brecherin und der Abgeordnete G
1763 2802 2799 2869 Novelle des Buches: „Warum starb Sionida?“ liegt ein
723 2832 1775 2898 Sonnenseite des Lebens und läßt heitere Gestalten an sich
2805 2849 3399 2908 Freund betrügt, ist zwar eine sehr
1773 2846 2673 2931 Problem zu Grunde, das wir nicht recht begreisen.
726 2884 1774 2947 berankommen, deren kleine Lebensschicksale er mit innigem
2794 2893 3395 2946 ehrliche Natur. Kurz eine sehr g#
1853 2897 2803 2967 Eine Russin erzählt dem Autor einen seltsamen Fall
715 2928 1774 3003 Behagen erzählt. Und wenn zuweilen die Erfindung stockt,
2801 2940 3401 3003 Ehebruchsgeschichte. Aber ich fürh
1775 2950 2804 3025 aus ihrem Leben. Sie hat in Gedanken die Ehe gebrochen,
716 2971 1778 3053 so schüttelt er den Wiener Staub von seinen Füßen
2798 2984 3412 3054 bruchsgeschichte nur deshalb so e
1769 2996 2802 3062 und an dieser Gedankensünde stirht ihr Kind. Das ist pure
718 3021 1777 3086 and wandirt nach Italien, nach England, nach.
2795 3029 3389 3102 so gemüthlich ausklingen läßt, i
1776 3047 2811 3113 Mystik, von der sich ein sonst so klar blickender Port wie
720 3064 1779 3148 Deutschland. Aber es ist kein zielloser Wander¬
728 3131 3389 3182 trieb, welcher in ihm rumort. Es ist der Künstler] David fernhalten sollte. Viel höher steht die zweite Ge= tiefer in seine Figuren einzudring
732 3180 3402 3256 der feinsiunige Kunstkenner, der Poet, der seine Reise= schichte „Die Schwachen“, eine schlichte Bauerngeschichte, sein gaukelndes ofocholoaisches
