3436 4224
1003 131 1387 220 box 7/3
340 127 743 212 4. Anato
423 763 1414 827 sopotz ontien= und WaltenM.„
580 862 1747 919 Andante spianato von Chopin in etwas allzu wohlfeiler Volks¬
430 859 559 913 Nun
433 901 553 958 Die
588 911 1742 954 ausgabe, dagegen drei Salonstücke, worunter eine „Tanz¬
415 942 562 991 Lieder,
587 940 1742 990 Arabeske“ eigener Komposition, mit sehr viel Feinheit und bei
592 979 1737 1022 aller Weichheit reichem Anschlag. Er mußte sich zu einer Zugabe
405 979 562 1040 Runze,
585 1021 1733 1073 herbeilassen. Der Saal war trotz des premiérenfreien Sonnabends
645 1058 1749 1105 eine Kuriosität im winterlichen Theaterkalender — nur mäßig
590 1094 719 1157 besetzt.
420 1150 551 1215 thelm¬
642 1171 1739 1223 f. m. Mit unserer österreichischen Literatur, so schreibt
415 1202 558 1252 ellung
580 1212 813 1260 man uns
821 1216 1741 1260 aus Wien, hat es eine ganz eigene
423 1244 559 1289 runter
581 1253 1739 1293 Bewandniß. Zuerst wird es jedem Fremden auffallen, daß
423 1279 549 1337 d eine
577 1287 1735 1339 unsere Schriftsteller ihrem eigentlichen Beruf nach alles andere
436 1318 555 1370 sind,
586 1325 1744 1366 eber sind als Schriftsteller. Am meisten mit der Literatur hängen
406 1353 547 1409 en in
589 1365 1731 1407 noch die Bühneautoren zusammen, die zumeist Redakteure und
415 1398 556 1447 rfenen
579 1397 1729 1439 Theaterkritiker sind. Nach dem sie Jahrelang den Sinn oder
408 1434 554 1486 fehlen,
590 1442 1743 1494 Unsinn Anderer kritisirt haben, können sie der Versuchung nicht
414 1474 557 1523 f auf¬
589 1489 1734 1531 widerstehen, selbst einmal zu produziren, Sinn oder Unsinn; ihre
434 1509 562 1574 Tage
589 1520 1727 1561 Stücke reichen sie dann den Theatern ein, über deren Aufführungen
586 1558 1732 1602 sie sonst zu berichten haben und die eine Zurückweisung natürlich
595 1599 1735 1641 nicht wagen. Unsere Romandichter aber sind im gewöhnlichen
587 1637 1741 1687 Leben Aerzte oder Beamte, Lehrer oder — Bummler. Das hat
584 1674 1742 1719 nun freilich das Gute, daß ihre Muse nur in den seltensten Fällen
590 1709 1736 1755 die Nothwendigkeit des Erwerbes ist. Die österreichische Literatur
405 1707 550 1770 gjestern
423 1758 558 1807 ange¬
579 1752 1731 1801 hält sich so größtentheils frei von jenem Gemachten und Ge¬
410 1789 557 1843 heckige
579 1787 1740 1838 wollten, das der norddeutschen, zumal der jungen Berliner
419 1833 555 1884 außer
594 1830 1727 1869 Schule anhaftet. Es liegt in ihr mehr Stimmung, mehr
428 1871 552 1917 nicht
591 1869 1733 1921 Kunst. Andererseits aber ist sie spärlicher, weniger umfangreich,
414 1903 555 1963 ist als
589 1907 1734 1946 und daraus erklärt sich die untergeordnete Rolle, die sie in der
580 1940 1734 1989 zeitgenössischen Produktion spielt. Bücher wollen nicht nur ge¬
409 1953 551 2000 genug,
598 1975 1739 2029 schrieben, sie wollen auch gedruckt werden. Und da ist es eine auf¬
403 1986 551 2039 gkeiten
409 2029 557 2076 onzert¬
594 2021 1739 2066 fallende und betrübende Erscheinung, daß man in Oesterreich
585 2061 1737 2100 keinen Verleger findet. Unsere Verleger besitzen weder Geschäftsgeist
407 2065 562 2112 er erste
581 2097 1739 2142 noch Unternehmungsmuth. So ist es gekommen, daß einige
402 2102 555 2154 ihl der
597 2138 1740 2182 deutsche Firmen den ganzen schöngeistigen Verlag Oesterreichs an
393 2142 555 2193 k. Die
588 2178 1740 2225 sich gezogen haben: Minden und Pierson in Dresden, Dony in
400 2181 563 2232 n, ver¬
597 2220 1723 2268 Stuttgart. Bei Heinrich Minden ist soeben der neueste Novellen¬
398 2218 563 2270 in dem
592 2260 1740 2305 band unseres J. J. David erschienen: „Probleme“. David nimmt
388 2258 566 2309 wollten
609 2292 1733 2337 in der heutigen Literatur eine Sonderstellung ein. Seine
398 2299 560 2357 legiren.
576 2330 1728 2382 Probleme und Eharaktere sind einfach, seine Sprache ist knapp
411 2336 554 2394 besten
588 2368 1737 2408 und alterthümelnd. Konr. Ferd. Meyer, vielleicht auch Storm
394 2373 551 2424 Gesang
585 2406 1734 2457 haben auf ihn eingewirkt. Von einem solchen Stil ist nicht mehr
388 2456 564 2502 73, der
585 2447 1740 2501 weit bis zur Manier; David hatte die Grenze auch bereits über¬
584 2483 1739 2537 schritten. In diesem neuesten, seinem besten Band hat er sich
386 2492 568 2543 ge Hoch¬
579 2521 1734 2580 wiedergesunden; nichts Störendes liegt mehr in ihm, man kommt
389 2533 557 2580 lönende
587 2582 1748 2622 zu einem reinen Genuß. Seine Meisterschaft in der Renaissance¬
380 2571 562 2623 vohl er¬
588 2600 1730 2649 novelle stand längst fest; diesmal hat er bewiesen, daß er auch
397 2606 562 2655 lieferte
591 2640 1734 2684 moderne Stoffe zu behandeln versteht. Ein Erstlingswerk ist
386 2647 560 2697 Reihen¬
590 2679 1738 2734 Arthur Schnitzler's „Anatol“ (Berlin, Verlag des Bibliographischen
385 2683 561 2737 sten der
590 2720 1737 2777 Bureaus), eine Sammlung von sieben Einaktern, gewandten,
390 2725 561 2777 iner so
588 2765 1743 2819 graziösen, feinsinnigen Plaudereien, im Stil Gyp's. Schnitzler
380 2765 563 2824 erholen,
592 2798 1742 2847 ist einer der talentirtesten und versprechendsten unter unseren
438 2805 562 2853 noch
590 2828 1742 2881 Jungen; im Berliner Lessingtheater wird diesen Winter ein
579 2873 1751 2929 dreiaktiges Schauspiel von ihm, „Das Märchen“, zur Aufführung
386 2866 559 2930 bling
383 2918 790 2995 ehenden 1 gelangen.
616 3019 1541 3144 Gios N. N. ein 1a
1970 1452 2005 1500 12
1980 1066 2017 1117 e
2014 741 2943 783 Kronpeinzessin=Witwe Erzye gogin Erep„
2009 767 2367 834 Besuch angemeldet.
2116 810 3027 867 * Im Verlage von Freund und Jeckel in Berlin
2022 859 3016 910 ist soeben ein Roman „Der Untergang“ von Theodor
2024 903 3025 951 Wolff erschienen, einem neuen Erzähler, dem wir respect¬
2023 926 3024 982 voll die Hand drücken. Die Fabel des Buches ist sehr
2027 989 3019 1027 einfach. Ein junger Mann, vom modernen Zeitgeist an¬
2017 1017 3029 1060 gekränkelt, blasirt und mit der Welt zerfallen, fühlt sich
2021 1066 3027 1107 zu seiner eigenen Ueberraschung von einer wahren Liebe
2025 1086 3028 1140 ergriffen. Der Gegenstand seiner Schwärmerei ist die
2015 1124 3023 1172 schöne Frau eines Marmorhändlers. Diese, von Natur
2022 1161 3031 1222 züchtig und ehrbar, widersteht der Bewerbung geraume
2018 1199 3026 1253 Zeit, läßt sich aber schließlich doch, als ihr der Geliebte
2016 1253 3031 1291 nach Capri nachfolgt, vom Sturme der Leidenschaft fort¬
2020 1268 3033 1319 reißen. Ein Zufall vermittelt dem alten, ahnungslosen
2016 1312 3029 1367 Gatten die Wahrheit. Es kommt zu einer Auseinandersetzung,
2023 1351 3020 1399 die weniger leidenschaftlich als rührend ist. Der Gatte
2016 1389 3029 1437 verzeiht nach einem heftigen Schmerzesausbruch den Schul¬
2026 1430 3019 1480 digen, deren Trennung er begreiflicherweise energisch for¬
2789 1463 3020 1513 Sie weicht
2011 1467 2787 1523 dert. Diese Scene ist die beste des Buches.
2027 1503 3024 1558 vollständig von dem Herkömmlichen ab und entbehrt doch
2011 1536 3025 1603 nicht der Glaubwürdigkeit. Das Liebespaar vermag in¬
2017 1579 3026 1629 dessen die Trennung nicht lange zu ertragen. Nach kurzer
2027 1613 3023 1663 Pause finden sich die Beiden wieder zusammen und be¬
2025 1651 3019 1702 schließen, da ihnen sonst keine Hoffnung winkt, gemein¬
2038 1689 3028 1742 schaftlich zu sterben. Vor Ausführung des Ent¬
2035 1736 3028 1788 schlusses zeigt es sich aber, daß die Frau noch
2025 1769 3027 1814 mit tausend Fäden am Leben hängt, wahrend er,
2035 1805 3028 1852 innerlich ausgehöhlt und entnervt, das Dasein wie eine
2024 1842 3014 1886 lästige Bürde betrachtet. So überredet er sie denn, ihre
2033 1874 3023 1928 Tage weiterzuspinnen, und geht allein in den Tod. Wolff
2026 1919 3027 1974 hat unstreitig Talent. Er weiß zu fesseln und zu rühren
2021 1969 3024 2014 und seine Naturschilberungen sind von prächtiger Wirkung,
2031 1991 3027 2046 wie ja überhaupt die Sprache des Buches sehr schwung¬
2032 2024 3038 2078 voll ist. Vielleicht wäre hier sogar ein Zuviel zu tadeln.
2032 2082 3030 2119 Man scheidet indeß von dem Buche mit dem Gefühle auf¬
2033 2119 3041 2162 richtiger Anerkennung. — Ein literarisches Product ganz
2034 2149 3031 2197 anderer Art, aber gleichfalls ein ganz annehmbares, ist
2029 2187 3031 2241 Arthur Schnitzler's „Anatol“ (Bibliograph. Institut,
2022 2239 3028 2275 Berlin 1893.) Die Form des Buches — eine Sammlung von
2026 2264 3040 2316 Dialogen — ähnelt einigermaßen derjenigen, in welche
2022 2292 3028 2351 die berühmte Mme. Gyp ihre amusantesten Romane kleidet.
2029 2340 3035 2391 Auch das Schnitzler'sche Buch ist ein solches Mittelding
2035 2375 3032 2424 von Roman und Theaterstück. Es enthält fünf oder sechs
2024 2412 3030 2463 kleine Einacter, welche insgesammt den Zweck verfolgen, die
2025 2458 3037 2506 überaus mannigfaltigen Beziehungen des Helden Herrn
2027 2495 3035 2540 Anatol zu weiblichen Wesen zweiter Güte klar und
2034 2540 3038 2578 anschaulich darzustellen. An Deutlichkeit läßt die Sprache
2020 2559 3020 2618 des Buches in der That kaum Etwas zu wünschen übrig;
2034 2600 3021 2657 sie ist aber außerdem recht flott und zeigt von viel Witz
2027 2655 3040 2703 und Menschenkenntniß. Anatol ist ein sentimentaler Roué,
2020 2699 3035 2740 der täglich bereits zum Frühstück ein oder zwei Ballet¬
2038 2721 2087 2754 □
2018 2721 3028 2786 Tanzerinnen oder Circusreiterinnen consumirt, bei diesen
2016 2754 3019 2825 Letzteren aber in Hinblick auf seine Unwiderstehlichkeit
2020 2795 3029 2861 dauernde Gefühle voraussetzt. Die Persiflage ist stellen¬
2034 2839 3016 2892 weise wirklich köstlich durchgeführt. Lesern, die gerne über
2029 2881 3026 2921 gute Einfälle lachen und hinterdrein ebenso gerne über die
2032 2901 3026 2955 Tendenz schimpfen, wird das Büchlein eine willkommene
2032 2950 2244 3007 Gabe sein.
2154 3053 2894 3144 Criminal=Geschichten.
3036 2838 3075 2885 *
3029 2890 3089 2958 0
