3296 4224
148 119 594 214 4. Anatol
798 123 1184 223 box 7/3
289 176 598 247 eeneeneenene en.
725 360 1139 422 Telefon 12801.
235 452 1598 543 Alex. Weigl's Unternehmen für Zeitungs-Ausschnitte
1264 514 1458 573 Ausschnitt
1224 523 1588 663 Nr. 97
587 521 1217 667 „OBSERVER“
193 663 1649 752 I. österr. bebördl. conc. Bureau für Zeitungsberichte u. Personalnachrichten
381 743 1493 809 Wien, IX Türkenstrasse 17.
585 807 1268 900 Filiale in Budapest: „Figyeló“ —
197 882 1631 958 Vertretungen in Berlin, Chicago, Genf, London, Newyork, Paris, Rom, Stockholm.
183 1000 710 1096 Ausschnitt aus:
702 1029 1463 1152 Benmer Borsenteurter
193 1129 808 1239 vom 16/ 7L-1900.
467 1458 1474 1562 „Die Herstellung von Pracht= und Luxus¬
423 1508 1464 1604 Ausgaben längst bekannter und im Handel befind¬
411 1553 1475 1647 licher Werke bedeutet eine Art Diplom für unsere
403 1612 1461 1687 Schdiftsteller. Sie umfaßt das Auerkenntniß, daß der
410 1653 1465 1728 Autordgus der Reihe der Bewerber um die Gunst
399 1694 1469 1770 des Publikums in die geringe Zahl der Aufgenommenen
401 1739 1041 1788 und Begünstigten eingerückt ist.
1069 1749 1460 1812 ich eine aparte
400 1759 1462 1837 Liebhaberausgabe, reich und modern illustrirt von
404 1809 1369 1895 M. Coschell, schön gedruckt, originell gebunden,
400 1851 1467 1932 soeben von Arthur Schnitzler's Einacter¬
398 1893 1457 1975 Strauß „Anatol“ im Verlage von S. Fischer,
396 1940 1467 2020 Berlin, erschienen. Diese sieben kleinen, einen
235 1944 328 2029 Für
341 1965 1610 2054 50 scharfen Salonduft ausströmenden Dichtungen haben inelusive
322 2024 1594 2099 100 ein seltenes Schicksal. Aus dem stillen Buchdasein Perto.
317 2067 1601 2135 200 heraus wurden sie plötzlich auf die Bühne gerückt, in Zahlbar
321 2103 1623 2179 500 deren grellem elektrischen Licht sie so seltsam glitzern! Voraus.
305 2128 1650 2224 1000 und blinken. Von der Bühne kehren sie nun wieder ist dus
324 2197 1663 2279 lm zu einem prächtigeren Buchleben zurück. In jeder iit es den
206 2208 1496 2326 Akonneme Form legen sie Zeugniß ab von den. durchdringendenn
200 2276 1422 2340 Abonnentekritischen Geiste und dem seinen Verstand des Ver¬
395 2310 1658 2405 fassers. Eine farbenprächtige poctische Einleitung von hend die
326 2363 1654 2451 „. Loris (H. v. Hofmannsthal) leitet den schönen ergen¬
216 2387 620 2451 Inhaltsa „Band ein.
208 2430 1646 2487 blätter (Tagesjohrnale ausser „Nue rreriesse und „wiener Zeitung“
218 2461 1647 2520 wolurch eine Uebersicht über das gesammte politische und wirthschaftliche Leben
205 2507 1662 2575 des In- und Auslandes in drastischer Kürze geboten wird. Diese Mittheilunger
199 2553 1026 2620 weiden in Wien um 9 Uhr Früh verschickt.
512 2614 1344 2706 Prospecte gratis und franco.
2252 1264 2657 1339 Telefon 12801.
1785 1382 3134 1446 Alex. Weisl’s Unternehmen für Zeitungs-Ausschnitte
2793 1430 2987 1502 Ausschaltt
2114 1468 3115 1576 „OBSLRVER“ Nr. 71
1716 1570 3168 1670 I. österr. behördl. conc. Bureau für Zeitungsberichte u. Personalnschrichten
1916 1650 3013 1740 Wien, IX/1, Türkenstrasse 17.
2780 1754 2844 1807 —
2131 1715 2780 1817 Fillale in Budapest: „Figyelé“
1725 1792 3166 1873 Vertretungen in Berlin, Chicago, Genf, London, Newyork, Paris, Rom, Stockholm.
1716 1919 2592 2007 Ausschnitt aus: Perdeentenhe
2659 1903 2942 2016 #e 1.
1730 2051 2233 2174 vom2  1900
1992 2432 2954 2501 Arthur Schnitzler, Anatol, illustrirt von
1915 2492 2915 2544 oschell (Berlin, S. Fischer). Wer unsere jüngste Literat
1873 2532 2864 2578 Theater=Bewegung verfolgt hat, kennt auch die prickelnden
1884 2569 2875 2617 ie der Wiener Schriftsteller A. Schnitzler unter dem Sam
1862 2615 2867 2667 Anatol“ vereinigt hat. Der kunstfertige Griffel M. Ci
1863 2648 2890 2693 sich nun zur Feder Schnitzlers gesellt, um ein Buch vorne
1856 2687 2885 2736 scheinung zu schaffen, das seinen Platz auf der Salontisch
1865 2732 3035 2783 finden wird. Die Einleitung" von Lorch kann man überschlagen
1849 2768 3037 2841 denn ihr Zusammenhang mit dem Buche selber bleibt ziemlich dunkel.
2201 2825 2739 2908 Bezugs-Bedingungen:
1762 2880 2887 2949 Für 50 Zeitungsausschnitte (Artikel oder Notizen). Kr. 15.—
2937 2906 3141 2967 inclusive
2778 2936 2908 2983 28 —
1866 2939 1961 2990 100
2969 2955 3125 3003 Polto.
2787 2975 2905 3023 50.—
1849 2973 1971 3027 200
2949 2992 3141 3048 Zahlbar
1848 3015 1965 3061 500
2759 3007 2908 3073 110.—
2765 3033 3163 3103 200.— im Voraus.
1785 3040 1961 3112 „ 1000
1869 3090 3172 3161 Im Gegensatze zu anderen Bureaux für Zeitungsausschnitte ist das
1731 3152 3181 3204 Abonnement durch keine bestimmte Zeitdauer begrenzt; — auch stcht es den
1740 3189 3030 3240 Abonnenten frei die aufgegebenen Themen zu ergänzen oder zu ändern.
1864 3268 3170 3319 Der „OBSERVER“ veranstaltet täglich einen Auszug enthaltend die
1742 3313 3174 3353 Inhaltsangabe aller wichtigen Mittheilungen der Wiener Morgen¬
1745 3349 3175 3410 blütter (Tagesjournale ausser „Neue Freie Presse“ und Wiener Zeitung“)
1744 3403 3167 3448 wodurch eine Uebersicht über das gesammte politische und wirthschaftliche Leben
1741 3436 3176 3503 des In- und Auslandes in drastischer Kürze geboten wird. Diese Mittheilungen
1737 3473 2542 3543 werden in Wien um 9 Uhr Früh verschickt.
2039 3537 2886 3632 Prospecte gratis und franco.
