3344 4384
237 220 1904 320 Panphletsoffnrints box 36/1
2982 959 3299 1052 Donnerstag,
251 954 937 1058 17o. 49 Jahrgang 1901
1916 1003 2129 1103 GA
1858 1024 2080 1131 F
2011 1143 2065 1219 90
1395 1196 1488 1303 +
473 1279 567 1421 6
393 1358 497 1461 D
2995 1409 3091 1481 1
3130 1395 3205 1484 4
1194 1389 1390 1489 2
1935 1478 1993 1552 20
2066 1526 3206 1649 des Gerliner Tageblatts 238
595 1536 1666 1659 Illustrirte Hakßwochen: Chronik
1718 1544 1967 1674 GEN
2899 1632 3048 1710 P
1766 1652 1839 1714 1
1368 1728 1983 1813 vor etwa fünfundzwanzig Jahren
625 1755 996 1845 Nocturno.
1368 1796 1967 1858 in Paris ereignete. Ich warschon
439 1812 1199 1887 Novellette von Georges Maurevert.
1378 1842 1970 1912 damals, was der gute satte Bürger
383 1854 1243 1951 Antoriürte Uebersetzung von Wilhelm Chal.
1372 1873 1979 1940 einen „tollen Kerl“ nennt, und
1365 1921 1985 1984 brachte, wie der schöne Ausdruck
423 1923 1363 2009 snd ich, meine Herren, bin der Meinung, daß die
1376 1971 1966 2036 lautet, meine Familie zur Ver¬
411 1983 1364 2048 Furcht das letzte aller menschlichen Gefühle ist,
1383 2013 1971 2075 zweiflung. Anstatt die diploma¬
288 1974 1368 2080 A- mi der man Witze machen soll. Die Spartaner.
1370 2059 1975 2113 tische Karriere einzuschlagen, wie
264 2063 1365 2120 die doch gewiß Jahrhunderte hindurch im Rufe des Muthes
1374 2114 1974 2163 es mein braver Vater wunschte,
267 2113 1371 2177 und der Tapserkeit standen, hatten ihr in Lacedänon
1375 2145 1978 2202 schwarmte ich schon in meinem
266 2155 1372 2209 einen Tempel errichtet. Michel Ney, der „Tapfere der
1383 2195 1981 2252 zwanzigsten Jahre für Freiheit
264 2196 1365 2274 Tapfersten“ lachte über den Dummkopf, der behauptete, nie
1380 2239 1966 2292 und wandte mich der Malerei zu.
2239 2181 2616 2369 S
262 2245 1363 2311 Furcht gehabt zu haben. Dabei sprach der berühmte
1374 2281 1984 2347 Ich will Ihnen gleich sagen, daß
267 2287 1366 2348 Marschall nicht etwa von jener instinktiven Empörung des
1366 2322 1968 2390 ich nicht „berufen“ war, ber
258 2331 1359 2398 gewöhnlichen Sterblichen angesichts einer physischen Gefahr,
1374 2369 1871 2429 mit zwanzig Jahren bild.
264 2375 1356 2432 nein, er meinte jene unerklärliche Panik, die sich des Indi¬
2318 2380 2396 2459 1
1373 2408 1897 2482 sich ja bekanntlich alles ein
267 2412 1367 2497 viduums mit Körper und Geist vemächtigt, wenn es sich dem
1444 2448 1979 2514 Eines schönen Tages verließ
255 2466 819 2538 Unbekannten gegenübersieht.
2344 2440 2501 2561 —
1366 2498 1983 2559 ich zum Entsetzen meiner Familie
2287 2488 2339 2564 —
338 2495 1368 2570 Schließlich, meine Herren, möchte ich noch bemerken, daß
1379 2534 1982 2605 die Place Vendome, um mich in
2397 2503 2803 2655 L
264 2546 1352 2595 ich selbst, der ich doch nicht für einen Feigling gelte, es
2804 2526 2954 2616 Sa
1376 2589 1983 2646 Montmartre auf der Place du
259 2588 1360 2654 nach einem gewissen Abenteuer nicht mehr wage, zu nächt
1373 2632 1978 2693 Tertre niederzulassen. Ach, meine
270 2643 1366 2706 licher Stunde durch einen Hohlweg zu gehen oder einen
1379 2677 1972 2736 Freunde, diese bescheidene Woh¬
254 2687 642 2753 Wold zu betreten.“
1378 2719 1982 2787 nung auf der Place du Tertre,
333 2701 1366 2790 An einem der letzten Sommerabende saß ich mit mehreren
1380 2762 1980 2823 von der ich Abends Paris in
269 2769 1364 2836 Freunden auf der Terrasse des Automobilklubs. Es war
1382 2801 1973 2863 voller Beleuchtung überschauen
265 2811 1371 2864 eine Nucht „voll Sternen und voll Träumen“, wie der Dichter
1380 2849 1976 2915 konnte, verkörperte meine ganze
266 2856 1372 2917 sagt. Wir saßen behaglich in unseren Schaukelstühlen und
1386 2891 1979 2949 Jugend, meine arme und doch so
274 2896 1376 2970 schlürften amerikanische Getränke. Wir wandten uns nach
1388 2936 1984 3002 herrliche Jugend! Dort habe ich
261 2941 992 3006 dem Manne um, der eben gesprochen.
1375 2984 1987 3048 die Freude kennen gelernt, mich
348 2968 1363 3049 Nein, er konnte wirklich nicht für einen Feigling gelten,
1374 3024 1979 3093 nach meinem Belieben zu kleiden,
273 3035 1377 3094 der Graf von Noterolles mit seinen zweiunde# anzig Duellen
1385 3071 1978 3132 nach meiner Phantasie herumzu¬
272 3072 1378 3135 und jener leidenschaftlichen Vorliebe für die Gefahr, die ihn
1378 3109 1986 3168 schweisen und meiner selbst willen
2358 3103 2444 3171 80
269 3113 1375 3180 seiner Zeit veranlaßt hatte, an dem griechisch=türkischen Kriege
1380 3160 1989 3222 geliebt zu werden — denn ich
267 3159 1373 3230 theilzunehmen. Jetzt kam er aus Transvaal zurück, wohin
1386 3199 1988 3261 brauche Ihnen wohl nicht eist zu
273 3215 1372 3266 er mit Villebois=Mareuil gezogen war; im Kampfe bei
1393 3250 1998 3300 sagen, daß Man mir die Ledens=
274 3249 1385 3312 Moschof, wo der tapfere Oberstientnant geblieben, hatte er
1392 3290 1997 3338 mitel nbgeschmitten hatte, und"
270 3304 1374 3362 eine Knget in die Seite beiommen, wal gefangen gesiommten
1376 3330 1988 3387 daß ich eyne meine liebe, alte
273 3331 1379 3399 und nach Sanet Helena gebracht worden. Dann hatte
1382 3372 1986 3434 Großmutter aus dem Quercy,
262 3378 1366 3451 man ihn gegen die ehrenwörtliche Verpflichtung, nicht wehr
1379 3417 1980 3476 die mir eine kleine vionatliche
265 3413 1376 3478 gegen England zu kämpfen, freigelassen. „Aber schließlich
1379 3460 1988 3515 Pension von zehn Louisdors
274 3469 1371 3529 giebt's doch nicht nur Transvaal in der Welt, nicht wahr,
1390 3503 1983 3572 aussetzte, einfach Hungers ge¬
275 3516 603 3581 Feine Herren?“
1395 3549 1672 3612 storben wäre.
332 3537 1354 3617 Unter uns Automobilisten stand er mit seinem vierund
1456 3570 1992 3652 Ich hatte einen Freund, der
275 3589 1363 3668 zwanzig Pferdekräfte starken Automobil, das neunzig Kilo¬
2172 3543 2290 3697 8
1386 3623 1987 3694 ebenso wie ich Maler war, einen
269 3643 1371 3715 meter in der Stunde zurücklegte, im Ruse wahnsinniger
1394 3681 1984 3734 gewissen Clande Lantinois, einen
276 3687 826 3759 Tapferkeit und Tollkühnheit.
2420 3684 3137 3749 Das renovirte Patrizierhaus in Gelle.
1382 3725 1986 3777 guten Kerl, der ein bischen auf¬
338 3707 1320 3787 Als wir erstannte Gesichter machten, fuhr er fort::
1988 3724 3318 3789 Tas prächtige niedersächsische Pattizierhaus in Celle, das im Jahre 1532 erbaut und mit
1387 3766 1987 3818 schnitt und gernrenommirte zerhat
1988 3766 3322 3816 Einamentirung ein einzgertiges Schminekstuck bildet, in uunmehr auf Kosten der Stadt un
279 3753 1374 3835 meine Herren, auch ich kenne die Furcht seit einem gewissen
1388 3807 3323 3860 ein paar recht gute Bilder gemalt. Bematung verseben worden, die die Schönheiten des Banwerks um so wirkungsvoller
274 3810 1380 3884 Abenteuer, dessen entsetzter Zeuge ich gewe#en, und das sich
2552 3843 3319 3922 Wir hatten den stolzen Plan gefaßt, zusan
2484 3904 3316 3966 nächsten Salon ein Bild zu schaffen, „Ewige 2
2480 3960 3328 4014 junge Frau, die auf dem Grabe ihres Geliebt
2483 3997 3324 4050 Du lieber Gott, die Sache war weder in der
2491 4042 3325 4101 der Komposition besonders verzwickt ... aber dau
2508 4093 3331 4148 Rosenkreuzer“ die „Symbolisten“, die „Imprest
3198 4127 3308 4164 1 I
3064 4125 3175 4162 ####n“
