3248 4352
581 229 706 306 Ne
775 231 924 306 ins
955 236 1124 312 Fre
1342 230 1744 326 box 3/1
197 236 1333 350 23. Der
562 539 1596 658 auber. Aber bis ins kleinste genau fixiert Schnitzler
559 620 1588 705 in Bild: „Die Augen, wenn sie nicht eben mit einiger
545 672 1256 737 lbsicht gütig oder klug schauten“..
612 717 1594 772 Der Berliner Kritiker Monty Jacobs nennt
543 774 1586 822 as ganze Weh und Ach des Buches „zwecklose Erörte¬
539 828 1591 875 ungen“. Und es ist wahr: die geistvollen Erörterungen,
540 877 1586 939 ie wundervollen Beobachtungen, die haarscharfen In¬
541 915 1592 989 ividualisierungen und überzeugenden Typisierungen
546 957 1593 1033 aben keinen anderen Zweck außer dem einen, daß sie
534 1019 1593 1084 ich Selbstzweck sind. Ein subjektiver Zweck des Dichters
534 1068 1592 1136 var's zuerst, daraus wurde durch die Kraft der Gestal¬
533 1121 1591 1189 ung ein künstlerischer. Doch irgend einen Ausweg für
536 1176 1581 1224 das Judentum, den „Weg ins Freie“, suchte Schnitzler
539 1230 1271 1283 jar nicht. Er wandelte und beschaute.
607 1267 1581 1336 Das Buch ist ein sehr kontemplativer Roman, ohne
522 1320 1587 1391 ein starkes Agens. Das Zuständliche und das Reflekto¬
519 1372 1584 1434 rische bilden weitaus sein übergewicht. In der Hülle
530 1407 1590 1482 (oder ist das Gesellschaftsbild der Kern?) steckt aller¬
518 1482 1581 1538 dings auch ein persönliches Schicksal. Schnitzler hat
527 1519 1581 1571 bisher nur ganz wenige lyrische Gedichte veröffentlicht.
526 1567 1590 1637 Eines kenn' ich. Ein Mann, dem die Liebe erloschen ist,
515 1623 1577 1669 küßt sein Mädchen, das noch heiß an diese Liebe glaubt.
519 1665 1582 1732 Eigentlich ist es auch das Thema von Schnitzlers „Liebe¬
505 1718 1579 1767 lei“: ein Mädchen gibt sein ganzes Menschendasein hin
512 1767 1585 1847 für eine Episode des Mannes. In ber „Liebelei“ klingt
509 1813 1587 1887 der tiefe Unterton der Reue mit. In dem neuen Buche
517 1850 1586 1939 heißt diese Grausamkeit (vielleicht nicht des Mannes,
512 1915 1583 1990 vielleicht nur der Natur) „der Weg ins Freie“. Schnitzler
510 1958 1589 2040 ist weit davon entfernt, Thesen der Herrenmoral auf¬
510 2017 1577 2085 zustellen, nicht minder aber davon, mit romantischem
505 2069 1598 2136 Optimismus die Natur zu korrigieren. Er sieht, wie die
475 2316 1540 2410 Dinge so vorübergleiten; wie die Kurve der Leidenschaft
1612 2325 2606 2413 Schnitzler hat versucht, den feinfühligen Egoisten,
479 2392 1524 2442 teigt — und fällt . .. Nun ja: dieser Georg von
1541 2395 2596 2452 ohne das psychologische Beweisverfahren zu trüben, der
479 2442 1523 2505 Wergenthin glaubt Anna Rosner zu lieben. Er handelt
1547 2437 2591 2493 Sympathie näherzurücken. Durch Wergenthins „Sen¬
478 2499 1523 2558 nicht vorsätzlich üblel an ihr. Er tut nichts gegen sein
1543 2491 2560 2554 dung“, durch sein Künstlertum. Ein Refler der Sesen¬
473 2536 1525 2591 Herz. Bloß daß dieses Herz nicht fähig ist, die Wärme
1542 2541 2550 2595 heimer Idylle, ein Anruf an die Selbstrettung de¬
468 2597 1524 2653 zu halten. Er tötet nicht die Lieb' und Treue; doch
1532 2587 2603 2643 jungen Goetheschen Genius sollte helfen. Das ist, dank
478 2641 1522 2685 Lieb' und Treue verlöschen in ihm. Die Moral, unter
1536 2643 2603 2699 der Ehrlichkeit des Dichters, mißglückt. Er verschmähte
471 2690 1523 2750 der die freieste Liebe steht, verpflichtet jeden, die Kon¬
1535 2687 2591 2748 es doch, unbeweisbare Rechte des Genies zu imaginieren.
479 2738 1527 2807 sequenzen seiner Handlungen zu tragen. Keiner hat das
1541 2746 2593 2786 Unter seiner Fürsorge für die innere Wahrheit geriet
471 2791 1517 2837 Recht, um seiner selbst willen den anderen zu vernichten.
1538 2789 2608 2856 der Künstler Wergenthin nur bis zum Mittelmaß eines
471 2835 1531 2889 Die hohe Ethik eines freien Liebesbundes fordert die
1536 2853 2599 2905 Dilettanten der Kunst und der Liebe. Dagegen schwebt
474 2888 1522 2960 Lösung, wenn die Liebe schwindet. Denn die Wahrheit
1528 2887 2592 2949 ein seraphischer Glanz um die schlichte, tapfere Weid¬
464 2940 1520 2995 des Gefühls soll das Allerheiligste sein. Aber wenn
1538 2952 2596 3005 lichkeit der Anna Rosner. Ist sie im Leben zu finden,
471 2989 1523 3056 das eine von zwei Herzen bricht, während das andere
1534 2994 2605 3049 so ist sie die erste der stillen Märtyrerinnen. Sie allein
475 3034 1527 3100 bloß erkaltet . . .? Auch hier ein unlösbares Problem;
1530 3039 2598 3092 in der Dichtung gewährt dem Herzen des Lesers Helle
472 3080 966 3152 kein „Weg ins Freie“.
1537 3090 2588 3135 und Wärme. Sich an ihr zu erheben, hindert aber ihr
548 3132 1530 3196 Nun ja: dieser Georg von Wergenthin wäre bereit
1534 3124 2590 3187 klägliches Los. Welch ein Weg durch welch eine Welt!
472 3179 1523 3240 gewesen, die Konsequenzen zu tragen. Er hätte die
1531 3181 2611 3237 Wenn am Saume des Weges die lieblichsten Blumen
476 3234 1525 3286 Mutter seines toten Kindes mit erloschener Liebe sich
1537 3238 2450 3295 fruchtlos verderben ... Ein Weg ins Freie?
469 3283 1532 3332 dauernd verbunden, wenn sie ihr verlorenes Leben ihm
1617 3287 2595 3344 Die Liebesgeschichte des Romans wäre alltäglich,
469 3330 1519 3387 aufs Gewissen gebunden hätte. Doch gibt es hochherzige
1526 3340 2585 3400 würde sie nicht erfüllt sein von subtilen Schönheiten.
468 3385 1519 3426 Wesen von höchster Liebesfähigkeit, die an solchem Gifte
1535 3386 2595 3449 Nicht gerade lyrisch=ästhetischen Schönheiten. Die Stellen,
469 3420 1531 3490 des Kompromisses nur noch jammervoller zu Grunde
1536 3434 2599 3481 auf denen Auge und Sinn des Lesers länger weilen,
470 3480 1520 3542 gehen... Anna öffnet dem Geliebten den — Weg
1541 3495 2595 3567 entschleiern Geheimes, sind voll eindringlicher Erfahren¬
476 3530 1524 3593 ins Freie ... (Wie banal wärd hier die Deutung des
1525 3533 1656 3595 heit.
1621 3556 2597 3643 Ist das ein Roman? Man darf das Wort immerhin
478 3581 1520 3646 Wortes!) Und er, der verfeinte Asthet mit doch so
475 3629 1527 3684 robustem Gewissen, flieht. — Dort ein stummes, über¬
1543 3634 2593 3689 gelten lassen. Vom Worte hängt nichts ab. Romane
499 3676 1520 3746 menschlich liebevolles Entsagen; hier der Egoismus mit
1542 3681 2588 3746 schreiten aus. Der Dichter, der mit dieser Beichte sich
480 3729 1519 3787 ein bißchen nichtsnutziger Melancholie. Neben der inner¬
1538 3734 2591 3780 befreite, wandelte still vor sich hin. Wir kennen ihn;
473 3778 1518 3849 lichen Mittelmäßigkeit des Mannes und in ihr freilich
1534 3778 2607 3843 wir erkennen ihn wieder: als den gedankenvollsten und
2237 3840 2354 3900 e 7
1526 3825 2059 3903 nachdenklichsten Betrachter.
463 3823 1248 3923 auch so etwas wie ein Naturgesetz.
