3248 4096
177 103 332 197 23.
364 99 1172 186 Der Nec ins Freie
1339 116 1725 203 box 3/3
360 153 1187 219 Aen eeen S en e e e eee
1281 744 1676 817 Wilhelm von Polenz
2157 756 2261 857 185
702 858 2254 938 fehlt in dem Literatenroman „Wurzellocker“ der Mann, der uns wirklich nahe
702 935 2256 1017 kommt. Der Dichter Fritz Berting ist nicht über den auch von andrer Seite
706 992 2250 1077 so oft dargestellten Typus der Menschen hinaus gelungen, die, wie Fontane
711 1052 2251 1136 sagt, das Moralische aus dem ästhetischen Fonds bestreiten. Wir glauben nicht
697 1119 2253 1187 recht, was wir doch glauben sollen: daß er wirklich ein bedeutender Künstler
698 1164 2252 1241 ist, und verstehn im Grunde nicht, warum Heinrich Lehmfink, sein positiver
707 1227 2255 1291 Gege ispieler, eine prächtige Gestalt, den Mann so ernst nimmt. Auch kommt
701 1301 2247 1369 es der Schilderung des Literatentreibens, in dem einzelne glänzende Typen
702 1351 2252 1427 auftauchen, wie der Journalist Silber=Karol, nicht zugute, daß es Polenz nach
701 1405 2253 1470 Dresden verlegt hat. Ich meine, er fühlte nicht die Kraft und die Sicherheit
695 1456 2251 1528 in sich, es in Berlin oder München, in dem ganzen Strudel jener tollen Jahre
694 1515 2247 1604 zu gestalten, in denen auch seine schriftstellerische Arbeit begann. Aber wiederum
702 1582 2240 1653 lebt eine warmblütige und reizvolle Mädchengestalt in diesem Milieu, Bertings
694 1631 2244 1717 Geliebte Alma, und da ist es denn freilich für Polenz bezeichnend, wie echt
694 1708 2247 1782 und voll er diese Frau gibt, weltenfern von jener Verhältniständelei, die wir
693 1752 2224 1839 sonst so oft, zuletzt noch, unerfreulich genug, in Artbur Schnitzlers-, Weg ins Freie“
695 1819 2242 1896 auftauchen sahn. Nicht der seiner Pficher#geßnesondern sie behält
697 1887 2241 1966 noch im Tode das letzte Recht, ein Abschluß, der ebenso dichterisch wie ethisch
697 1939 2205 2016 ganz positiv und gerade in diesem Roman „Wurzellocker“ wurzelecht wirkt.
797 1994 2239 2064 Der unvollendete Roman „Glückliche Menschen“ hätte über diese Arbeiten
698 2052 2246 2134 hinaus vermutlich wieder ein Meisterbuch ergeben. Man fühlt ordentlich, wie
700 2115 2244 2196 Polenz das Herz schlug, wenn er hier wieder seine Liebe zur Scholle ganz aus¬
696 2171 2239 2254 strömen lassen konnte: „Ernst hatte es früher nicht so gewußt, daß der ganze
697 2229 2237 2313 Beruf des Landmanns auf Glauben gestellt ist. Der Mann, der vom Erdreich
702 2284 2248 2358 das Wachsen und Gedeihen seiner Früchte verlangte, mußte an viele, viele
693 2352 2236 2419 verborgne Dinge glauben, die er nicht erklären konnte; er mußte hoffen können,
695 2405 2245 2488 während er im herbstlichen Nebel lebte, daß die Sonne wieder scheinen und daß
705 2455 2235 2537 sie aus der braunen Scholle das Wunder der grünen Halme erst und der
698 2529 2237 2604 wogenden Ahrenfelder später hervorzaubern werde. Nichts stärkte den Glauben
700 2583 2234 2654 an die Kraft des Lebens und an den Reichtum der ihm innewohnenden, un¬
698 2649 2234 2721 erforschlichen Keime so innig wie das langsame, aber unaufhaltsame Emporsteigen
689 2694 2235 2773 der jungen Ernte aus den kahlen Feldern. . .. Nun erschienen sie alle wieder,
694 2758 2231 2843 die alten Bekannten, von denen wir in den trüben Wintertagen glaubten, sie
693 2814 2232 2905 seien auf Nimmerwiedersehn verschwunden.... Das war die erste rührende
690 2874 2238 2956 Kindesschönheit des Frühlings, die alles verheißt und leicht an das Größte
693 2944 2238 3005 glauben macht.“ Wieder sollte hier, wie im „Grabenhäger“, das Leben eines
698 2998 2229 3064 persönlich freilich anders gearteten Rittergutsherrn geschildert werden, und wir
698 3053 2234 3132 haben den Glauben, daß es der Hand gelungen wäre, die die Feder zu früh
694 3104 1070 3177 niederlegen mußte.
790 3171 2243 3250 Polenzens spätere Novellen, Dorfgeschichten, sind lockere, nicht ohne Laune
693 3219 2230 3307 gegebne Skizzen. Dörfliches Kleinleben können wir verfolgen, bäuerliche Starr¬
690 3294 2232 3377 heit und Verschlagenheit, dann aber wieder kurz gegebne Geschicke von schwerer
748 3341 1101 3411 Grenzboten II 1909
1995 3356 2057 3418 25
