3248 4352
180 188 394 279 23.
380 181 685 258 Der Ne
741 187 1049 262 ins Fr
1342 188 1729 290 box 3/1
380 207 1295 305 Beluug aus Teie
2064 824 2393 917 S
1700 903 2823 960 L. Staackmann, Leipzig), ein Buch, das von sehnsüchtigen,
2953 794 3239 962 —.
1585 916 1660 1013 4
2839 943 3235 1013 sauberer Eleganz, wi
1713 946 2828 997 sonderbaren Menschen erzählt, die alle, auf verschiedenen
857 916 1598 1068 Feuilleton.
1712 985 2824 1045 Wegen, nur eins suchen: inneren Frieden, der die Har¬
2843 981 3250 1061 Er erzählt ruhig und
1706 1036 2821 1093 monie mit Gott und der Welt bedeutet. Und ein Ton der
2848 1036 3141 1102 gehört, der
649 1039 1590 1135 Die Mainlinie in der Literatur.
1706 1075 2821 1138 Auflehnung gegen norddeutsches Wesen ist darin. Einer
2853 1067 3234 1140 Asenkofer, nachdem
1705 1109 2823 1167 der Zwölf, ein idealer Phantast, versucht durch leiden¬
2845 1109 3243 1186 gänzlich vom Glat
603 1113 1685 1181 Es ist kein Zufall, daß in unseren Tagen die Neu¬
1710 1165 2822 1219 schaftliche Briefe auf Wilhelm II. einzuwirken. Die
552 1158 1685 1227 ausgaben der deutschen Romantiker sich drängen. Nach einer
2855 1157 3223 1226 sein Heil sucht,
1705 1204 2823 1267 Enttäuschungen, die er an dem von ihm geliebten
2847 1198 3242 1284 abstoßen. Denn man
558 1207 1688 1264 Zeit, da es als die oberste dichterische Handwerksregel galt,
1701 1245 2828 1308 Kaiser, an Berlin, an Land und Leuten erlebt,
557 1253 1678 1316 kuhl und überlegt das Dasein zu schildern wie es ist, mußte
2856 1249 3233 1317 nicht geschehen, wen
1699 1286 2828 1355 lassen ihn zufrieden in seine heimische Steiermark zurück¬
556 1284 1683 1360 der heiße Wunsch in den Menschen erwachen, sich wieder
2850 1296 3218 1371 Menschen gehabt hät
1703 1326 2827 1394 kehren und es entbehrt nicht einer tieferen Bedeutung, wenn
671 1334 1684 1399 Schöpfungen zu erfreuen, die das Leben er¬
2840 1342 3226 1396 stand. Da er niema
1702 1374 2832 1452 er auf der Heimfahrt gleich jenseits des Main jene
2838 1389 3229 1446 dem Aeußersten bew
560 1366 1696 1445 klären. Die Lehren der großen französischen Realisten
1707 1410 2828 1488 Menschen wiederfindet, die ihm verwandt sind. Die Technik
2838 1431 3236 1487 wird von seiner klei
567 1423 1688 1486 Balzac, Flaubert, Zola, daß edle Liebe, Religion, alle
1709 1472 2830 1519 des Romans ist herzlich schlecht. Kein Boulevard¬
557 1468 1687 1528 idealen Regungen der menschlichen Seele schädliche Sentimen¬
2840 1463 3223 1540 getan. Eine schöne
1713 1496 2825 1566 Romancier würde so arbeiten. Sollen wir uns beschämt
557 1512 1690 1574 talitäten seien, die den reifen und besonnenen Menschen des
2839 1521 3240 1580 verloren; eine gütig
1717 1559 2832 1615 fühlen? Das Geheimnis ist: innerer Reichtum sprengt die
2845 1558 3223 1620 auf den Spender zu
559 1556 1696 1613 eisernen Zeitalters für das Leben unfruchtbar machen, mußten
1703 1601 2827 1661 starren Kunstformen; wir wollen uns des quellenden
2847 1598 3230 1665 Mahnung verstehen?
562 1601 1689 1664 gerade unter den Deutschen begeisterte Apostel finden. Denn
1702 1632 2820 1710 Lebens freuen. — Dicht neben Bartsch marschiert Ginzkey,
2873 1646 3229 1704 Knoreiger und wi
566 1644 1691 1702 im Lande der Metaphysik gab man sich nur zu gern den
2516 1680 2824 1749 Sein Buch
1705 1682 2491 1750 auch Oesterreicher, auch Offizier.
2851 1686 3193 1756 Jakob Schaffner,
568 1695 1695 1752 Gefühlen hin, und mußte reuevoll an die Brust schlagen,
1703 1741 2802 1798 „Jacobus und die Frauen“ (ebenfalls Staackmann=Leipzig)
557 1733 1690 1796 wenn die ausländische Kunst sogar diese Gefühle verhöhnte.
2837 1719 3202 1800 Fischer, Berlin) al
1738 1774 2704 1830 st die poesiegesättigte Erzählung einer Jugend.
2849 1780 3044 1834 aufweist:
569 1772 1693 1829 Der Kampf zwischen Gefühl und Verstand in der Literatur
3035 1772 3230 1833 Die Er
1702 1812 2829 1875 wird viele, sehr viele Menschen geben, die dieses Buch
2859 1825 3024 1882 Altgesell.
567 1819 1682 1876 ist nicht neu. Am Ende des achtzehnten Jahrhunderts
3043 1822 3171 1880 In
1710 1860 2834 1920 komisch finden. Wo in aller Welt gibt es auch einen
2851 1856 3237 1926 wunderliche german
564 1859 1688 1932 hatte Aufklärung und Gefühlsseligkeit den gleichen Kampf
1702 1919 2832 1973 Jüngling, der obendrein Offizier ist, und mit den Frauen,
2847 1913 3238 1973 Mittelalter Hans S
567 1912 1694 1966 mit einander geführt. Und über dem erbitterten Entweder¬
1711 1954 2823 2001 edlen und gefallenen, so zart und fein umgeht, wie der
2843 1950 3237 2013 Menschen und solche
560 1960 1690 2013 Oder war dann die Sonne der Klassiker aufgegangen, die
1709 1989 2827 2061 junge Jacovus. Ist das „männlich“? Ist das „forsch“?
2843 2000 3229 2066 land möglich. Das
562 2001 1692 2073 beide Richtungen zu einer großen und lebendigen Einheit
1712 2023 2824 2101 Sicher nicht. Aber diese ritterliche Verehrung der Frau
2842 2043 3210 2107 Wesens bedeuten —
565 2048 795 2104 versöhnte.
1707 2080 2831 2146 ist echt deutsch und christlich. In einer feinen melodischen
609 2068 1688 2146 Die Reaktion gegen den exakten Realismus, der vom
2844 2086 3235 2149 und tatkräftige nor
1704 2113 2828 2184 Sprache ist der Roman geschrieben. Die Menschen in ihm
2838 2124 3230 2185 wie der Kopf dem
573 2122 1697 2181 nördlichen Deutschland ausging, hat bereits eingesetzt. Die
1716 2166 2825 2218 haben nicht die photographische Lebensähnlichkeit, die durch
2839 2171 3233 2243 gelehrt, wohin man
563 2172 1693 2220 erneute Wertschätzung der Romantiker beweist es, wie das
1803 2216 2831 2283 Wiedergabe der scharfen äußeren Linien ent¬
1703 2215 1810 2267 die
3034 2221 3129 2271 das
2839 2219 3030 2276 aber darf
570 2213 1697 2286 Umbiegen der ehemaligen Hauptleute des Realismus in
1847 2242 2839 2317 sondern die tiefere Belebtheit, die von
1707 2254 1833 2321 steht,
2837 2265 2951 2316 von
575 2261 1687 2311 Symbolismus. Aber eine auffälligere Tatsache gibt dem
2205 2299 2581 2362 Ginzkey ähnelt
2571 2287 2840 2355 in dieser
1720 2287 2202 2357 Seelenkenntnis kündet.
569 2302 1696 2356 Literaturkundigen noch mehr zu denken: das deutliche Auf¬
1710 2339 2831 2402 Technik den Schwaben Ludwig Finckh, der mit seinem
1417 2344 1699 2410 süddeutscher
566 2349 1433 2412 treten einer Mainlinie, der Einbruch
1708 2378 2838 2451 Roman „Der Rosendoktor“ (Deutsche Verlagsanstalt
567 2384 1697 2453 Dichter in die Literatur. Das bedeutet den Sieg
1720 2436 2835 2487 Stuttgart) auch im Stoffe ähnliches gibt. Auch er hat die
567 2423 1700 2492 des Herzens über den Kopf und da, wie Immermann
1709 2469 2833 2537 tiefe und zarte germanische Frauenverehrung, die nur rohen
570 2477 1697 2541 sagt, vom Herzen alles Größeste auf Erden ausgeschritten
1719 2518 2832 2569 Gemütern sentimental erscheint. Sein Landsmann Schmitt¬
2882 2525 2970 2577 S.
575 2526 1698 2572 ist, können wir uns des Vorstoßes der herz= und gemüt¬
1716 2563 2831 2620 henner arbeitete nur kurze Zeit. Dennoch läßt das Wenige,
568 2561 1702 2620 begabten Süddeutschen freuen. Es sind durchweg neue
1712 2600 2836 2663 was er geschaffen, seinen fruhen Tod auf das schmerzlichste
2851 2609 2935 2663 Bed
577 2607 1698 2662 Namen, in den letzten zwei, drei Jahren, oder sogar erst in
1678 2630 2838 2704 ] bedauern. Dieser evangelische Geistliche war ein reiner und
2843 2657 2930 2710 Oe
565 2647 1696 2706 diesem Jahre zum ersten Mal genannt, und es sind durch¬
1709 2688 2836 2751 warmer Dichter; gütig und fein; sein letzter Roman „Das
564 2697 1700 2754 weg starke Talente. Und sofort, wie wir uns diese Talente
2835 2695 2907 2762 oh
1720 2746 2826 2805 deutsche Herz“ (Deutsche Verlagsanstalt) ist eine ausge¬
582 2752 1691 2804 näher ansehen, fühlen wir uns zu ihnen hingezogen; denn
2841 2740 2909 2793 D
1712 2781 2597 2858 zeichnete Leistung, die noch lange dauern wird.
574 2782 1689 2836 sie sind ausgesprochen deutsch und haben mehr oder minder
2843 2789 2909 2842 Au
1753 2820 2832 2887 In einem anderen Tone erzählt der junge Bayer Karl
573 2826 1697 2881 klare religiöse Gefühle. Es sind Dichter, die wir wieder so
2842 2832 2922 2887 Fre
1708 2865 2835 2931 Borromäus Heinrich, dessen erster Roman „Karl Asenkofer“.
569 2869 1702 2927 nennen dürfen, versonnene und sehnsüchtige Naturen, sind
2845 2878 2939 2932 gene
1710 2907 2825 2981 soeben im Langenschen Verlag, München, erschienen ist.
2842 2919 2927 2966 nei
574 2918 1700 2987 das, was sie sein sollen: redende Zeugen des stummen
1719 2959 2831 3010 Ein Bekenntnisbuch schönster Art: ein junger, in den
572 2959 1373 3024 metaphysischen Bedürfnisses der Menschen.
2845 2959 2935 3019 Sch
1712 2999 2825 3053 dürftigsten Verhältnissen aufgewachsener Mensch beichtet rück¬
2851 3004 2932 3060 sich
615 2992 1700 3084 Da ist der junge österreichische Offizier Bartsch mit
567 3033 2988 3108 seinem Roman „Zwölf aus der Steiermark“ (Verlag haltlos alles, was ihn von frühester Kindheit an bewegt merkbau
2793 3103 2998 3180 siont. D.
2789 3160 2981 3221 ist vorbei
2782 3212 3078 3280 Wirklichkeit setz
2959 3346 3039 3394 freit
