3296 4192
212 114 719 222 23. Der Ne
775 118 1136 203 ins Fre
1352 129 1755 230 box 3/1
414 143 1257 249 Lerug ane Asie
2779 1089 2833 1170 —
1684 1119 1877 1190 A
555 1168 2835 1233 bedachte Wirklichkeitssinn verstanden sein will. Aber Schnitzlers] und die aufschreckt, wenn ein Besucher ihre wachen Träume zer¬
559 1219 2841 1281 Juden haben alle mehr oder weniger messianischen Glanz. Soll reißt, die lebt vor uns und neigt mit ernstem Lächeln das!
1698 1245 2840 1332 Haupt zur Seite und nickt uns zu, wenn wir behutsam still
549 1261 1696 1346 man sie charakterisieren, so muß man die Phrase anwenden, die
1702 1307 2838 1361 die Gartentür von außen schließen. Wie merkwürdig, wie
562 1307 1704 1366 ein berühmter Rabbiner zur Einleitung jeder Grabrede
1712 1349 2837 1413 bannend ist dieser Abend geschildert, da der Freiherr, von einem
556 1341 1698 1426 benützte: „Ein guter Mensch, ein edler Mensch ist gerissen aus
1701 1394 2837 1468 Ausflug in mancherlei Abenteuer zurückgekehrt, der Geliebten
555 1415 941 1490 unserer Mitte ...“
1701 1445 2837 1514 wortlos den Kopf in den Schoß legt und viel gesteht, ohne auch nur
678 1430 1698 1511 Nun aber, wird man einwenden, der Held des Romans,
1705 1495 2841 1558 einiges zu sagen... Nebenbei: dieser Freiherr weint in seiner
564 1491 1702 1562 der Freiherr Georg von Wergenthin, und seine Geliebte, das sind
1706 1538 2848 1605 Geliebten Schoß wie Hirschfelds und Dörmanns Judenkinder
554 1546 1704 1616 doch Nicht=Jnden? Ja. Aber ich möchte an dem Ariertum dieses
1714 1590 2140 1660 in ihrer Mutter Schoß.
555 1607 1705 1650 Freiherr., nicht kratzen, es könnte am Ende jüdisch hervor¬
1811 1625 2854 1699 Diese Anna Rosner widerlegt alle Tölpelei des Typus
566 1639 1708 1709 schimmern. Erster Verdacht gegen Wergenthin: Er ist Künstler.
1708 1687 2852 1749 Adolf Bartels. Wem es gelungen, diese Frauenstele in seine
566 1691 1708 1746 Wenn in diesem Kreise einer Künstler ist, darf man immer an
1707 1727 2851 1801 Dichtung einzufangen, wer neben das feine, zur Leidenschaft
566 1733 1705 1803 der arischen Abstammung zweifeln. Zweiter Verdacht: Der Frei¬
1716 1774 2846 1849 unsähige Fräulein Else Ehrenberg diese stark weibliche, warm
565 1783 1710 1844 herr wird als ganz isolierter Mensch geschildert. Diese Isolierung
1719 1817 2854 1887 mütterliche Geliebte zu stellen gewußt, der hat aus dem Reiche
570 1833 1709 1897 ist sonst für den jüdischen Künstler typisch, weil von der kauf¬
1715 1865 2849 1928 der „anderen“ das schönste Lied zu erlauschen gewußt. Daß
574 1891 1713 1942 männischen Tradition ein viel größerer Schritt zum Künstlertum
1723 1914 2856 1980 Arthur Schnitzler diese Anna Rosner gedichtet, widerlegt all die
562 1933 1712 1997 nötig ist als von der freiherrlichen Existenz. Ein Sohn des
1718 1963 2845 2034 dummen Grenztheorien, die seine Juden zum besten geben.
563 1975 1713 2039 Hauses Ehrenberg muß sich unwillkürlich isolieren, wenn er der
1707 2002 2852 2090 Und nicht nur theoretisch=logisch, auch künstlerisch ist der Roman
568 2018 1715 2089 Musik leben will, ein Freiherr von Wergenthin hätte das nicht
1728 2069 2847 2124 dort am schönsten, wo er nur Liebeserzählung ist. Die Ge¬
576 2064 1718 2138 nötig. Trotzdem ist Schnitzlers Freiherr als ganz isoliert dargestellt.
1717 2103 2850 2178 schichte der Anna Rosner hat der Dichter Arthur Schnitzler ge¬
580 2113 1716 2175 Außer einem Bruder hat er keinen Verwandten, keinen gesell¬
1726 2155 2859 2223 schrieben, an dem jüdischen Gesellschaftsroman hat der Denker
586 2161 1714 2226 schaftlichen Umgang, keine Klassenzusammenhänge. Dritter Ver¬
1730 2199 2855 2268 Arthur Schnitzler gearbeitet, von allerlei pathetischen, aber halt¬
583 2208 1720 2280 dacht: Schnitzlers Freiherr verkehrt nur mit jüdischen Literaten.
1716 2256 2215 2326 losen Zionismen verführt.
584 2257 1717 2324 Vierter Verdacht: Der Freiherr wird so oft gerührt. Selbst
1821 2274 2855 2358 Der Roman heißt „Der Weg ins Freie“. Weil ein Künstler
578 2286 1731 2381 seine Liebe ist hauptsächlich Rührung. Sollte am Ende der alte
1721 2353 2863 2409 ein armes Mädchen sitzen läßt? Dieser Freiherr von Wergenthin
577 2364 941 2437 Wergenthin..2
1719 2391 2858 2461 hat, mit Ibsen zu reden, in einer Seele das Liebesleben getötet.
681 2376 1719 2475 ( Die Gestalt der Anna Rosner! Ein Frauenbild in zarteren
1719 2451 2855 2506 Ist dies ein Weg ins Freie? Mit mehr Recht könnte auch dieser
582 2445 1715 2522 Farben hat Schnitzler nie gemalt. Eine edle Passivität, die
1731 2494 2861 2556 Roman „Liebelei“ heißen, denn er ist nur eine neue, anspruchs¬
589 2490 1719 2562 sich in stillen tragischen Augenblicken bis in wortloses Fügen
1734 2540 2858 2596 vollere Variation des alten Schnitzlerschen Themas. Nur daß
597 2538 1724 2608 ins Schicksal steigert, beseelt dieses Mädchen, das eine entfernte
1723 2579 2856 2648 die echten Wiener des Schauspiels hier ein aufrichtiges Glaubens¬
596 2575 1724 2650 Schwester der Marie Grubbe sein könnte. Hier wirkt Schnitzlers
1721 2619 2857 2700 bekenntnis ablegen. Führt von der Liebelei nicht ein höher auf¬
589 2642 1722 2709 Kunst, Menschen in der Dämmerung zu malen, geradezu be¬
1722 2681 2225 2759 steigender Weg ins Freie?
587 2671 1720 2747 zaubernd. Diese junge Frau, die gesegneten Leibes Abends da“
2326 2697 2856 2791 Stefan Großmann.
579 2714 1742 2813 draußen in einem Garten in Salmannsdorf vor sich hinträumt
2838 1092 3275 1178 des Justizministers,
2830 1163 3264 1222 Herrenhauses mächtig
2833 1209 3267 1282 des allgemeinen Wa
2950 1257 3272 1320 In einer „Auf
2835 1292 3272 1374 einen Reinwaschung
2845 1357 3221 1417 Feststellungen nu
2846 1405 3273 1472 reschütterlichen Ver
2839 1433 3200 1525 betrachten ist.
2826 1473 3255 1567 liche Urteil
2854 1538 3261 1596 klärt, der Beweis de
3092 1587 3247 1652 politisch
2843 1587 3056 1652 Starck hal
2984 1643 3049 1698 jen
2855 1638 2975 1701 gelun
2850 1690 2975 1749 vertre
2843 1734 2976 1800 mäßi
2848 1780 2973 1838 Es n
2851 1879 2958 1933 druc
2851 1924 2944 1984 feste
2856 1971 2929 2035 Ge
2842 2027 2917 2077 er
2846 2071 2907 2122 n
3183 2162 3240 2214 in
2855 2208 2917 2271 S
3150 2257 3241 2354 ner
2852 2302 2931 2362 ein
3144 2347 3240 2406 der
2854 2355 2935 2402 mit
3098 2385 3264 2454 er weis
2858 2398 3030 2455 Und w
3114 2440 3244 2503 n, wi
2865 2443 3081 2512 schehen ka
3155 2483 3249 2546 Als
2854 2492 2992 2557 „Aus
3170 2522 3264 2596 rzäh
2858 2542 2969 2606 wir
3065 2576 3265 2647 und nur
2857 2585 2987 2653 wahr
3136 2628 3263 2690 väre!
2862 2633 3078 2697 zu erzähle
2862 2678 3249 2764 alles schon längst
