3296 4096
191 81 1182 156 23. Der Ner ins Freie
1370 76 1699 177 box 3/5
1077 824 1757 896 aber kein Epigonentum zustande,
1077 881 1751 942 denn was ich aus Liebe zu mir
1075 924 1757 990 pflanze, das pfleg ich auch, daß
1069 973 1754 1040 es bei mir wächst. In Hans
1077 1024 1762 1090 Hoffmann ist alles, was er von
1082 1071 1762 1144 andern annahm, gewachsen. Und
1067 1115 1758 1189 so merkten allmählich nach den
1082 1166 1758 1231 „Laien“ die „Kenner“ auf und
1071 1211 1751 1285 erfreuten sich bei seinen Schriften
1073 1274 1754 1320 eines feinen Künstlertums, das um
1080 1314 1752 1380 so wohltuender war, als es sich
1072 1367 1553 1426 so gar nicht aufdrängse.
1120 1411 1757 1469 Mit dem prachtvollen histori¬
1073 1458 1755 1522 schen Roman „Der eiserne Ritt¬
1081 1503 1751 1573 meister“, werden Hoffmann auch
1079 1555 1762 1630 eine ganze Anzahl seiner Novellen
1080 1605 1750 1670 lange, lange überleben. Dieser
1073 1652 1753 1719 Poet ist ganz ohne Reklame und
1071 1699 1756 1775 ganz ohne Clique allmählich zu
1074 1748 1751 1818 einem großen Hörerkreise gekom¬
1073 1805 1750 1867 men. Daß der Mensch, der durch
1080 1857 1759 1908 seine Dichtungen sprach, warm¬
1081 1907 1759 1961 herzig, frohsinnig und in seinem
1081 1948 1759 2004 sittlichen Ich kerngesund war, das
1079 1998 1750 2055 läßt besonders wünschen: es möge
1079 2045 1750 2099 in puncto Bekanntheit im deut¬
1085 2093 1762 2155 schen Volk noch eine gute Weile
1081 2140 1761 2200 so weitergehen, wie es mit Hoff¬
1082 2191 1759 2263 manns Rufe in den letzten Jahr¬
1715 2234 1758 2297 A
1079 2240 1512 2305 zehnten gegangen ist.
1083 2319 1749 2397 Zwei Romane von Otto
1082 2376 1249 2453 Stöfsl
1083 2435 1757 2496 „In den Mauern“ (Berlin 1907, Ver¬
1084 2483 1760 2552 lag von J. Bard) — „Sonjas letzter
1079 2527 1751 2604 Name“ (München 1909, Verlag von
1081 2585 1302 2651 G. Müller)
1118 2623 1753 2698 vo sonderbar es klingt, eine
1084 2678 1752 2743 SDichtung als Frucht literari¬
1081 2731 1760 2789 scher Studien zu bezeichnen, man
1078 2789 1754 2836 kann doch sagen: Die schönste
1069 2826 1759 2894 Frucht seiner Gottfried Keller= und
1079 2875 1751 2935 Konr. Ferd. Meyer=Studien legt
1083 2927 1762 2986 Otto Stössl mit dieser Schilderung
1084 2980 1759 3040 österreichischer Landschaft, österrei¬
1077 3018 1760 3087 chischer Geschichte und österreichi¬
1073 3067 1763 3136 scher Menschen vor uns hin. Kaum
1081 3124 1751 3189 ein Anklang an die Schweizer
1075 3164 1753 3236 Meister schwingt mit, aber auf dem
1080 3215 1765 3285 Grunde des Schaffens lagert die
1114 3322 1189 3374 150
1808 825 2495 894 sittliche Verantwortlichkeit als ge¬
1812 879 2483 926 meinsames Gut aller drei Erzähler.
1813 925 2485 993 Wer in die Vorzüge und Schwä¬
1816 974 2493 1037 chen des Wieners unsrer Tage
1815 1028 2493 1080 Einblick gewinnen will, der lese
1800 1070 2488 1140 dies Buch, das nun freilich nicht
1816 1117 2494 1191 einmal den Anspruch erhebt ein
1815 1169 2484 1231 Wiener Roman zu sein, in Wirk¬
1809 1214 2485 1286 lichkeit aber bis jetzt einer der
1800 1270 2486 1330 ganz wenigen Wiener Nomane ist.
1812 1309 2490 1384 Dabei wickeln sich seine Vorgänge
1807 1365 2490 1427 um die Wende des 18. Jahrhun¬
1812 1408 2487 1468 derts und nicht allein in der alten
1816 1454 2493 1514 Kaiserstadt ab; sie greifen bis an
1810 1506 2484 1575 Bayerns Grenzen hinaus und
1801 1561 2493 1627 ziehen Linz und Brünn, vorüber¬
1805 1610 2477 1665 gehend auch Paris in ihr Netz.
1813 1654 2495 1731 Kapitel für Kapitel jedoch hat
1816 1697 2494 1771 eine gleichnishafte Wirkung, als
1800 1749 2484 1818 gelte es für das moderne Wien
1813 1847 2490 1903 Schnitzler decken sich („Der Weg
1805 1894 2486 1970 ins Freie") die jüdischen Kreise
1812 1946 2498 2012 in Wien fast vollkommen mit den
1815 1993 2488 2066 wienerischen Kreisen, Stössl mußte
1810 2045 2496 2107 nicht nur das Judentum beiseite
1807 2093 2502 2162 lassen, das um 1809 noch im
1816 2139 2483 2211 Ghetto seufzte und weder im Groß¬
1809 2189 2488 2259 kaufmannsstande noch in den Sa¬
1809 2235 2493 2296 lons zu finden war, er erkannte
1801 2295 2488 2343 wohl auch in der Zähigkeit der
1810 2335 2483 2401 eingewanderten Rasse das Gegen¬
1809 2388 2484 2451 spiel zu rein=österreichischen Eigen¬
1815 2439 2488 2502 schaften. Zwar versucht jeder typi¬
1809 2491 2494 2549 sche Österreicher einmal in ener¬
1811 2529 2497 2605 gischem Anlaufe ein Ziel zu neh¬
1809 2584 2485 2638 men, Kraft und Talent unter¬
1817 2629 2491 2683 tützen ihn sichtbarlich. Hat er es
1808 2682 2494 2744 aber erreicht, so gibt er sich ge¬
1815 2737 2484 2784 mächlicher Ruhe hin und geht im
1809 2778 2489 2844 Wohlgefühl des bescheidenen Er¬
1809 2817 2490 2889 folges auf oder gar — unter;
1801 2866 2486 2922 bleibt das Ziel ihm versagt, so
1806 2931 2495 2992 wagt er keinen neuen Angriff, son¬
1808 2967 2490 3025 dern übt sich im Naunzen, wenig¬
1813 3028 2485 3083 stens im Schwatzen und Tratschen,
1811 3066 2485 3125 das elegant über das Mißgeschick hin¬
1814 3117 2478 3181 wegtragen soll. Des Wieners Müdig¬
1801 3163 2477 3215 keit bereitete ja dem quecksilber¬
1804 3210 2494 3270 beweglichen, tatsüch igen Judentun
2057 3316 2453 3363 Kunstwart XXII, 21
