3248 4352
939 119 1092 196 Fre
709 119 887 198 in
173 122 700 212 23. Der Nee
406 147 1215 240 e end en  6
1342 124 1721 220 box 3/2
1811 56 3089 141 Kr en er en eeseeneenenenenene en enaene d estereich
1791 103 3094 168 nennt. Kein ruhiges übersichtliches Bild des zwischen gestern und
1793 158 3094 215 morgen pendelnden Wien — im Gegenteil, der Fremde, der diesen
1788 201 3093 273 Wiener Roman liest, wird uns am Ende für noch wirrer und un¬
1797 235 2525 296 ruhiger halten, als wir wirklich sind.
1871 283 3097 355 Es ist wohl ein charakteristischer Umstand, daß man die eigent¬
1783 317 3098 399 liche Fabel, den eigentlichen Helden dieses Romans gar nicht als das
1785 363 3094 443 Wichtigste empfindet, daß einem das Drum und Dran, die Einzel¬
1777 409 3100 459 heiten aus den politischen, literarischen und jüdischen Kreisen viel
1781 465 3099 536 merkwürdiger und wesentlicher erscheinen. Trotzdem ist dieser Held,
1784 506 3098 557 Georg Freiherr von Wergenthin, eine sehr feine und sympathische
1781 550 3087 599 Figur. Ein spielerisch und iräumerisch veranlagter Stimmungs¬
1776 599 3091 664 mensch, raffiniert, paradox und auch ziemlich egoistisch und vor allem
1776 620 3096 692 sehr vornehm und kultiviert. Von Beruf ist er Lebenskünstler und
1785 677 3092 754 dilettierender Komponist, der sich seiner Absichten und Ziele noch gar
1784 724 3091 793 nicht klar bewußt ist. Den Inhalt des Romans bildet es nun, wie
1777 778 3085 836 aus diesem Schauenden und Genießenden ein ernster Arbeitender, ein
1790 805 3084 877 strenger Künstler wird, und zwar auf dem bittersüßen Umweg der
1784 856 3098 915 Liebe zu einem sanften weiblichen Wesen, der Klavierlehrerin Anna
1776 900 3093 960 Rosner. Das Verhältnis zwischen diesen zwei feinen Menschen
1776 936 3084 994 schildert der Dichter mit einer wunderbar schlichten und lauteren
1774 989 3082 1039 Innigkeit. Wie ein lindes und süßes Volkslied tönt diese Liebe durch
1782 1030 3082 1095 den sonst so überaus polyphonen Roman. Dann, wenn die beiden
1780 1068 3072 1125 sich dem Kinde entgegensehnen, das schließlich tot zur Welt kommt, wo¬
1770 1111 3080 1186 durch in Georg alle zärtlichen und bürgerlichen Regungen erlöschen,
1773 1164 3072 1226 da gewinnt diese Liebesgeschichte unversehens eine ergreifende Größe.
1777 1208 3095 1269 Jetzt fühlt sich Georg von Wergenthin reif zu einem ernsten Beruf,
1776 1253 3080 1313 er geht als Hofkapellmeister nach Detmold und vielleicht wird er ein¬
1778 1291 3077 1361 mal noch ein großer Künstler — die ersten Weihen, die der Ent¬
1774 1340 2945 1391 täuschung und des Schmerzes hat er bereits empfangen ...
1854 1374 3086 1441 Das ist die schlichte Fabel dieses Romans, der in den meisten
1779 1424 3084 1484 anderen Teilen fast wie ein Roman des spezifisch=jüdischen Wiens
1774 1469 3077 1524 anmutet. Dieser „Blick in die Tragikomödie des heutigen Juden¬
1765 1517 3072 1565 tums“ fördert manches Charakteristische und Bedeutsame zu Tage.
1782 1555 3074 1605 Alle Spielarten und Typen vom Jargonjuden alten Stils, bis zum
1773 1602 3071 1651 völlig vergeistigten kkeptischen Gehirnmenschen ziehen vorüber. Aber
1776 1635 3084 1676 trotz der oft verblüffenden Schilderung und manches kostbaren weisen
1772 1681 3089 1752 Wortes bleibt das Ganze doch nur Fragment und Episode, und dazu
1771 1724 3075 1774 ist das Problem schließlich zu ernst. Zu einem selbständigen „Juden¬
1783 1772 3096 1817 roman“ scheint der Dichter nicht den Mut gesunden zu haben, und
1784 1819 3083 1874 andererseits war es ihm wohl ein tiefes persönliches Bedürfnis, sich
1773 1868 3092 1920 über alle diese Dinge auszusprechen, mit sich selbst und mit den
1782 1903 3088 1943 anderen, mit der Unzahl von Fragen und Tendenzen und mit seinen
1791 1936 3094 1991 eigenen Zweifeln und Gefühlen einmal abzurechnen. Er hat dabei
1789 1995 3088 2051 nr den großen Fehler begangen, sich eine Sphäre künstlich zu kon¬
1789 2031 3095 2084 struieren, in der Aristokraten und Juden, Kavallerieoffiziere und
1831 2083 3095 2138 zialdemokraten gesellschaftlich und freundschaftlich miteinander ver¬
1827 2119 3086 2188 hren. Das gibt es in Wien nicht, was freilich für den Dichter
1829 2162 3081 2214 icht in Betracht käme und was man ihm auch nicht zum
1813 2198 3080 2264 Forwurf machen dürfte, wenn er nicht selbst die tatsächliche Wirk¬
1815 2248 3086 2309 schkeit sortwährend in seinen Dienst stellen würde. So weit es sich
1801 2289 3080 2353 kabei um Politik und andere öffentliche Gebiete handelt, ist das nur zu
1800 2337 3079 2394 ühmen, denn das fehlt ja unserem Schrifttum — dieses Interesse für
1775 2386 3088 2437 die praktischen Sorgen des Alltags. Aber leider hat sich Schnitzler
1772 2432 3080 2478 pieder allzu gemütlich und breit im Wiener Literaturkaffeehaus nie¬
1776 2476 3083 2538 Zergelassen, dessen Gestalten hier eine große Rolle spielen. „Der
1859 2512 3087 2581 1 ins Freie“ ist bald ein Judenroman, #ad ein Aristokraten= und
1769 2562 3080 2608 Literatenroman, und wenn dies auch charalieristische Elemente des
1777 2605 3081 2651 heutigen Wiens sind — ein richtiger Wiener Roman läßt sich aus
1772 2639 2314 2709 ihnen allein nicht gestalten.
1848 2676 3083 2736 Ganz eigenartig verhält es sich mit der Technik dieses Buches.
1765 2741 3072 2787 Es enthält sozusagen alle bisherigen Techniken Schnitzlers. Die von
1771 2770 3080 2828 den modernen französischen Erzählern übernommene Jungwiener Ma¬
1776 2833 3076 2891 nier, die Personen seitenlange, stumme, psychologische Monologe hal¬
1762 2872 3077 2922 ten zu lassen, was einigermaßen ermüdend wirkt und was man in
1766 2916 3083 2959 dem Werk eines reifen Erzählers lieber vermieden gesehen hätte.
1770 2956 3092 2994 An der scharfen, oft ans Krasse streifenden Charakterisierung einzelner
1765 3002 3073 3051 Figuren erkennt man den kundigen Dramatiker und im funkelnden
1768 3045 3076 3093 Dialog den berufenen Lustspieldichter, was Schnitzler leider nicht sein
1766 3090 3079 3154 will. Im ganzen ist es das bedeutsame Produkt einer gereiften Er¬
1775 3140 3084 3196 zählungskunst, die sich namentlich in dem meisterhaften ersten Kapitel
1774 3181 3071 3226 bewährt. Trotz der schweren Fracht von Problemen und Gedanken
1774 3217 3073 3282 fließt der Roman in wunderbarer Ruhe sicher dahin, und selbst dort,
1773 3267 3071 3313 wo man ihn zu breit, zu schleppend, allzu genau und gewissenhaft
1764 3321 3073 3371 empfindet, bewundert man den tiefen sittlichen Ernst, die edle dichte¬
1776 3353 3076 3404 rische Ehrlichkeit, die vielleichi den eigentlichen Wert dieses Buches
1777 3400 2016 3454 ausmachen.
1855 3446 3077 3500 Noch manches Für und Widerlße sich vorbringen, manches
1773 3485 3076 3536 beanstanden, manches rühmen, aber dieser Roman braucht wohl nicht
1772 3534 3074 3576 nach dem Leisten rezensiert zu werden, wie irgend ein Artikel des
1771 3575 3065 3632 Büchermarktes. Einer Erscheinung wie Arthur Schnitzler gegen¬
1774 3614 3079 3680 über gibt es weder Lob noch Tadel, sondern bloß ehrerbietige Auf¬
1771 3659 3071 3724 richtigkeit und eine Wertung nach weiteren Gesichtspunkten. Und da
1758 3708 3066 3754 erscheint einem dieser Roman als der verheißungsvolle Anfang einer
1767 3754 3077 3808 ernsteren und strengeren Zeit, nicht bloß für den Dichter, sondern auch
1765 3795 3067 3834 für die gesamte Wiener Literatur. Endlich ist ein
1765 3839 3075 3881 Anfang gemacht worden, an dem andere lernen und und fortsetzen
1765 3883 3069 3931 können: der Anfang einer großzügigen epischen Darstellung dieser
1766 3938 3070 3982 Stadt, die vielleicht zu reich ist an Kontrasten und Reizen, an Gefüh¬
1774 3979 3078 4029 len, Stimmungen und ähnlichen dichterischen und romanhaften Ele¬
1773 4019 2998 4091 menten, als daß ein Romandichter sie völlig bewältigen könnte.
