3296 4096
781 92 1250 178 ins Freie
1413 92 1770 192 box 3/5
238 93 1245 213 23. Der e
441 159 569 201 MU
897 1057 2189 1143 Ding durch den Aufruf an ihr Volk dieses, sich und mich zu Tode er¬
893 1135 2200 1203 mattet und ihren Fritz Brackenburg wimmernd gefragt hatte, ob er
893 1197 2195 1256 wisse, wo ihre Heimat sei — da schien es mir unratsam, mich der
898 1247 2200 1311 meinen länger vorzuenthalten. Angelangt, kroch ich in die belletristische
888 1296 2195 1373 Abteilung meiner Bibliothek und holte Schnitzlers „Weg ins Freie
887 1348 1882 1421 hervor, um den nächsten Absatz verfassen zu können.
983 1395 2188 1483 SSchnitzlers Roman ist, unbeschadet seines künstlerischen Wertes,
896 1457 2190 1529 ein Schlüsselroman. Wer den Kreis des Dichters auch nur flüchtig
890 1513 2196 1581 kennt, entdeckt auf den ersten Blick zu fast jeder Figur das Modell. Zu
897 1564 2196 1627 einer Figur hat, im Caféhaus, Herr Lantz Modell gesessen. Er wird
893 1621 2193 1689 Winternitz genannt, ist „ein sehr junger, bartloser, grünlich blasser
894 1671 2196 1737 Mensch, in Smoking mit Samtkragen, aber mit einer Hemdbrust von
896 1731 2192 1803 zweifelhafter Reinheit . . . . und nicht sehr gepflegten Händen“ und
901 1779 2196 1844 liest einen Zyklus von Liebesgedichten vor. Der letzte Vers jeder
886 1835 2193 1893 Strophe des letzten Gedichts beginnt mit einem „Hei', und der letzte
895 1889 2190 1955 Vers der letzten Strophe lautet: „Hei, so jag' ich durch die Welt“.
893 1941 2195 1990 Der skeptische Zuhörer weigert sich, dieses „Hei' für ehrlich empfunden
884 1996 2189 2054 zu halten. „Alles übrige“, spricht er zu Herrn Winternitz, „glaub ich
891 2047 2188 2109 Ihnen. Ich glaub: Ihnen, daß Sie ein fünfzehnjähriges Mädchen
888 2106 2190 2166 verführen, daß Sie sich benehmen wie ein ausgepichter Don Juan,
887 2158 2186 2226 daß Sie das arme Geschöpf in der furchtbarsten Weise verderben, daß
892 2206 2191 2268 es Sie mit einem Clown betrügt, daß Sie die Geliebte, ja, sich selber
894 2271 2182 2335 umbringen wollen, daß Ihnen die Geschichte schließlich egal wird, daß
893 2314 2194 2386 Sie durch die Welt reisen oder sogar jagen, meinetwegen bis Australien
924 2371 2184 2432 ja, das alles glaub ich Ihnen. Aber daß Sie der Mensch sind,
887 2421 2178 2479 „Hei zu rufen: das, lieber Winternitz, das ist einfach ein Schwindel.“
891 2477 2184 2546 Winternitz verspricht, das „Gedicht zu ändern, sich überhaupt weiter
888 2533 2189 2589 zu entwickeln und an seiner innern Reinigung zu arbeiten“, und er¬
881 2593 2181 2657 klärt, „daß er sich irgendeinmal bis zu jener innern Freiheit durch¬
879 2643 2186 2705 zuringen hoffe, die ihm gestatten würde, „Hei zu rufen. Vielleicht
883 2698 2189 2760 ist Herr Lantz. selber überrascht, wie schnell er sich „entwickelt hat.
878 2745 2177 2803 Vielleicht hat er vor seiner Eröffnungsvorstellung ein paarmal „Hei'
890 2812 2186 2865 gerufen. Vielleicht sind heute und bis auf weiteres seine Hemdbrüste
887 2856 2181 2913 von unzweifelhafter Reinheit und seine Hände gewaschen. Und viel¬
887 2911 2184 2980 leicht kommi in dieser Zeit jener skeptische Zuhörer, der ja noch existiert,
890 2961 2181 3021 aber kaum mehr ins Caféhaus geht, nach Berlin und besieht sich dieses
885 3015 2184 3086 Deutsche Schauspielhaus. Es ist nicht sicher, daß er dann wieder mit
896 3067 2185 3125 Herrn Lantz ein Gespräch hat. Doch hat er eins, so wird es mit den
884 3122 2188 3182 Worten schließen: „. . . . .. ja, das alles glaub ich Ihnen. Aber daß
886 3173 2187 3249 Sie der Mensch sind, jemals ein Theater zu leiten: das, lieber Lantz,
883 3226 1455 3310 das ist einfach ein Schwindel.“
2087 3280 2194 3356 192
