3296 4352
1745 188 1890 237 ungs¬
1793 225 1894 280 der
1371 202 1745 302 box 3/2
735 212 1217 296 ins Freie
416 228 689 296 Der Ne
198 227 1231 333 23   e ere eree Are e ee
1776 252 1896 316 Ein¬
1722 313 1887 369 ##efehlt.
833 346 1891 411 Natürlich müssen die hier Erzogenen nach ihrem
837 400 1891 451 Wegzug gleich ihren Kindern auch weiterhin unter
830 445 1887 508 kirchlichen und religiösen Einflüssen bleiben, wie
840 486 1886 549 andere Leute auch; aber die grundlegende Arbeit
844 535 1581 593 sollte geschehen auf Missionsfarmen.
909 572 1897 621 Ostwärts von Bloemfontein führt eine eingleisige
840 613 1889 665 Bahn in vielstündiger langsamer Fahrt über Water¬
841 666 1899 715 works — so haben die Engländer das durch De Wets
837 705 1897 763 kühnen überfall berühmte Sannaspost offiziell um¬
839 747 1902 798 getauft — über den von Kaffernhäusern wimmelnden
838 794 1900 851 Thabamhu, in die Kornkammer des Freistaates. In
845 835 1898 888 den „Kornspeicher“ könnte man sagen — so
834 877 1896 937 hoch liegt das Bergland da droben. Über Ladybrand,
833 933 1889 979 Ficksburg und Bethlehem wird heute wohl die
843 964 1889 1030 Eisenbahnlinie fertig ausgebaut sein bis nach Kroonstad.
839 1008 1892 1059 Zu meiner Zeit ging sie nur bis Modderpoort. Von
842 1056 1902 1095 da brachten mich des Burenfeldpredigers Kestells
843 1098 1888 1139 Pferde über die Berge nach Ficksburg. Der wunder¬
834 1146 1899 1197 bare Fernblick in die Gebirgswelt des Basutolandes
843 1190 1896 1233 lohnt allein schon die Kletterpartie. In einem
838 1231 1890 1278 elenden Karren, gegen die fürchterliche Nacht¬
845 1274 1889 1325 kälte nur durch ein zerrissenes Stück Segel¬
974 1321 1898 1378 geschützt, kam ich mittels Karriolpost
843 1322 950 1380 tuch
844 1364 1899 1420 in zehnstündiger beschwerlicher Nachtfahrt nach
832 1403 1901 1449 Bethlehem. Die Strecke Bethlehem—Lindley—Kroon¬
844 1449 1902 1506 stad war gerade eben eröffnet worden;
843 1485 1907 1541 so hatte ich doch wieder Eisenbahn, und
843 1534 1902 1593 in Kroonstad erreichte ich wieder die Hauptlinie.
892 1580 1906 1628 Halbwegs zwischen Kroonstad und der Transvaal¬
837 1630 1906 1676 grenze liegi die Farm Christian De Wets. Sieht
849 1665 1897 1720 man in Bethanien, was Eingeborenenarbeit unter
842 1701 1893 1760 tüchtiger Leitung vermag, so zeigt uns Roodepoort,
845 1756 1892 1794 was weiße Hände leisten können. Beide Farmen
846 1794 1899 1850 sind etwa gleich groß, und beide müssen auch eine
851 1848 1902 1896 etwa gleichgroße Bevölkerung ernähren. Hat
838 1892 1893 1941 Bethanien ein natürliches Sammelbecken für kleine
850 1931 1888 1977 Wasserzuflüsse, so hat. Roodepoort den Renosterrivier,
847 1973 1902 2030 dessen Wasserüberfluß De Wet in einem Riesendamm
842 2017 1894 2064 sammelt und über seine Felder leitet. Außerdem
850 2051 1901 2114 besitzt De Wet die Gabe der Wasserfindung mit Hilfe
835 2103 1897 2149 der Wünschelrute. Beide Güter liegen auch ganz
836 2148 1895 2201 nahe an der Hauptbahnlinie. Daß er alle Chancen
839 2206 1898 2246 verwertet; dafür ist General De Wet aus Krieg und
840 2234 1902 2289 Frieden bekannt. Die vielen arbeitslosen Landsleute
846 2282 1904 2332 haben ihm den Damm bauen helfen und dabei ein
848 2326 1906 2373 schönes Stück Geld verdient, aber seine Farm zu
840 2366 1903 2429 einer Goldgrube gemacht. 700 Hektar Land ver¬
850 2409 1898 2467 mag er aus dem Damm zu bewässern, und zu der
851 2455 1898 2503 Zeit, da man Existenzmöglichkeiten suchte für Land¬
851 2497 1895 2562 wirte mit einem kleinen Kapital, war De Wet
836 2538 1898 2594 Verkäufer von kleinen „Zaaiblokken“. Und Land,
838 2596 1901 2648 riefen die Glücklichen, Land! Für je zwei Hektar
841 2633 1906 2687 zahlen sie 2000 M. in Monatsraten von 40 M., für
846 2683 1894 2732 Bauplatz halb soviel, das Weideland haben sie frei.
914 2720 1897 2764 Immerhin muß ein Mann, um mit Aussicht auf
842 2761 1897 2820 Erfolg beginnen zu können, ein paar Tausend Mark
858 2805 1865 2858 Kapital besitzen. Verschenken tut De Wet nichts
845 2849 1871 2905 Es ist ihm aber gelungen, was der englischen Ver
847 2892 1870 2951 waltung mit all den Mitteln des Mutterlandes
852 2944 1868 2994 großer Stiftungen und der Kronkolonie weder in
846 2986 1887 3042 Freistaat noch in Transvaal gelungen ist, nämlich
843 3023 1896 3075 lebensfähige Kkeinsiedlungen zu schaffen
850 3064 1899 3125 Darum wax,=De Wet auch nun, da man keinetz
852 3113 1901 3158 Kriegsminisker braucht, der gewiesene Mann für det
854 3152 1904 3207 Posten des Ackerbauministers. Für Südwestafriks
855 3203 1894 3273 ließe „sich manches von dem klugen Burenführet
838 3246 1010 3305 lernen.
1064 3320 1739 3423 Literarische Rundschau.
1203 3395 1561 3469 Neue Romane.
1759 3406 1892 3497 00
899 3433 997 3519 K
1053 3441 1710 3514 Von Willy Rath=München.
902 3508 1905 3564 Fünf Romane und fünf einsame junge Männer.
840 3572 1908 3618 Also eine große Einigkeit; lauter sogenannte Bildungs¬
840 3612 1901 3655 romane, Bücher vom entscheidenden Aufnehmen der
852 3648 1903 3697 Umwelt, vom Werden des modernen jungen Mannes.
852 3700 1894 3750 Und doch ist jedes vom andern durchaus verschieden:
852 3735 1910 3800 die Mannigfalktigkeit der Möglichkeiten, die wir
851 3787 1908 3842 unter dem Titel Roman zusammenfassen, zeigt sich
852 3821 1791 3894 schon bei dieser geringen Anzahl recht deutlich.
1913 172 2958 227 ebere
1914 216 2967 267 wieder aus. Er kommt aus dem Ungewissen und
1921 261 2968 316 geht ins Ungewisse, ungewandelt und ohne Ent¬
1926 307 2968 361 schlüsse. Das einzige Ergebnis ist eine Bemerkung,
1917 353 2975 394 die dem Helden kurz vormi Schluß (S. 383) in den
1913 395 2972 450 Mund gelegt wird. Danach hatte das Unglück eines
1916 440 2973 487 verkommenden Bekannten für ihn den Vorteil, ihn
1914 490 2977 539 selbst zu beruhigen, daß er „dem kommenden Leben
1919 529 2965 576 tief und sorglos und warm ins Auge blicken“ kann.
1977 576 2966 637 Das heißt, sich die Sache ein bißchen gir bequem
1909 624 2974 686 machen. Zum Glück hat das Buch dennoch seine
1923 665 2970 718 Vorzüge. Es ist von jugendlicher Innigkeit der
1923 703 2977 756 Lebensandacht durchdrungen, die echte Schlichtheit
1924 756 2983 815 sein kann, die aber selbs dann schön bliebe, enn
1923 800 2975 860 sie durchs Medium des Literarischen gegangen und
1914 843 2976 907 nur mehr „Simplizität“ zu nennen wäre. Der
1919 884 2965 932 Charakter des Josef wird mit Liebe dargestellt,
1912 931 2970 978 wird auch ein wenig aus der Vergangenheit mit¬
1911 971 2973 1030 beleuchtet und wirkt im ganzen organisch und fein¬
1913 1014 2971 1067 nervig Auch die übrigen Personen der Erzählung
1927 1054 2970 1101 haben leibhaftes Wesen. Walser weiß Nicht=Alltäg¬
1913 1103 2975 1155 liches zu sehen und liebt es, treffende Beobachtungen
1919 1145 2635 1209 allgemeingültiger Art einzuflechten.
1982 1191 2964 1245 Leider nur versteht er seine Gestalten nicht zu
1922 1220 2974 1287 bewegen. Die Geschichte rücit nicht vom Fleck, nicht
1926 1287 2974 1334 nur äußerlich, sondern namentlich auch innerlich.
1914 1324 2968 1378 Stillhaltende Ziele zu treffen, ist aber nicht so schwer
1912 1366 2975 1410 und nicht so interessant, wie bewegte zu treffen. Es
1921 1417 2974 1469 lebt da eine zu weit getriebene Passivität, die oft
1925 1447 2968 1514 irrigerweise für ein Erfordernis des Romans ge¬
1931 1488 2979 1552 halten wird, eine mehr als buddhistische Wehr= und
1923 1534 2990 1590 Reglosigkeit gegenüber dem Leben. Man möchte
1918 1576 2976 1631 solche epischen Arbeiten als verlängerte Lyrik,
1918 1629 2438 1689 icht als Epik einordnen.
1984 1660 2980 1728 Johannes Schlafs Wesen ist solcher Art
1913 1718 2986 1781 verwandt, hat vielleicht gerade seinerseits das Ver¬
1915 1769 2967 1819 wandte in solchen Jüngeren fördern helfen. In
1922 1803 2990 1869 seinem neuen Roman „Der Prinz“ (Verlag
1922 1862 2982 1912 Georg Müller, München und Leipzig) kehrt denn
1920 1892 2977 1939 auch das Beschauliche, das Lyrische wieder, aber
1930 1945 2983 1990 gegen Walser erscheint Schlaf doch geradezu als
1931 1987 2976 2037 kompliziert, sein Held Jürg verhältnismäßig als
1928 2024 2977 2096 Willensrecke, obwohl er das an sich gar nicht sein
1919 2065 2386 2133 soll und auch nicht ist.
1986 2084 2980 2170 Dieser „Prinz“, ein ungewöhnlich begabter Wind¬
1914 2157 2975 2217 müllerssohn aus dem Thüringischen, entflieht als
1928 2210 2983 2258 Halbwüchsiger aus dem Elternhaus, weil der Vater
1923 2244 2985 2306 sich hartnäckig seiner geistigen Ausbildung widersetzt.
2660 2291 2688 2315 1
1919 2286 2968 2338 Bei einem Onkel in Halle findet er unterkunft; der
1913 2328 2976 2386 Besuch des Gymnasiums wird ermöglicht und mit
1918 2374 2979 2426 außerordentlichem Glück durchgeführt. Eine Jugendliebe
1918 2429 2975 2481 geleitet ihn in dieser Jünglingszeit, entschwindet ihm
1919 2461 2973 2527 dann für etliche Jahre und findet ihn danach (ein
1920 2497 2970 2560 wenig enttäuschend unvermittelt, sang= und klanglos)
1924 2553 2988 2610 im rechten Augenblick, bei einer Krise seines Lebens,
1920 2597 2099 2653 wieder.
1986 2612 2981 2697 Jürg hat inzwischen mit glänzendem Erfolg in
1930 2680 2983 2725 Berlin naturwissenschaftichen und biologischen Studien
1930 2729 2980 2782 obgelegen. Sein Glück konnte ihn nicht verblenden:
1928 2777 2985 2826 eine dunkle Kraft in ihm treibt ihn vorwärts, so
1927 2811 2973 2875 daß er fast wie ein fremder Zuschauer und ge¬
2609 2853 2977 2912 eigene* Erfolge
1928 2854 2598 2911 legentlich mit Mißtrauen die
2180 2899 2975 2955 Ein Jugendfreund, einer von den
1926 2903 2179 2960 beobachtet.
1928 2947 2979 3004 unfruchtbaren Gescheiten, ein Ehrgeiziger ohne
1916 2980 2983 3031 Mannheit, bringt dem „Prinzen“ eine Glückeswende.
1931 3031 2985 3082 Der Neidhart erklügelt sich eine Theorie, die ihn
1922 3079 2981 3128 berechtigen soll, den Glückspilz denkerisch auszu¬
1935 3109 2979 3172 beuten. Er zieht in der Tat aus ihm eine bedeu¬
1924 3160 2987 3210 tungsvolle Rassenlehre hervor und gibt diese vor
1931 3196 2891 3273 der Offentlichkeit als sein eignes Erzeugnis aus.
1985 3235 2991 3305 Jürg kommt mit seiner Originalarbeit zu spät
1927 3288 2978 3347 und gerät selber in den Verdacht des Plagiats.
1926 3337 2987 3391 Sein Freundschaftsglaube ist grausam zerstört, seine
1922 3380 2980 3437 Zukunft (dies zwar wird nicht völlig glaubhaft)
1932 3422 2978 3482 scheint verloren. Jürg erleidet eine geistige Störung,
1932 3469 2979 3527 von der er jedoch bald genest. Die Vereinigung mit
1919 3517 2979 3572 der Jugendfreundin trägt nun dazu bei, den sonst so
1927 3555 2976 3604 Hintreibenden zum Handeln aufzuwecken. Er nimmt
1915 3619 2989 3654 den Kampf mit dem ruchlosen Kameraden um seine
1922 3658 2979 3713 wissenschaftliche Ehre rücksichtslos und mit der Gewiß¬
1931 3685 2355 3749 heit des Sieges auf.
1985 3723 2982 3789 Dieser zweibändige Roman leidet an einer argen
1928 3776 2975 3828 Ungleichmäßigkeit. Der zweite Band wird größten¬
1929 3820 2978 3891 teils von ungeheuer ausführlicher und gar nicht
