3296 4352
452 116 1859 183 ene heieen ehe Inaron unt tne dews. Whereas Baron (icorg leaves his
450 163 1868 202 sweetheart (who bears him a dead child). with all sorts of sophistical reason¬
441 199 1868 252 ing, in the lurch, and out of his bondage of love light-heartedly secks the
433 235 1867 268 +road to freedom' and with a clear conscience begins a new life and new
431 275 1859 313 love, Heinrich Bermann distractedly seeks to convince himself that he was in
439 314 1866 351 no way responsible for the suicide of his sweetheart, who had cheated him in
439 346 1873 419 a hundred ways. One gains the impression that Bermann is bound to go to
432 377 1158 422 destruction over this mental conflict.
537 416 1864 477 Der Weg ins Freie“' is not a “tendency novel'; it is a minute and
438 457 1854 511 accurate description of men and affairs with whom and which we come into
436 490 1861 542 daily contact. Allthecharacters of the narrative feel themselves in bondage
431 532 1858 586 and seek“the road to freedom.? Many of them behold their road, few enter
431 561 1865 626 upon it. And even these do not pass the first milestone. Schnitzler nowhere
431 607 1862 659 shows which is the road that he would traverse to the end. Thus he will
463 634 1862 708 belong'’to no-one; he will remain an observer, a delineator, in short, a
434 661 1284 731 poet. And he is a poet by the grace of God!
976 716 1359 790 Holy Orders.“
500 755 1865 843 Perhaps one of the most tedious books she has ever written—and the
432 807 1859 868 the author has a reputation for tedious prolixity and verbose iteration—is
431 853 1865 895 Marie Corelli’s latest novel,“ Holy Orders.“ It is a novel with a purpose—a
442 887 1858 952 tirade against thedrink curse, whose devastating effects upon a quiet English
441 928 1862 977 village in the Cotswold Hills are portrayed in lurid colours, and with all
431 966 1858 1025 the force of exaggeration in which this writer loves to indulge. So much
436 987 1857 1047 has been said and written about this unsavoury subject that it scarcely
435 1036 1858 1082 needed a novel of several hundred pages to enforce such an obvions moral.
436 1064 1859 1117 But drink is not the only evil against which Miss Corelli inveighs. If we are
431 1107 1853 1171 to accept her as our mentor, everything in present-day England is as bad as
440 1144 1867 1205 it can possibly be. Her Church is thoroughly corrupt, criminals fill some of
434 1184 1863 1244 its highest oflices; seciety is rotten to the core; the poison disseminated
432 1223 1866 1276 among the masses by a venal and vulgar Press is only different in kind to
443 1251 1855 1308 that which is manufacted by rich brewers for the physical and moral
427 1289 1859 1351 destruction of the poor; and London, like Babylon of old, in inevitably
432 1335 1857 1395 doomed. Jews are notorionsly a temperate people, and have no connection
434 1362 1858 1430 whatever with the brewing interest; but even they do not escape the
432 1417 1856 1469 writer’s lash. Indeed, her invective rather singles them out as a special
438 1441 1860 1491 object of vituperation. One wonders what sources of information were
438 1475 1865 1535 accessible to a writer living a retired life at Strau'ord-on-Avon, who can
422 1515 1446 1575 allow her pen to run on in this irresponsible fashion :—
508 1550 1853 1614 This place was the scene of a curious riot some time ago. Nearly every house in
439 1576 1865 1655 it is owned by Jews, and one of them, a baker, being over-pressed with work against
429 1628 1858 1684 time, took on three Christian assistants to help him turn out his loaves. IIe was at
436 1650 1868 1712 once" boycotted,' and gangs of Jews paraded in front of his shop, causing a great
434 1686 1852 1732 obstruction and annogance. and threatening him wich actual bodily violence because
434 1711 1865 1781 he had employed other than Jews. Think of that in free' England! 1 am no
440 1746 1862 1807 fanatical anti-Semite, but Ishould be intellectually blind if 1 did not see that Britain
435 1768 1864 1827 is being gradually overrun by Jews, in societv, in politics and in commerce, and that
432 1814 1861 1887 the marked encouragement of Jews by the Throne and the Press is going in time 1o#
431 1850 1780 1904 prove as sericus a matteras the question of the negro population in America.
430 1871 1866 1942 The grabbing Christian is bad enough, but the grabbing Jew is twenty times worse.
430 1909 1864 1973 Besides, it is not a question of sect—but of race. Racial differences are inextinguish¬
437 1945 1866 2000 able. The lion will not lie down with the lamb. Take Nordstein, for example. He
440 1969 1867 2048 has made his millions by the most unscrupulous and dishonourable methods, and yet
434 1998 1239 2069 there is no-one who would dare to expose him.
768 2046 1512 2122 A Century of Misguided Effort.
506 2095 1861 2176 There has just been placed in this reviewer’s hands—from an entirely
440 2118 1860 2213 unofficial source—the“ History of the London Society for Promoting
439 2178 1068 2232 Christianity amongst the Jews.“
1085 2186 1868 2247 A bulky volume of nearly seven hundred
433 2209 1864 2284 pages, it provides an instructive object-lesson in the ultimate futility of con¬
443 2259 1865 2335 versionist efforts. It might as well be mentioned at the outset that the
436 2297 1861 2349 volume is dedicated“ To the Most Reverend Randall Thomas Lord Arch¬
434 2323 1824 2393 bishop of Canterbury, Primate of all England, and Patron of the Society?'—
433 2370 1865 2436 this, with His Grace’s permission. Looking back upon a century of activity,
432 2406 1479 2458 the Rev. W. T. Gidney, M.A., observes that“ readers
1646 2421 1863 2471 must not
443 2431 1865 2492 expect to learn of large numbers of converts gathered in at one time, but
442 2478 1863 2545 rather of one here and another there.“', Andso it wouldappear from a further
434 2516 1855 2576 perusal of these pages, for the word failure is indelibly writ large over many
434 2553 1862 2615 of them. Pages are devoted to conversionist activity among our coreli¬
430 2602 1855 2654 gionists in Russia and Roumania, while the Falashas claim no small amount
434 2629 1866 2674 of attention. Touching upon the evangelisation of the Jews in Russia, the#
436 2658 1425 2723 historian has a somewhat doleful narrative to relate:
498 2698 1854 2760 There they have resisted all modern innovations; and therethey still present as
438 2731 1475 2785 firm a front as ever of orthodox and conservative Judaism.
1570 2751 1860 2796 So far from the
434 2780 1866 2835 problem of the effective evangelisation of these Jewish millions having been solved, it
428 2804 1848 2847 isto be feared that the magnitude of the undertaking has not even yet been realised.
504 2833 1857 2896 So we see that the poor, harassed Russian Jew, in spite of all, still
432 2872 1866 2927 remains loyal to the Jewish flag, despite missionary blandishments, despite
436 2913 1864 2980 the tremendous efforts to touch even the outskirts, the fringe, of“ this
439 2956 1156 2992 compact and solid mass of Judaism.“
1151 2965 1852 3013 The book takes the reader through
440 2993 1852 3054 many climes, and throughout one is struck by the feverish activity displayed
442 3024 1853 3091 in the search for lost Jewish souls. In his retrospect of work in the Ottoman
437 3056 1868 3125 Empire, the author has some significant remarks to make concerning the
434 3090 1859 3152 Sephardie Jews. Here is one of them:“ Spanish Jews are proverbially
432 3138 1869 3197 harder to reach than the Ashkenazic, or German Jews. Pride of origin,
435 3185 1562 3247 as well as of religion, makes them unapproachable.“
515 3254 1858 3333 We are asked to state that the German edition of Mr. Zangwill's
436 3295 1865 3360 Dreamers of the Ghett is published by Siegfried Cronbach, of Berlin, who
432 3341 1860 3413 is the publisher of the authorised German edition of all Mr. Zangwill’s works
517 3414 1859 3508 TilE Rev. the Haham, Dr. Gaster, will deliver a lecture, entitled“ Folk¬
426 3480 1625 3519 Lore,' at the Bishopsgate Institute, on Tuesday, November 3rd.
1309 3555 1860 3605 Chief 3e1, GRAV’S INN RD.,
717 3545 787 3621 9320
829 3549 1847 3642 W. CLARKE & SON, Omce: KING’s CROsS, W. o.
623 3573 752 3618 EUAANE SN
597 3604 697 3638 21.
873 3609 1261 3657 COAL AND COKE.
1523 3615 1815 3659 Phone 628 North.
816 3631 1861 3690 95. QUEEN'S RD., BAYSWATER, W eic. Phone 565 Paddington
833 3663 1836 3711 Coal and Coke delivered in all parts of London same day as ordered if
471 3663 1912 3771 S dred. Priccs on Application Ovaurer Guanasrahb. Established 1812
2300 180 2876 247 (in SIX VOLUMES), edited by
2027 255 3125 344 HERBERT M. ADLER, M.A., LL. M.
2104 329 3052 412 With an English Translation (in Prose and Verse)
1872 409 3302 473 By ARTHUR DAVIS, NINASALAMAN, ISRAEL ZANGWILL, and others,
2412 467 2760 534 and the Editor.
1974 519 3184 588 Svo, Cloth, red edges, 5- net, per vol., or 25/- net. for the 6 vols.
1873 618 3304 724 EDITION DE LUNE, on JAPON PAPER, bound in Lombskin,
1877 694 3302 769 git edges, with Front. bu S. J. SOLOMON, R.A., 108. 6d. net per“
2165 744 3003 815 rol., or 42 128. 6d. net for the 6 vols.
1882 877 2666 974 Vol. I: NEW YEAR.
1887 971 3042 1049 Vol. II: DAY OF ATONEMENT,
2897 1041 3261 1116 Evening Service.
1887 1089 3019 1177 Vol. III: DAY OF ATONEMENT,
2386 1163 3259 1232 Morning, Afternoon, and Concluding Services.
1890 1212 2766 1297 Vol. IV: TABERNACLES.
1887 1314 2901 1412 Vol. V: PASSOVER. IVern Shortiy.)
1886 1428 2902 1515 Vol. VI: PENTECOST. 144 Press.)
1909 1578 3257 1666 GEORGE ROUTLEDGE & SONS, Ltd., Ludgate Hill, E.C.
2051 1847 2379 1926 Vegetable
2047 1931 2376 2011 Margarine
2893 2113 3222 2199 THE MOST PERFECT
2235 2124 2361 2249 *
2441 2159 2933 2251 Gen ## norn 62# an zer
2597 2205 3156 2306 Daus 1072
2224 2287 2575 2376 n Ma
2687 2294 3129 2387 Substitute for
2170 2343 2627 2438 *# a00 Auro 9“ 4·7
2740 2366 3195 2446 Natural Butter
2027 2398 2686 2504 ur  ge ae ae #
2709 2416 3189 2490 Free from animal fats.
2702 2459 3199 2529 Equals the best Natural
2009 2461 2688 2558 ######### glürge s
2696 2505 3196 2563 Butter in all its qualities.
2003 2517 2683 2611 e n un br unde
2704 2546 3185 2602 Tomor is to be preferredto
2703 2581 3187 2631 butter because it can be used
2034 2570 2681 2665 ## geg
2707 2609 3190 2657 as well with milk as with meat
2714 2641 3192 2699 and because it complies with
2018 2628 2689 2724 er i a#hrd zne Iuf ####n -oll:
2727 2669 3150 2726 the severest presciptions.
2695 2688 3194 2763 Absolutely different from
2013 2684 2680 2781 ## - Geba#p#er # ##
2707 2746 3202 2814 Margarine made of anima##
2452 2750 2691 2829 42)# 75
2894 2787 3001 2835 fat.
2007 2806 2698 2897 600 : Vun wasS# au5
2740 2821 3169 2898 roMon is manufactured
2747 2888 3172 2929 under constant supervision
2021 2858 2705 2951 or  l # # 0
2732 2917 3169 2952 and direction of an orthodor
2743 2941 3176 2994 oflicial, specially appointed
2163 2919 2699 3002 ##e unbel #0# De u#n).
2730 2971 3166 3006 for this purpose and con¬
2730 2996 3168 3036 trolled by the Revd. Rabb.
2120 2985 2654 3070 — 66g 2P 3 —
2738 3017 3168 3071 Dr. B. Wolf of Cologne.
2152 3043 2704 3121 Six N # lolra
1964 3104 2759 3218 Au Gs uns Dhere nunel Hn ono
2942 3136 3124 3221 Write
2109 3157 2437 3233 Aae e uu
2841 3197 3215 3279 for samples and
2560 3217 2758 3269 mnom „.
2007 3201 2505 3307 el Ahe ##um k. W.
2558 3247 2757 3302 own
2830 3253 3209 3341 prices direct to
2592 3289 2768 3340 Wan morn
2770 3264 2823 3316 8
2529 3288 2588 3333 2
2043 3276 2384 3365 du e Z
2900 3316 3141 3393 the sole
2749 3374 3215 3459 Manufacturers:
1966 3491 2018 3550 11
1991 3513 3215 3606 Jand -Compang m. S. I., dieves
2311 3608 2837 3691 Rhenish Prussia.
