3248 4192
578 154 707 225 Ne
196 152 558 233 23. Der
776 160 1141 232 ins Frei
1368 163 1738 255 box 3/1
400 177 1235 269 I. K .  d. —  nen enenenen ene en
1169 917 1545 1007 Telephon 12801.
489 1076 907 1163 MDEE
938 1087 1533 1184 TLETET SNDMMNN
393 1146 1533 1250 O l. österr. behördl. konz. Unternehmen für Zeitungs-Ausschnitte
553 1215 1433 1318 Wien, I., Concordiaplatz 4.
375 1260 480 1326 5
776 1290 1208 1363 Vertretungen
460 1334 1523 1419 in Berlin, Budapest, Chicago, Christiania, Genf, Kopen¬
453 1377 1527 1461 hagen, London, Madrid, Mailand, Minneapolis, New-Vork,
476 1425 1498 1493 Paris, Rom, San Francisco, Stockholm, St. Petersburg.
802 1470 1187 1525 (Quellenangabe ohne Gewähr.
378 1494 860 1586 6 Ausschnitt aus:
364 1586 875 1677 E vom: 11.0l. 1906
1013 1666 1509 1766 S, BEREIN
506 1797 723 1853 geru
381 1874 1568 1944 Der Wegins Freie. Roman von Arthur Schnitzler.
322 1917 826 1976 (S. Fischer, Verlag, Berlin.)
395 1947 1539 2007 Von Keyserling führen heimliche Fäden zu Schnitzler hinüber.
318 1998 1550 2047 Der litauische Graf ist verwachsen mit alter Kultur, der öster¬
317 2041 1549 2095 reichische Dichterarzt infiziert mit Kultiviertheit. Das gibt bei ihm
320 2079 1549 2130 ähnliche leise und schwermütige Klänge und eine feine Politur der
327 2120 1538 2172 Sprache. Leise Wehmut lagert auch über Schnitzlers Dichtungen,
319 2151 1537 2203 ein feines Lächeln schwebt hindurch. Man merkt wohl, die müde
311 2188 1543 2246 Grazie, die bleiche Lässigkeit ist scharmant beherrschter Stil der
309 2233 1547 2283 Dekadenz, Künstlichkeit, wo Keyserling aus seinem Blute gibt. Aber
317 2270 1537 2322 die capuanische Kultiviertheit Schnitzlers mit dem vornehmen Schliff
318 2308 1540 2363 macht ihn zu einem liebenswürdigen Autor, auch wo er so schwäch¬
310 2342 1538 2391 lich wird wie in diesem neuen Roman. Im Brennpunkt natürlich
316 2383 1544 2436 wieder ein Lebejüngling Georg von Wergenthin, der distinguierte
315 2429 1538 2481 Genießer, dem das Plebejertum auf die musikalischen Nerven geht.
317 2470 1548 2521 Neben diesem aristokratischen Komponisten natürlich auch das süße
319 2504 1551 2548 Mädel. Und die obligate Schnitzlersche Liebelei beginnt. Das
317 2543 1546 2595 Mädchen wird Mutter, aber mit dem toten Kinde stirbt auch die
310 2583 1536 2629 Liebe des stark mit Egoismus behafteten Georg von Wergenthin.
309 2616 1543 2675 Daß dieser das traurige Spiel mit Gefühlen abbricht, zu deutsch,
310 2659 1543 2701 daß er das hingebende süße Mädel sitzen läßt, weil er eine Künstler¬
319 2700 1543 2747 seele besitzt, die keine Fesseln tragen kann — das ist der Weg
320 2739 1535 2788 ins Freie. Schnitzler weiß das alles natürlich mit stiller
318 2776 1544 2813 Anmut und reizvoller Dialektik vorzutragen. Aber wir stehen
316 2812 1550 2848 diesem frommen Betrug doch kühl gegenüber. Dieser Lebejüngling,
310 2851 1539 2891 der sich mit so hohen Worten seine Junggesellenfreiheit rettet, ist
309 2891 1550 2938 zwar ein Lebenskünstler, im übrigen aber sind seine kleinen
317 2935 1538 2966 Empfindungen und sein sogenannter Lebenskampf von einer ver¬
308 2971 1550 3023 teufelten Vanalität. Die Geschichte lebt von ihrer vibrierenden
310 3000 1543 3050 Erotik und der Schnitzlerschen zärtlichen Musik, in der sie vor¬
304 3049 1543 3112 getragen wird. Am Ende aber sieht man ernüchtert das echte Gesicht
300 3087 1546 3129 Schnitzlers: das Spielerische seiner Muse. Liebelei, Sterbelei,
302 3111 1540 3180 Empfindelei, Kämpfelei! Seine Menschen spielen mit allem, selbst
297 3166 1540 3211 mit ihrem Intellekt. Es sind vorwiegend Juden, die um den
301 3198 1538 3257 „Helden“ des neuen Romans gruppiert sind. Wie sie um die Juden¬
309 3227 1536 3294 frage herumsprecheln, und wie an der Tragik des Judentums die
304 3282 1535 3332 Seelen dieser jüdischen Jünglinge in gehobener Lebenslage mit
303 3319 1541 3387 affektierter Wohlredenheit leiden — das alles zeigt Schnitzler in
1455 3373 1577 3438 32
309 3391 1545 3511 cineSlärke der leichten Canserie, aber auch in seiner Schwäche,
238 3463 1225 3531 #e an den Dingen eben nur herumzuspielen weiß.
1812 1446 1863 1500 —
1923 1206 2918 1293 Geslnger Wien #arhn
2433 1334 2958 1425 Jf. 1 07
1926 1364 2030 1441 6
1925 1471 2972 1538 -8 Der Weg ins Freie; Roman von Arthur Schnitzler.
1877 1517 2965 1573 S. Fischers Verlag, Bexlin. — Das unlängst heraus¬
1877 1566 2971 1619 gekommene Buch ist svon einem Teil der Wiener Kritik
1890 1605 2956 1661 als der Wiener Roman begrüßt worden. Einem Fern¬
1886 1640 2968 1702 stehenden wird das etwas als lokalpatriotischer Ueber¬
1886 1678 2818 1728 schwang erscheinen; denn um der Wiener Roman
2924 1704 2968 1739 I,
1887 1722 2789 1777 müßte „Der Weg ins Freie“ doch wohl Leben,
1880 1762 2782 1813 und Fühlen des ganzen Wiener Volkes in sich
1878 1794 2806 1852 was er aber nicht tut. Wie dem jedoch sei, man
1886 1833 2841 1895 hier mit einem Wiener Roman zu tun, dem gege
2448 1872 2481 1903 c
1875 1878 2969 1931 literarische Begeisterung wie Freude am Stofflichen in
1884 1915 2967 1965 gleicher Weise gestattet ist. Der Kenner Wiens merkt
1891 1958 2955 2009 sofort, daß hier eine gewisse Schicht der Bevölkerung,
1882 1993 2972 2035 jene breite, nach oben wie nach unten sich weit aus¬
1883 2033 2961 2077 dehnende mittlere Gesellschaftsklasse, deren Eigenart die
1879 2075 2963 2123 krause Mischung und die reichliche Durchsetzung mit
1887 2109 2954 2153 jüdischem Elemente ist, von einem profunden Kenner ge¬
1889 2156 2953 2198 schildert ist. Und da dieses Milieu eine so große
1885 2184 2963 2245 Rolle in Wien spielt, politisch und wirt¬
1881 2222 2701 2270 schaftlich eine solche Bedeutung hat,
2758 2235 2954 2286 mag die
1875 2269 2961 2322 Bezeichnung „Der Wiener Roman“ eine gewisse Berechti¬
1867 2314 2778 2360 gung haben. Mit welcher intensiven, aber nicht
1870 2349 2740 2396 lichen Kunst Personen, Schauplatz und Gesche
1875 2384 2709 2428 gestellt werden, das braucht von einem so hei
1869 2426 2715 2477 Vertreter des modernen Romans, wie Arth
1878 2465 2747 2518 ist, nicht mehr gesagt zu werden. Weit fessel
1875 2491 2864 2546 ist das Psychologische des Buches; hier weist es e
1873 2537 2911 2587 ebenso reichen als tiefen Inhalt auf, eine Fülle kluge
1873 2579 2959 2633 Gedanken und feiner Beobachtungen, Reflexionen, die sich
1863 2621 2950 2658 mit Vorliebe schwereren Gegenständen zuwenden und hier
1871 2654 2959 2717 zu den fesselndsten Ergebnissen kommen. In einem Punkte
1873 2698 2959 2760 nur möchte es dem Nicht=Wiener scheinen, als sei des
1877 2726 2947 2798 Guten zu viel getan, nämlich in der Erörterung der Juden¬
1870 2766 2942 2822 frage. Allerdings spielt diese ja in Wien eine ganz be¬
1874 2813 2938 2875 sonders hervorragende Rolle, und so rechtfertigt es sich
1870 2853 2951 2897 für den mit dem Wiener Milieu verwachsenen Verfasser,
1872 2891 2948 2934 daß er sie immer wieder und oft von neuen Seiten her
1858 2942 2947 2985 erörtert. Immerhin aber vermag Schnitzler das Interesse
1862 2964 2948 3021 am Stofflichen so stark anzuspannen, für das Geistige seiner
1870 3001 2952 3069 Personen soviel Sympathie zu erwecken, daß man zu un¬
1864 3042 2948 3102 behaglichen Gefühlen kaum kommt. Der Roman darf
1863 3080 2942 3152 beanspruchen, unter die besten Erscheinungen auf seinem
1866 3127 2947 3195 Gebiete gestellt zu werden; man nimmt von ihm einen
1869 3158 2503 3215 lange nachhaltenden Eidruck mit.
