3248 4096
878 -24 2408 77 II Ernst Demuntem Anstieg der Bewältigung hochgipfelnder Probleme
875 38 2403 121 zu. Daß diese immer noch, in der Anlage oder in den Versuchen der
874 76 2408 174 Lösung, mit irgendeinem spezifisch österreichischen Element gemischt
869 133 2403 216 sind, spricht nur für die tiefwurzelnde Echtheit und Bodenverwandtheit
875 178 2395 262 dlieser Dichter. Und von Wien kommen sie alle nicht los. So sehr
873 223 2391 317 jeder von ihnen auch seinen Willen anstrengt, zu möglichst weit¬
869 282 2389 357 ausgreifender Betrachtung menschlicher Schicksale, menschlicher Ge¬
873 326 2392 408 schichte und Naturgeschichte vorzudringen; sein Sprungbrett bleibt doch
860 371 2400 460 immer der vertraute Boden dieser Stadt. In Burckhards „Die Insel
866 427 2387 512 der Seligen****) wird das nicht nur an den Ideen, sondern auch in der
866 468 2393 563 Formung offenbar — und leider mit der schreienden Deutlichkeit eines
859 520 2389 615 technischen Mißstandes. Dort, wo das Epos hingleitet, so frisch, so
868 568 2392 664 klug, so flott, wie nur irgendein geschriebenes oder getanes Werk von
860 614 2382 706 Burckhard, da hat es auch seinen natürlichen Wiener Schauplatz, der
864 670 2387 759 nicht nur die Heimat seiner Menschen, sondernauch die Heimat seiner
853 717 2378 796 inneren Bewegung, seines Gedankentempos und seiner sprachlichen
865 758 2383 853 Rhythmik ist. Sobald aber der Blick auf die Menschheit und ihre soziale
852 813 2375 909 Natur eröffnet werden soll, springt die Erzählung mit einer Plötzlichkeit,
853 858 2383 959 die nicht ganz angenehm überrascht, ins Wesenlose und allzu Will¬
985 937 1305 1004 ) Vergl. Heft 16.
952 965 1475 1060 **) Verlag S. Fischer, Berlin.
974 1134 2501 1218 kürliche. Nicht nur das Milieu des Bodens — die Insel der Seligen
1021 1200 2499 1255 ist namenlos und unvorstellbar, auch alles menschliche Geschehen
970 1235 2502 1315 wird Theorie, Erläuterung, absichtlich prinzipielle Darstellung, verliert
966 1295 2502 1358 an Bildkraft, an Plastik und damit an künstlerischem Wert. Nur ein
968 1342 2498 1414 paar ernste, großblickende Gedanken bleiben noch und ein feines
966 1394 2498 1456 Lächeln, das über die Gedanken wegführen kann, dorthin, wo der
958 1437 2488 1497 Zweifel wieder beginnt, — aber ohne die Schmerzen seines Stachels.
966 1482 2503 1534 Dieses Lächeln, das Verrat und Versöhnung in gleichem Maße in sich
960 1528 2492 1600 hat, ist so nachdrücklich und so herzlich österreichisch, daß es immerhin
959 1583 2497 1655 auch diesem zweiten Teile des Romans ein Stück der verlorenen
965 1630 2493 1698 Echtheit wiederzugeben imstande ist. Mit dem Verlust des Kunstwerkes,
966 1680 2490 1745 das sich mitten in der Entwicklung so plötzlich selbst zerstört, versöhnt
968 1727 2496 1806 es doch, daß der Künstler, der es schuf, noch aus den ungeordneten
968 1775 2328 1841 Stücken seiner Arbeit so hell und so lebendig zu erkennen ist.
1087 1830 2503 1902 Wie es denn überhaupt diesen Oesterreichern gemeinsam zu sein
960 1864 2492 1944 scheint, daß sie, je reicher ihre Technik wird, nur um so mehr in
958 1927 2492 2000 ihrer Kunst, ob sie es wollen oder nicht, von ihrer Person offenbaren
965 1988 2493 2046 müssen. Niemals noch war Arthur Schnitzler den Problemen seines
968 2035 2493 2102 eigenen Wesens so herzlich nahe, wie in seinem letzten Roman „Der
976 2074 2491 2141 Weg ins Freie“.*) Was ihn und was an ihm beunruhigt hat, hier er¬
967 2123 2499 2196 scheint es klar und deutlich aufgeschrieben: die Unsicherheit des Juden
959 2171 2499 2244 in der modernen Kultur. Eine Handlung, so zart entwickelt und so
961 2217 2503 2292 leicht hingeführt, wie nur seine Meisterschaft es vermag, umwickelt
966 2276 2486 2341 sich auf das dichteste mit den trüb schattierten, unzerreißbar zähen
963 2316 2494 2385 Fäden, die aus der europäischen Judenfrage gesponnen werden. Wie
960 2366 2496 2430 diese Fäden alle Menschen untereinander verbinden und die Gedanken
963 2423 2490 2485 einer ganzen Gesellschaft hin und herleiten, so schnüren sie auch den
951 2466 2482 2543 freien Zug der Geschehnisse ein und pressen sich schwer um den eigent¬
952 2513 2490 2584 lichen, den poetischen Körper dieses Kunstwerkes. Wer bedeutende
953 2569 2489 2638 Gestaltung von Schicksalen erwartet, der ird enttäuscht. Nur
958 2609 2489 2689 bedeutende Fragen nach einem Schicksal erfüllen dieses Werk der
950 2657 2482 2726 inneren Schwere und der Bekenntnisse. Wienerisch ist die Farbe und
955 2707 2489 2777 die sprachliche Art seiner Menschen, österreichisch der leichte Zug,
954 2759 2493 2834 die gepflegte Noblesse seiner Führung. Aber das Gespinst seiner
951 2808 2483 2879 Gedanken flicht sich um Probleme des Judentums, umklammert sie
951 2861 2489 2934 mit jüdischem Eifer, durchhellt sie mit dem Lichte jüdischer Geistigkeit.
954 2904 2480 2974 Daß dennoch aus dieser Vermengung verschiedenrassiger innerer
955 2952 2483 3038 Elemente eine künstlerische Einheit von hohem Wert und von eigener
946 3005 2484 3073 Art entstehen konnte, mag beweisen, daß diese Elemente trotz ihres
950 3059 2486 3109 scheinbaren Widerstreites gutartig und produktiv aufeinander reagieren
947 3101 2481 3161 können. Und das bedeutet im letzten Grunde die schönste Lösung der
947 3146 2471 3221 Fragen, die in diesem Buche ihr unruhiges Leben führen: nämlich
938 3191 2474 3271 ihre Beschwichtigung und Aufhebung im harmonischen Kunstwerk.
1063 3245 2481 3329 Trotzig herausfordernd, als ein Ueberwältiger in kühnstem Stile,
945 3287 2472 3373 und in der Form vollendetes Muster der neuen österreichischen Literatur,
939 3342 2473 3418 stellt sich Hermann Bahr in seinem letzten Werke „Die Rahl“*) vor
1060 3428 1567 3503 *) Verlag S. Fischer, Berlin.
1049 3484 1791 3565 NEUE REVUE und MCRGEN. 1909. Heft 17.
2300 3494 2372 3560 45
