3248 4096
753 61 1172 139 ins Frei
402 64 688 140 Der Ne
1370 56 1738 155 box 3/3
207 68 1203 180 23. P1  eee e eee
761 764 2181 823 Ta wird man dann natürlich leicht ungerecht. Aber das sind Aervositäten,
757 811 2177 888 Empfindlichkeiten, weiter nichts. Da besinnt man sich auch wieder. Das
758 866 2174 929 kann man doch nicht Antisemitismus nennen. Aber es gibt schon Juden,
758 917 2176 971 die ich wirklich hasse, als Juden hasse. Das sind die, die vor andern
759 969 2172 1028 und manchmal auch vor sich selber tun, als wenn sie nicht dazugehörten.
757 1015 2179 1079 Die sich in wohlfeiler und kriecherischer Weise bei ihren Feinden und
750 1059 2184 1120 Verächtern anzubiedern suchen und sich auf diese Art von dem ewigen
749 1112 2176 1163 Fluch loszukaufen glauben, der auf ihnen lastet, oder von dem, was
761 1159 2176 1224 sie eben als Fluch empfinden. Das sind übrigens beinahe immer solche
756 1213 2178 1277 Juden, die im Gefühl ihrer eigenen höchst persönlichen Schäbigkeit herum¬
756 1260 2179 1321 gehen und dafür unbewußt oder bewußt ihre Rasse verantwortlich machen
759 1308 2177 1357 möchten. Natürlich hilft's ihnen nicht das geringste. Was hat den
752 1353 2175 1410 Juden überhaupt jemals geholfen. Den guten und den schlimmen. Ich
752 1408 2174 1472 meine natürlich“, setzte er hastig hinzu, „denen, die so irgend etwas wie
753 1453 2172 1516 eine äußerliche oder innerliche Hilfe brauchen.“ Und in einem absicht¬
749 1496 2174 1556 lich leichten Tone brach er ab. „Ja mein lieber Georg, die Angelegenheit
749 1557 2181 1608 ist etwas kompliziert, und es ist ganz natürlich, daß allen denen, die nicht
755 1593 2171 1661 direkt mit der Frage zu schaffen haben, das richtige Verständnis für sie abgeht.“
808 1648 1551 1723 „Na das darf man doch nicht so ...“
811 1697 2172 1765 Heinrich unterbrach ihn gleich. „Man darf schon, lieber Georg. Es
747 1748 2170 1803 ist nun einmal so. Ihr versteht uns nämlich nicht. Manche haben
752 1791 2169 1861 vielleicht eine Ahnung. Aber verstehen!? Nein. Wir verstehen euch
751 1835 2166 1901 jedenfalls viel besser, als ihr uns. Wenn Sie auch den Kopf schütteln!
747 1892 2173 1956 Es ist ja nicht unser Verdienst. Wir haben es nämlich notwendiger ge¬
751 1936 2177 2006 habt euch verstehen zu lernen, als ihr uns. Diese Gabe des Verstehens
750 1992 2179 2054 hat sich ja im Lauf der Zeit bei uns entwickeln müssen ... nach den
753 2041 2175 2103 Gesetzen des Daseinskampfes, wenn Sie wollen. Denn sehen Sie, um
747 2081 2169 2144 sich unter Fremden, oder wie ich schon früher sagte, in Feindesland zu¬
749 2132 2169 2190 rechtzufinden, um gegen alle Gefahren, Tücken gerüstet zu sein, die da
743 2185 2179 2249 lauern, dazu gehört natürlich vor allem, daß man seine Feinde so gut
740 2230 2038 2297 kennen lernt als möglich — ihre Tugenden und ihre Schwächen.“
810 2284 2170 2335 „Also unter Feinden leben Sie? Unter Fremden? Dem Leo Go¬
751 2331 2170 2393 lowski gegenüber wollten Sie das nicht zugestehen. Ich bin übrigens
749 2379 2179 2430 auch nicht seiner Ansicht, durchaus nicht. Aber was ist das für ein
751 2425 1705 2478 sonderbarer Widerspruch, daß Sie heute ....“
803 2460 2175 2534 Ganz gequält unterbrach ihn Heinrich. „Ich sagte Ihnen ja schon,
743 2526 2173 2584 die Sache ist viel zu kompliziert, um überhaupt erledigt zu werden. So¬
750 2578 2168 2628 gar innerlich ist es nahezu unmöglich. Und nun gar in Worten! Ja
753 2621 2173 2678 manchmal möchte man glauben, daß es gar nicht so arg steht. Manchmal
754 2671 2110 2722 ist man ja wirklich daheim, trotz allem, fühlt sich hier so zu Hause,
751 2719 2160 2774 ja geradezu heimatlicher, als irgendeiner von den sogenannten Einge¬
753 2767 2164 2828 borenen sich fühlen kann. Es ist offenbar so, daß durch das Bewußtsein
745 2815 2158 2865 des Verstehens das Gefühl der Fremdheit in gewissem Sinn wieder auf¬
744 2866 2170 2925 gehoben wird. Ja, es wird gleichsam durchtränkt von Stolz, Herablassung,
745 2915 2167 2970 Zärtlichkeit, löst sich auf, — allerdings auch zuweilen in Sentimentalität,
750 2965 2175 3016 was ja wieder eine schlimme Sache ist.“ Er saß da, mit tiefen Falten in
750 3009 1383 3073 der Stirn und sah vor sich hin.
807 3046 2168 3139 Versteht er mich wirklich besser, dachte Georg, als ich ihn? Oder ist
738 3109 1378 3187 es wieder nur Größenwahn —?
1430 3139 1494 3206 □
780 3251 869 3325 90
1720 3219 2121 3300 Kunswart NIl, 20
