3248 4352
688 152 1135 232 ins Freie
1298 152 1657 250 box 3/1
136 158 646 255 23. Der Ne¬
333 215 1150 266 Kn n K.  en en A. e ee e enenen le ene e
462 337 1712 412 Arthur Schnitzler ist unzweifelhaft dekadent, und das würde ihm
457 394 1702 454 mit Recht die strengste Aburteilung von seiten Adolf Bartels' ein¬
447 442 1693 492 tragen müssen. Aber diejenigen, die weniger rigoros und den
459 480 1689 534 Eindrücken eines formvollendeten. reizvollen, graziösen Aestheten¬
453 528 1693 580 tums mehr preisgegeben sind, konnten ihn immerhin noch gelten
452 571 1701 628 lassen. Wenn er in dem zu seiner Zeit so erfolggesegneten
453 617 1699 675 Theaterstücke „Liebelei“ oder in der Dialogsammlung „Anatol“
456 659 1700 712 oder in den Novellen „Frau Berta Garlen“ und „Sterben“ das
456 701 1694 762 Milien Wiener Lebemannskreise graziös und zugleich tiefernst¬
455 747 1694 800 sentimental darstellte, so konnte man ihn als einen eleganten, geist¬
458 794 1705 847 reichen und zuverlässigen Schilderer gewisser echt — österreichischer
461 840 1080 898 Lebenskreise wohl anerkennen.
537 875 1700 935 Aber diese verhältnismäßig günstige Beurteilung muß
465 932 1702 988 Schnitzler aufs äußerste beeinträchtigen, wenn er sich — eigentlich
464 979 1703 1027 in einem unbegreiflichen Gegensatze zu seiner sonnigen Aestheten¬
449 1016 1693 1065 und Lebemannsnatur — demokratischen, antimilitaristischen Ten¬
448 1058 1692 1116 denzen ergibt. In dem Drama „Freiwild“ schon war eine ge¬
448 1118 1697 1163 hässige Tendenz gegen den österreichischen Offiziersstand unange¬
454 1148 1693 1196 nehm aufgefallen, wenngleich sie damals noch durch den einwands¬
450 1196 1703 1249 freien, straffen Aufbau des Theaterstückes einigermaßen in den
459 1227 1704 1291 Hintergrund gedrängt war. Aber dann in der Novelle „Leutnant
456 1285 1692 1335 Gustl“ hatte Schnitzler das österreichische Offizierkorps geradezu
455 1324 1693 1374 abscheulich tendenziös geschmäht. Und in den Kreisen des öster¬
456 1367 1697 1422 reichischen Offiziersstandes und der österreichischen Beamtenschaft
453 1409 1703 1456 konnte er wohl nicht mehr anders angesehen werden, als bei uns
462 1450 1698 1511 etwa sozialdemokratische Schmähschreiber oder die Herrschaften der
458 1492 1703 1547 Montagsblätter oder Maximilian Harden in nationalen Kreisen
462 1543 869 1597 empfunden werden.
539 1581 1690 1639 Jetzt, in seinem neuesten Roman „Der Weg ins Freie“, fügt
451 1626 1692 1676 der einst so Lebenslustige unn lebemännisch Unbekümmerte unbe¬
460 1662 1693 1715 greiflicherweise eine neue Tendenz hinzu: die des kritischen Juden.
455 1711 1694 1766 Er schildert seine Menschen nicht mehr als Wiener schlechthin;
454 1755 1700 1810 sondern er scheidet sie — was doch nicht mehr als recht und billig
451 1791 1700 1839 ist — in Juden und Christen. Die stärksten Talente unter den
453 1841 1689 1892 jüdischen Schriftstellern werden sich, sobald sie ehrlich und wahr¬
456 1893 1696 1939 heitsliebend sind, doch immer bald gedrängt sehen, bis zum Kerne
456 1928 1702 1978 des Menschen vorzudringen und Rasse, Milieu, Religion nicht
461 1969 1698 2017 außer acht zu lassen. Früher schon hette Georg Hirschfeld aus
455 2011 1695 2062 naturalistischem Wahrheitsdrange seinen Gestalten die besondere
458 2059 1689 2116 jüdische Färbung gegeben: jetzt fängt Arthur Schnitzler an, das¬
463 2102 1699 2153 selbe zu tun. Gerade den Deutschen aber, die eine stärkere Be¬
456 2144 1691 2189 tonung des Nationalen und Christlichn in der eigenen, deutschen
462 2177 1703 2246 Literatur sehnlichst wünschen, kann e nur erwünscht sein, wenn
460 2225 1694 2286 die jüdischen Schriftsteller, von Schalom Asch bis zu Georg Hirsch¬
463 2271 1692 2325 feld, Jakob Wassermann, und Arthur Schnitzler sogar, das, was sie
462 2312 1695 2365 leisten, als jüdische und nicht als pfeudo=deutsche, talmi=deutsche
465 2355 871 2420 Schriftsteller leisten.
546 2384 1701 2441 Aber ist dieser Roman von grundsätzlichen Gesichtspunkten aus
450 2445 1690 2486 also durchaus anzuerkennen, so kann man ihn doch als Einzel¬
458 2485 1694 2541 erscheinung, als Kunstwerk keineswegs gelten lassen. Vor allem
462 2526 1691 2578 muß die unglaublich ungefüge, ganz zusammenhanglose Kom¬
457 2572 1691 2619 position dieses Romans die etwaigen Vorzüge völlig aufheben.
459 2616 1700 2678 Der Roman erzählt von der Liebe eines Wiener Freiherrn Georg
456 2659 1698 2707 von Wergenthin zu der rührend schlichten und gutherzigen Kleine
460 2706 1693 2755 Bürgerstochter Anna Rosner, welche an die ähnlich rührende und
453 2750 1687 2797 poetische Gestalt der Christine aus Schnitzlers „Liebelei“ erinnert:
456 2790 1687 2847 der junge Aristokrat liebt sie wirklich herzlich; aber sein Bedürfnis,
456 2835 1689 2880 von allen lästigen Verpflichtungen frei zu bleiben, ist größer als
459 2874 1695 2932 seine Liebe, und obwohl Anna durch ihn Mutter eines, freilich
455 2921 1693 2976 gleich bei der Geburt toten, Kindes geworden ist, kann er es nicht
458 2961 1689 3022 über sich gewinnen, sie zu heiraten. Jedoch was hat diese klar und
452 3014 1691 3060 rein erzählte Tragödie mit dem Problem der Judenfrage und mit
463 3050 1696 3101 den zahllosen jüdischen Nebengestalten des Romans zu tun? Zwar
466 3090 1698 3141 gewinnt von diesen jüdischen Nebengestalten die eine, der Schrift¬
461 3141 1695 3190 steller Heinrich Beermann (wohl die, allerdings beinahe zu deut¬
466 3191 1694 3234 liche, Schlüssel=Figur des Wiener Schriftstellers Heinrich Beer¬
461 3225 1687 3267 Hofmann?) nach und nach einen außerordentlichen seelischen Ein¬
463 3266 1697 3311 fluß auf den Freiherrn; aber dieser Einfluß wird niemals in
460 3317 1683 3361 Handlungen des Freiherrn wirksam, sondern Heinrich Beermann
462 3358 1681 3408 ist eher so etwas wie der Vertraute aus den Tragödien der fran¬
452 3406 1693 3450 zösischen Klassiker, Partner für die Dialoge, die eigentlich ver¬
461 3439 1687 3482 kappte Monologe sind. Es wird kaum möglich sein, mit noch so
462 3481 1696 3539 spitzfindiger Dialektik, einen Zusammenhang zwischen dem jüdischen
461 3531 1694 3577 Milien und dem eigentlichen, dem Liebesroman des christlichen
458 3572 1688 3624 Freiherrn und der christlichen Bürgerstochter zu konstruieren; diese
454 3611 1693 3662 beiden Teile des Romans klassen, durch nichts überbrückt, aus¬
458 3656 669 3715 einander.
531 3677 1694 3737 Dazu kommt noch, daß der Vertreter des deutschen Teiles, der
454 3738 1696 3807 junge Freiherr Georg v. Wergenthin, weniger glaubhaft gestaltet
1713 333 2964 417 ist als die jüdischen Gestalten des Romans. Die Ebner=Eschen¬
1719 401 2969 450 bach stellt das Reale, Leibhaftige der österreichischen Aristokratie
1711 446 2967 505 dar, Schnitzler eine gedachte, konstruierte. Die Ebner=Eschenbach
1723 483 2960 552 stellt einzelne Aristokraten leibhaftig dar; Schnitzler, der — merk¬
1718 529 2963 592 würdigerweise — lange für einen Naturalisten gehalten wurde,
1722 578 2957 641 reflektiert mehr über sie, als daß er sie darzustellen vermöchte.
1721 609 2958 678 Er sagt von seinem aristokratischen Helden einmal: „Gewöhnlich
1710 661 2961 725 ging er bald wieder fort, nicht ohne für Else einen herben Duft
1716 708 2969 771 von uralter Vornehmheit, kaltblütiger Verführung und eleganter
1712 748 2959 797 Todesverachtung zurückzulassen.“ Nun denke man an die wunder¬
1717 800 2956 850 voll lebendigen und überzeugenden aristokratischen Gestalten der
1718 837 2958 904 Ebner=Eschenbach und Theodor Fontaues! Hier aber wird man
1720 880 2965 922 eher an die gelegentlichen, gleichfalls so mühsam im Kopf kon¬
1718 922 2958 990 struierten, aus den Romanen etwa der Emmy v. Egidy denken
1717 970 2952 1018 müssen. Es ist ein etwas keckes Unterfangen, wenn Schnitzler
1718 1014 2967 1056 einen Teil seiner Romangestalten als österreichische Aristokraten
1722 1057 2954 1115 ausgibt, da wir die wirkliche österreichische Aristokratie doch eben
1714 1102 2955 1143 aus den Dichtungen der Ebner=Eschenbach reichlich genau kennen.
1720 1138 2960 1201 Selbst der Graf aus der Eingangsszene von Anzengrubers „Pfarrer
1715 1185 2954 1238 von Kirchfeld“ ist glaubhafter, mehr von warmem, roten Blut
1711 1230 2954 1279 durchströmt als dieser Freiherr v. Wergenthin. Diese „Aristo¬
1721 1273 2960 1316 kraten“ Arthur Schnitzlers stehen, wenigstens in bezug auf boden¬
1714 1321 2946 1355 ständige Echtheit, nicht gar so hoch über den diversen „Aristokraten“
1722 1360 2883 1408 der Oskar Blumenthal, Paul Lindau und Fritz Mauthner.
1786 1409 2953 1461 Vollends unglaubhaft wird die Gestalt des jungen Aristo¬
1722 1460 2960 1521 kraten durch die Spitzfindigkeit der Psychologie, die für ihn (wie
1720 1505 2952 1562 für die anderen Gestalten alle) aufgeboten ist durch eine Art von
1727 1559 2954 1609 — Ueberpsyhologie. So heißt es von dem jüdischen Abgeordneten
1712 1583 2956 1631 Dr. Steuber einmal: „Er war nicht ganz er selbst, wenn er zu
1718 1630 2952 1690 ihr, oder in ihrer Gegenwart sprach. Auch heute war er nicht mit
1718 1672 2958 1728 sich zufrieden. Mit einem Aerger, der ihm selbst kleinlich vorkam,
1715 1725 2962 1769 ward er sich bewußt, daß er seine Begegnung im Büfett mit
1709 1766 2953 1805 Jalnudek nicht wirksam genug vorgetragen hatte und daß er seinen
1719 1806 2946 1863 Ekel vor der Politik viel glaubhafter hätte darstellen können.“
1715 1850 2957 1897 Oder der jüdische Schriftsteller Heinrich Beermann sagt einmal
1714 1892 2956 1948 zu dem Freiherrn Georg v. Wergenthin: „Bei einem andern wär
1715 1937 2952 1976 es vielleicht Schuld gewesen. Aber bei Ihnen, der von Natur
1712 1994 2953 2039 aus — Sie verzeihen schon — ziemlich leichtfertig und ein bißchen
1720 2015 2955 2070 gewissenlos angelegt ist, — war es gewiß nicht Schuld. Soll ich
1724 2063 2957 2123 Ihnen was sagen? Sie fühlen sich nämlich gar nicht schuldig in
1715 2113 2957 2169 Hinsicht auf das Kind, sondern das Unbehagen, das Sie spüren,
1716 2154 2965 2202 kommt nur daher, daß Sie die Verpflichtung zu haben glauben,
1722 2199 2952 2247 sich schuldig zu fühlen. Sehen Sie, ich, wenn ich irgendwa, in
1714 2230 2952 2291 der Art Ihres Abenteuers erlebt hätte, wäre vielleicht schuldig
1715 2284 2937 2340 geworden, weil ich mich möglicherweise schuldig gefühlt hätte.
1718 2317 2951 2393 Das ist für jede echte Poesie ein so sicher wirkendes Gift, wie es
1727 2368 2961 2412 die in den Zeitungen angepriesenen Mittel für das Ungeziefer
1719 2413 2945 2467 sind. Vor allem aber muß diese Ueberpsychologie (man kann dabei
1717 2458 2948 2502 an Georg Hirschfeld denken) langweilend wirken. Für die unbe¬
1719 2494 2960 2566 kümmerte Langweiligkeit, mit der dieser Roman geschrieben ist,
1717 2545 2644 2599 ist er schließlich doch wohl nicht bedeutend genug.
1782 2571 2952 2655 Das Judenproblem, welches den geistigen Gehalt dieses
1711 2645 2944 2703 Romans darstellen soll, bleibt in ihm gänzlich verworren und
1716 2693 2949 2741 wird nicht im mindesten deutlich herausgeschält. Einerseits stellt
1719 2730 2947 2786 Arthur Schnitzler die mannigfachen Erscheinungsformen des öster¬
1713 2772 2941 2826 reichischen Antisemitismus und ihre psychologischen Wirkungen auf
1714 2822 2955 2875 die Seelen der Israeliten dar. Andererseits möchte er auch wieder
1710 2861 2949 2912 das ganze Problem gar nicht gelten lassen. Er selbst möchte sich
1714 2911 2959 2949 seltsamerweise gewiß am liebsten mit dem christlichen Freiherrn
1719 2935 2955 3012 Georg v. Wergenthin identifiziert sehen; von diesem Freiherrn
1719 2988 2952 3034 aber heißt es einmal: „Georg lächelte liebenswürdig. In Wirk¬
1712 3029 2949 3087 lichkeit aber war er eher enerviert. Seiner Empfindung nach
1715 3078 2951 3128 bestand durchaus keine Notwendigkeit, daß auch der alte Doktor
1715 3118 2952 3169 Steuber ihm offizielle Mitteilung von seiner Zugehörigkeit zum
1714 3163 2944 3215 Indentum machte. Er wußte es ja, und er nahm es ihm nicht
1714 3203 2950 3264 übel. Er nahm es überhaupt keinem übel; aber warum fingen
1710 3259 2948 3309 sie denn immer selbst davon zu reden an? Wo er auch hinkam,
1704 3294 2946 3348 er begegnete nur Juden, die sich schämten, daß sie Juden waren,
1709 3335 2950 3391 oder solchen, die darauf stolz waren und Angst hatten, man könnte
1705 3389 2944 3431 glauben, sie schämten sich.“ Und noch ein zweites Mal heißt es:
1708 3433 2943 3481 „Georg zuckte leicht zusammen. Er wußte, daß Heinrich insbe¬
1715 3463 2944 3523 sondere bei Gelegenheit seines letzten Stückes von konse: vativen
1713 3501 2942 3564 und klerikalen Blättern persönlich aufs heftigste angegriffen wor¬
1712 3559 2943 3608 den war. Aber was geht das mich an, dachte Georg. Schon wieder
1716 3600 2949 3656 einer, den man beleidigt hat! Es war wirklich absolut ausge¬
1712 3637 2686 3702 schlossen, mit diesen Leuten harmlos zu verkehren.“
1779 3681 2937 3756 So ist das Problem nicht im mindesten herausgeschält. Und
1701 3738 2959 3810 am wenigsten kann der, übrigens in keiner Weise recht deut¬
