3248 4192
376 167 1124 248 Der Neg ins Frei
1337 169 1703 254 box 3/1
154 178 1215 281 23  n. S enenenenenentenene enen.
1530 325 1683 400 Nr.
415 433 1620 494 und des Ekels überkommt sie an der S##te des geliebten Mannes,
403 499 1620 550 der sie leichtherzig verrät und schmählich bloßstellt, so daß sie
415 535 1627 597 es nicht mehr ertragen zu können meint. Die Scheidung wird
407 598 1629 648 vorbereitet, aber dann halten Mitleid und Liebe sie doch — zu
414 637 1077 712 seiner Freude — bei ihm zurück.
509 692 1621 748 Wie ein Schiff, mit allen Segeln und Wimpeln geschmückt,
410 732 1621 784 aus dem Hafen der Philister herausfliegt in den Sonnenschein
414 788 1570 843 der blinkenden Wellen, aber der Ballast im Innern fehlt ¬
421 825 1628 888 und der Untergang naht rettungslos: so bricht die Tragik in
421 883 1079 948 des lachenden Dichters Leben ein.
514 961 1628 1032 Die drei Bücher haben etwas Gemeinsames in der Stellung
412 1022 1637 1087 zum Leben, hier, bei Hartleben, in der persönlichen, dort in der
415 1061 1629 1129 künstlerischen: es fehlt die starke Persönlichkeit. Ein bekannter
413 1131 1626 1181 Literarhistoriker hat in Schnitzlers „Schleier der Beatrice“ einen
418 1164 1629 1225 Shakespearisierenden Zug finden wollen. Es klingt wie ein Witz.
424 1219 1629 1276 Was jenem großen Briten seine überragende Größe gibt, was
425 1278 1621 1338 sie Goethe, Schiller gab, ich sage auch Kleist, Grillparzer, Keller,
425 1320 1630 1385 Ludwig, Meyer, ist doch das höchste Glück der Erdenkinder, die
419 1377 1629 1428 Persönlichkeit und das Gewicht des starken Eigenlebens neben
429 1422 1635 1472 der Fähigkeit, dieses künstlerisch zu gestalten, und man erinnert
429 1464 1636 1528 sich der ästhetischen Reinkultur gegenüber der Worte, die Meyer
427 1522 1292 1590 in seinem Lutherlied an Kaiser Karl richtet:
657 1568 1317 1638 Herr Kaiser Korl, du warst zu fein,
669 1635 1251 1675 Den Luther fandest du gemein —
670 1648 1404 1718 Gemein wie Lieb und Zorn und Pflicht,
669 1699 1199 1755 Wie unsrer Kinder Angesicht,
661 1738 1409 1799 Wie Hof und Heim, wie Salz und Brot,
669 1776 1310 1836 Wie die Geburt und wie der Tod —
658 1815 1226 1872 Er atmet tief in unsrer Brust,
665 1852 1343 1910 Und du begrubst dich in Sankt Just.
529 1900 1633 1966 Dort, bei den Wienern, in der Kunst — hier, bei Hart¬
426 1976 1649 2024 leben, im Leben, fühlt man ein Vakuum; dort täuscht die
429 2016 1634 2078 Harmonie einer feinen, kultursatten Kunst darüber hinweg, hier
439 2068 1643 2127 aber im Leben steht der furchtbare Ernst der Wirklichkeit und
432 2103 1641 2168 eine starke leidende Frauengestalt daneben, und beide geben die
436 2155 1648 2223 richtige Perspektive und wahrhaftige Nüancen. Darum ist von
436 2213 1648 2269 diesen drei Büchern das schlichteste, das am wenigsten auf Wirkung
1317 2251 1574 2330 6 Herne
443 2259 1087 2323 berechnete, doch das ergreifendste.
855 2420 1253 2500 Verschiedenes
533 2489 1654 2554 Tuther in Köln. Der soeben ausgegebene 34. Band der Weimarer
440 2532 1644 2591 Lutherausgabe (Weimar, Hermann Böhlaus Nachf.) bringt eine eigen¬
435 2571 1647 2629 artige Ueberraschung: Luther ist in Köln gewesen und hat dort den
439 2622 1655 2665 Dom und die Reliquien der heiligen drei Könige gesehen! Davon
441 2654 1655 2706 wußten wir bisher Nichts. Am Tage vor Epiphanien 1531 predigte
444 2689 1644 2740 Luther über die Bedeutung des Epiphanienfestes im Anschluß an die
445 2726 1648 2793 Perikope Matth. 3, 13ff.; die Predigt ist doppelt überliefert. Sogleich
443 2783 1665 2826 am Anfange kommt er auf die Kölner Reliquien zu sprechen und sagt.
439 2810 1647 2868 (der Text ist, wie gewöhnlich bei Nachschriften der Lutherpredigten, ein
437 2844 1649 2899 Gemisch von Latein und Deutsch; ich gebe das Lateinische in Ueber¬
439 2895 1648 2941 setzung): „Deshalb heißt der Tag =Tag der heiligen drei Könige.=
444 2928 1649 2978 Zu Köln sollen sie liegen, sind dort hochgeehret und haben warlich
447 2967 1655 3020 Gero getragen und ein Kirch gebauet und kaum haben 3 Könige
442 3014 1659 3060 einen solchen Schatz gehabt, als er dort zu finden ist, kaum gibt es
449 3038 1657 3094 reichere Toten als diese. Und sie haben sie genannt Caspar, Melchior,
453 3079 1657 3132 Balthasar. Ich laß das auch bleiben, daß der Tag =Tag der heiligen
446 3119 1653 3162 3 Könige= genannt wird, es rührt mich nicht, daß er so genannt wird,
450 3156 1660 3202 daß man nicht vergesse der großen Lügen, die auf das Fest gepredigt
454 3194 1656 3245 ist, wobei man die Taufe Christi unseres Herrn (das Epiphanienfest
443 3240 1658 3290 war ja urspr’nglich Gedenkfest an Christi Taufe) totschwieg. Das
450 3281 1655 3328 Geschwätze über das Kommen der 3 Könige hat man gern gehört.
457 3312 1653 3375 Ich weiß nicht, ob sie nicht Bauern sind. Ich habe sie gesehen.
456 3350 1649 3408 Wer es nicht glaubt, der ist kein Ketzer, wie ich schwerlich glaube,
454 3397 1654 3443 dennoch ists gut, daß man nicht vergesse solcher schändlichen Lügen,
453 3435 1655 3478 sonst möchten sie sich rühmen, daß sie vordem nichts Gottloses gelehrt
462 3465 1658 3531 haben. Das soll ein köstlich Ding heißen, daß da so die 3 Könige
451 3503 1658 3570 erhaben sind, und Niemand weiß, woher? Und wir habens geglaubt
458 3558 1664 3610 on alle Siege! und Brief, was von den Dreien gesagt war. Was
461 3598 1666 3644 jedem geträumt hat, ist auf die Kanzel kommen und nachher geglaubt
450 3632 1659 3678 worden und dank dieser Lüge ist das groß Gebäu“ (d. h. der Kölner
463 3663 1661 3721 Dom). Die zweite Ueberlieferung stimmt sachlich mit diesen Worten
449 3702 1668 3754 überein, vor allem kehrt der entscheidende Satz wieder: „Ich hab
455 3738 1662 3796 sie auch gesehen.“ Die in den obigen Worten nur leise angedeutete
447 3783 1663 3837 Kritik Luthers ist kräftiger, wenn er nach der zweiten Ueberlieferung
449 3832 1668 3880 sagt: „ich wundere mich, wie jene 3 Könige aus Arabien hätten nach
459 3870 1668 3922 Deutschland kommen sollen.“ In einer Anmerkung teilt D. Koffmane
462 3918 1675 3968 mit, daß auch in den sogenannten Bibelprotokollen von 1539 Luther
1018 3946 1135 4026 739
1653 814 2331 878 gesagt war, e
1653 856 2871 916 hat, als er die drei Könige sah, Alles geglaubt was man ihm sagte.
1654 891 2874 948 Er war also noch wunder= und reliquiengläubit, durch und durch un¬
1656 931 2867 980 kritisch, fragte nicht nach Siegel und Brief. Das weist auf eine mög¬
1659 975 2864 1026 lichst frühe Zeit; über 1515/16 dürfen wir sicherlich nicht hinabgehen,
1653 1006 2863 1057 denn damals begannen kritische Regungen. Auch läßt sich in die Zeit
1659 1047 2870 1101 nach dem Thesenanschlage bis 1531 schwerlich ein Aufenthalt Luthers
1660 1102 2869 1146 einordnen, sein Itinerarium für diese Zeit läßt kaum Platz, und
1659 1135 2865 1184 vor allem würde ein Kölner Aufenthalt Luthers nach dem Thesen¬
1656 1165 2871 1214 anschlage nicht spurlos an den Zeitgenossen vorübergegangen sein:
1660 1199 2875 1256 Luther war damals in Aller Munde, und Köln eine bedeutende Stadt
1658 1248 2876 1304 mit Universität! Nein, Luther war als simpler Mönch in Köln und
1658 1297 2874 1339 verschwand unter der Menge, die gar nichts von ihm wußte. Aus
1659 1316 2874 1372 Koldes bekanntem Buche über die deutsche Augustine#kongregation
1675 1375 2866 1420 (1879) entnehme ich nun eine Situation, in die Luthers Aufenthalt in
1668 1410 2867 1465 Köln hineinpassen würde. Staupitz hatte für Pfingsten 1512 ein
1661 1442 2866 1490 Augustinerkongregationskapitel nach Köln angesagt. Zur Vorbereitung
1671 1472 2874 1538 desselben reiste Ende Februar (am 25. oder 26.) Johann v. Mecheln
1667 1523 2878 1571 von Salzburg nach Köln. Johann v. Mecheln ist aber höchst wahr¬
1672 1553 2870 1618 scheinlich der Reisebegleiter Luthers auf seiner Romreise 1511/12
1671 1593 2876 1654 gewesen, beide waren am 25. Februar vermutlich zusammen in Salz¬
1674 1632 2868 1691 burg eingetroffen. Wie nun, wenn Luther den Gefährten auch noch
1674 1678 2876 1736 nach Köln begleitet hätte? Eine sachliche Schwierigkeit für diese An¬
1674 1712 2868 1776 nahme liegt nicht vor, mit der Lutherchronologie würde sie stimmen;
1668 1764 2877 1823 wir wissen nicht, wann Luther wieder in Wittenberg war, es braucht
1671 1790 2877 1847 nicht, wie man gewöhnlich annimmt, „in den ersten Tagen des März“.
1668 1825 2880 1895 gewesen zu sein, es kann ebenso gut Mitte oder Ende März oder noch
1668 1873 2882 1927 später gewesen sein, von Luthers Tätigkeit während des ganzen Sommer¬
1671 1901 2888 1960 semesters 1512 wissen wir nichts. Er kann über Köln nach Witten¬
1670 1956 2883 2005 berg gereist sein. Ja, wenn er nicht nur bei den Vorbereitungen für
1670 1995 2879 2035 das Kölner Kapitel beteiligt, sondern auf diesem selbst — es tagte
1668 2030 2887 2089 Anfang Mai — anwesend gewesen wäre, so würden wir die bisherige
1669 2075 2878 2128 Lücke über Luthers Wirksamkeit im Sommer 1512 geschlossen hoben.
1670 2125 2884 2162 Er wäre erst etwa im Mai nach Wittenberg zurückgekehrt und hätte
2467 2144 2842 2201 Walther Köhler
1675 2149 2383 2211 sich dann auf den D. theol. vorbereitet.
1763 2191 2878 2258 Kkeine Mitteikungen. Ueber Wendts Darstellung der
1672 2241 2841 2302 christlichen Lehre folgt ein Schlußartikel in nächster Nummer.
1775 2271 2878 2343 Ein Satz in dem ersten Artikel (Nr. 28 Sp. 679) hat Wilhelm
1673 2317 2879 2376 Bornemann zu seinem heutigen Protest veranlaßt: Ist das deutsche
1678 2357 2882 2428 Christentum hoffnungsarm? Ich gestehe, daß mich da¬
1674 2405 2894 2453 mals die beanstandete Bemerkung mehr interessiert als zum Wider¬
1681 2439 2893 2506 spruch gereizt hat. So, sagte ich mir, sieht ein warmherziger Be¬
1682 2476 2886 2533 obachter das deutsche Christentum von heute. Und ich habe dabei als
1677 2514 2894 2588 selbstverständlich vorausgesetzt, daß er dabei keinen Unterschied machte
1672 2552 2890 2624 zwischen dem deutschen Christentum oder dem schweizerischen, sofern es
1683 2588 2886 2648 deutsch ist. Darin bin ich nun unsicher geworden, denn ich sage mir,
1686 2628 2893 2694 in den Kreisen der „Neuen Wege“ (vgl. 1907, 52, 1287) wird man
1685 2672 2894 2740 sich doch nicht hoffnungsarm fühlen! Nun ist die ganze Frage ebenso
1673 2714 2891 2780 zart wie wichtig. Pessimismus und Optimismus in der Feststellung
1687 2758 2896 2814 von Eindrücken sind schlechte Beurkunder von Tatsachen. Albert Lange
1679 2800 2894 2860 hat prachtvoll nachgewiesen, wie Pessimismus und Optimismus nicht
1679 2819 2891 2893 nur von unsrer Ethik abhangen, sondern auch von unsrer Aesthetik
1687 2867 2893 2928 (in seiner Geschichte des Maierialismus). Aber in meinem persön¬
1683 2902 2886 2957 lichen Empfinden stehe ich doch ganz zu Bornemann. Und nur darin
1681 2942 2885 3000 möchte ich aus meiner Erfahrung und Erinnerung Wernle recht geben,
1681 2979 2880 3038 daß die Wandlungen Naumanns, insbesondre seine Abkehr von der
1678 3028 2893 3088 Kirche und die Erziehung zur Nüchternheit vom Enthusiasmus weg,
1681 3058 2888 3118 die er sich und den Seinen zugemutet hat, in der Tat einen argen
1685 3094 2898 3165 Rückschlag in der betroffenen Generation von Theologen und Laien
1675 3157 2898 3207 zur Folge gehabt haben. Das ist ein vielleicht kleines, aber sehr charakte¬
1689 3186 2901 3236 ristisches Stück jüngster Kirchengeschichte, das uns freilich heute noch
1681 3219 2890 3276 Niemand schreiben wird, aber das in denen nachzittert, die es erlebt
1681 3261 2903 3316 haben, auf dessen Nachwirkung man im Verkehr mit Menschen unsres
1694 3293 2894 3351 Gesinnungskreifes immer wieder stößt; vielleicht wird dies Stück
1682 3329 2900 3399 Kirchengeschichte niemals geschrieben werden (denn wer will eine Ge¬
1688 3369 2901 3435 schichte der Hoffnung wagen?), vielleicht wird doch in künftigen Bio¬
1695 3406 2895 3474 graphien dazu mancher Beitrag aus Tageslicht kommen. Aber einmal
1685 3453 2899 3509 ist es eben doch nur eine kleinere Schar gewesen, die jene Krise
1691 3492 2903 3547 durchgemacht hat. Und sodann kann man weder von ihrem noch von dem
1681 3528 2890 3590 deutschen „Christentum“ überhaupt sagen, daß es seitdem hoffnungs¬
1688 3573 2900 3620 arm geworden sei. Und gerade wenn ich zurückschaue auf die ganze
1687 3606 2891 3665 Zeit in Kirche und Leben, die unsre Generation durchgemacht hat, so
1689 3638 2909 3716 muß ich trotz mancher Enttäuschungen und Irrungen (wie sollen die
1692 3710 2889 3752 ausbleiben?) mit Bornemann sagen, daß ich die Hoffnungsarmut der
1692 3730 2704 3789 deutschen protestantischen Christenheit nicht zugeben kann.
1779 3758 2906 3825 Die Verhandlungen des Evangelisch=sozialen Kongresses
1698 3827 2752 3863 in Dessau sind erschienen. Göttingen, Vandenhoeck. 2 Mk.
1693 3844 2892 3931 Verantwortlicher Herausgeber: Prof. D. Rade in Marburg i. H.
2220 3947 2351 4010 740
