3248 4352
522 69 649 149 Ne
710 76 1015 148 ins Fr
136 75 510 166 23. Der
349 91 1187 176 Leg Teie
188 1430 363 1535 Jud
357 1377 1128 1573 FEUILLETON. %
1015 1538 1097 1605 7
179 1598 1178 1698 Artur Schnitzlers „Der Weg ins
554 1662 858 1775 Sle
400 1736 963 1823 Von Dr. Fritz Loehner.
273 1800 1179 1877 Die einen nennen das neue Buch Schnitziers
192 1850 1174 1916 einen Wiener Roman. Die anderen einen Juden¬
185 1893 1178 1963 roman. Sie legen dem schönen, stillen Musenkind
190 1936 1169 1989 ein Gewand an. Und dann klagen sie, wenn die
190 1988 1178 2059 zarten Gliedmassen nicht in die schablone-starren
189 2024 1177 2077 Falten passen. Sie können es nicht begreifen, dass
181 2067 1179 2148 ein Dichter seine Gedanken nicht aus dem Zettel¬
187 2114 445 2181 kasten holt.
278 2143 1175 2228 Der Dichter aber geht mit einem miilden,
180 2203 999 2261 traurigen Lächeln seinen einsamen Weg.
277 2247 1176 2312 Als ich das parfümierte Planderchen des
184 2274 1170 2356 -Raoul Auernheimer über den „Weg ins
177 2336 1173 2399 Freie“ las, kämpfte in mir ein nagender Schmerz
188 2384 1162 2442 mit aufbrausendem Zorn. Der Gedanke, dass dieses
186 2427 1172 2492 feige, unaufrichtige Sich-Drücken, dieses absichtliche
181 2471 1171 2546 Missverstehen, dieses näseinde Begackern von
192 2515 1158 2564 dem offlziellen Wortführer des modernen Ge¬
186 2545 1162 2626 schmackes ausginge und für die breite Ober¬
179 2605 1170 2662 schichte der deutsch-österreichischen Intelligenz
178 2643 1169 2708 die Elle des Urteiles wäre, war mir unerträglich.
177 2685 1158 2753 Ich hörte fast den guten Dresdner Strumpfhändler
184 2738 1170 2815 vor der Sixtinischen Madonna sprechen: Wirklich,
179 2771 425 2847 ganz gut!
1322 66 1689 160 box 3/1
1269 1464 3151 1533 Und als in der „Arbeiter-Zeitung“ der 1 nach vielen süssen Tagen keuschen Näherns hin;
1201 1489 2180 1575 „talentierte“ Stefan Grossmann seinen
2186 1511 3043 1568 und die Liebenden schlürfen viele Stunden
1195 1543 2171 1597 heiligen, kosmopolitischen Geiler über des
2182 1553 3010 1619 lichen Lebensglückes auf den dunkelscha
1187 1581 2096 1645 Dichters reines Kunstwerk ausgoss, weil
2086 1593 2187 1666 68
2187 1593 2642 1656 Bergen, in Cem träumer
2805 1607 2988 1667 mmer, in
1193 1630 2169 1689 Schnitzler gewagt hat, seine jüdische Seele und
2184 1633 2650 1699 Orgelklang von derbe
2858 1650 2977 1709 Kirch
1190 1668 2168 1725 sein liebevolles Erkennen des eigenen Volkes wie
2185 1679 2650 1744 einen dichten Schneev
2852 1696 3014 1755 dämpst
1198 1720 2179 1787 ein erwärmendes Feuer durch das Werk leuchten
2189 1716 2652 1805 hallt, in den sonnigen
2903 1733 3044 1806 Südens,
1188 1771 2188 1815 zu lassen, da erschaute ich mit entsetztem Auge 1
2177 1772 2684 1837 der süsse Hauch der
2843 1780 2947 1833 wvellt.
1194 1808 2172 1880 den trostlosen Tielsland dieser kulturgetünchten
2178 1810 2707 1882 Annas Leib saugt den Rei
2828 1801 2993 1886 Lebens
1185 1851 2007 1919 Gilde vom progran matischen Idealismus.
2179 1861 2717 1916 In einem friedlichen Städtel
2824 1869 2994 1927 ei Wien
1268 1891 2171 1958 Angrillspunkte hatten sie alle. Es gibt kaum
2174 1916 2976 1969 ein wunderschönes, tôtes Kind zur W
1185 1918 2171 2008 ein bedeutsameres Werk der jüngsten Zeit, in
2180 1945 2982 2017 nun lösen sich die heimlichen Seelenfä
1186 1979 2169 2044 welchem der Schöpfer so souverän sich über alle
2181 1989 2986 2062 zuckendem Schmerz aber unaufhaltsam, ür
1182 2018 2175 2105 Forderungen des Lesepöbels hinweggeselzt hätte.
2174 2042 3022 2110 geht über die Leiche seiner Liebe unde das
1266 2074 2170 2149 Kein dämonisches Weib führt den erblassenden
2176 2082 3037 2166 seines wunderschönen Kindes den Weg
2179 2121 2323 2188 Freie.
1177 2131 2165 2177 Leser durch den Sumpf, kein Weltdetektiv ent¬
1181 2165 2150 2235 hüllt das Verbrechen der Verbrechen, keine Hlam¬
2257 2150 3059 2240 Das ist alles. Der ganze Inhalt eines gros
1183 2212 2164 2286 mende Anklage gegen die morsche Gesellschafts¬
2178 2218 3068 2284 ergreifenden Werkes, das uns in Herz undiSe
1179 2260 2162 2318 ordnung erquickt den satten Grosshändler — wie
2174 2253 3056 2329 verweilt, unsere Gedanken aus dem grauen
1185 2309 2163 2361 ein ruhiger, träumerischer Waldbach strömt die
2174 2297 3059 2371 tag in träumerische Fernen hebt; das wa
1183 2349 2166 2420 Handlung durch den dämmernden Abendfrieden
2171 2353 3097 2421 blühende, verwelkende, herrliche und tieftraurig
1176 2389 1702 2454 abgeklärter Kunst dahin.
2172 2394 3155 2459 Leben, wie es sich in der ruhigen, klaren Seele
2170 2430 2648 2500 eines Dichters spiegelt.
1261 2434 2153 2498 Sind lauter Menschen mit ein wenig Güte,
1180 2467 2164 2544 ein wenig Schlechtigkeit, mit mehr oder weniger
2249 2470 3153 2562 Und ringsumher um die zwei jungen, schönen
1177 2519 2156 2598 Geist und Kultur, die nebeneinander und fast gar
2172 2531 3152 2610 Menschenkinder wandeln gleich einem seltsamen
1175 2560 2151 2626 nie gegeneinander gehen — wie im wirklichen
2168 2587 3151 2650 Orchester-Ornament um eine feine, innig-tiefe Me¬
1177 2601 1822 2662 Leben; wo bleibt der „Roman“:
2177 2615 3144 2686 lodie, ein Dutzend Menschen, die einander merk¬
1259 2638 2155 2730 Herr Georg Freiherr von Wergenthin liebt
2168 2671 3138 2743 würdig ähnlich sehen. Männer und Weiber,
1177 2694 2158 2758 die milde Anna Rosner, eine schlanke Gesangs¬
2164 2720 3145 2780 Mädchen und Jünglinge. Bis auf die Familie
1169 2748 2152 2798 lehrerin aus bürgerlich-arischem Haus; sie gibt
2159 2757 3144 2821 Rosner, die nur mit leichten Konturstrichen ge¬
1180 2790 3139 2879 sich dem vornehmen, schönheit-trunkenen Kavalier I zeichnet auf der Bildlläche erscheint, mehr aus¬
