3248 4192
744 247 863 314 in
924 244 1031 314 Fr
163 240 625 325 23. Der N
365 239 1686 355 sie box 3/1
350 1133 1248 1199 Literaten, Politiker, Musiker und wieder Juden
357 1183 1235 1252 und Aristokraten — niemals kennen gelernt
346 1226 1237 1282 haben, werden sich in diesem neuen Werke
351 1263 962 1335 Schnitzlers zurechtfinden können.
406 1309 1236 1383 Freilich, der Held des Romans, ein kompo¬
350 1368 1234 1435 nierender Aristokrat, der sich in ein „Bürger¬
349 1410 1227 1462 mädel“ verliebt, es verführt, und der, als das
346 1457 1227 1517 Kind der beiden tot zur Welt kommt, gleich¬
357 1498 1229 1563 sam die innere Freiheit wiederfindet, ist ein
352 1541 1230 1599 Dutzendtypus, wie wir ihm schon unzählige
338 1586 1238 1640 Male begegnet sind. Aber die meisterliche Art,
356 1636 1232 1694 wie Schnitzler ihn charakterisiert, die köstliche
347 1668 1235 1741 „Lebendigkeit, wie er die Gesellschaft, in der
366 1710 1270 1777 as Pärchen lebt, herausschält und selbst di###
361 1748 1278 1822 inbedeutendste Männlein zu einer Vollfigur#ls
357 1801 1217 1860 nacht, deren Schicksale wir mitfühlen können:
351 1841 1224 1904 as ist das Unerhört=Künstlerische an diesem
353 1882 1219 1937 Buche. Gegensätze platzen auf Gegensätze: der
342 1928 1216 1987 musizierende Aristokrat, der trotz mancher Rasse¬
342 1977 1219 2033 bedenken doch immer wieder an den intelli¬
1211 2011 1281 2073 91
343 2018 1220 2083 genten schriftstellernden Juden und den ele¬
342 2056 1291 2114 ganten Salons jüdischer Finanziers Gefallen spl
1225 2104 1293 2142 10
346 2095 1211 2156 findet, dann der Jude wieder, der hier vor
337 2142 1213 2199 dem Aristokraten brillieren will, der Zionist,
334 2185 1214 2249 der enthusiastisch und ernst zugleich seine Idee
345 2228 1215 2282 verficht, während die eigene Schwester Sozia¬
342 2276 1207 2343 listin schwersten Kalibers ist, der Journalist,
342 2320 1218 2368 der, vielleicht zum großen Dichter geboren, der
335 2362 1218 2422 Alltagssorgen halber der Poesie entfremdet
320 2399 1208 2464 wird, das hysterische Mädchen, das bei den
324 2440 1207 2508 („Jours“ seinen Träumen nachjagt, der Börsianer,
331 2477 1217 2552 der Hofrat, der Reserveleutnant ... Lauter
337 2522 1219 2596 Menschen, die den Weg ins Freie suchen und
328 2573 1219 2645 die in einer Gesellschaft verkehren, in einer
374 2636 907 2709 *) Verlag S. Fischer, Berlin.
330 2760 1216 2829 Gesellschaft sich austoben. Und so wie die
337 2813 1217 2881 Gesellschaft ist, die Arthur Schnitzler zeichnet,
324 2855 1215 2918 gibt es hundert in Wien, Hunderte, Tausende.
378 2898 1216 2965 Mitten in dieser Atmosphäre verzärtelter und
327 2930 1254 3023 erstarrter und leidenschaftlicher Gesellschafts¬
324 2992 1283 3069 menschen baut Georg von Wergenthin, der kom¬
331 3038 1213 3101 ponierende Held des Romans, seine große Liebe
336 3072 1209 3143 zu Anna auf. Durch verstaubte, verschwiegene
334 3114 1212 3182 Straßen wandern sie, von ihrem Glücke
437 3190 1217 3305 1n nonior pitl desgen enee
416 3335 1260 3410 8086 688 #e1 usemiung-nondajo1. —
992 3406 1037 3485 7
325 3446 1347 3541 6 22 “9“ osspbuepjag IIA Juale1
333 3555 1348 3659 ·092 elieu9 Sog- HijehpM d A
784 3637 882 3686 MieA
329 3679 1341 3769 sppssosbneifisg - Snfog pun =elPphid
2176 611 3211 701 Ein Wiener Bildungsroman.die scheinbar
2981 675 3221 740 Worte hinüb
1960 691 2971 766 Der Weg ins Freie. Roman von Artur Schnitzler. Berlin,
2991 722 3224 776 Augen zuzwi
2291 728 2665 794 S. Fischers Verlag, 1908
2981 760 3217 818 Strebertum
2070 783 2975 845 Oft genug mußte sich Schnitzler vorwerfen lassen,
2974 804 3221 861 Derselbe Par
1967 819 2975 868 daß er nichts als erotische Geschichten zu erzählen verstehe.
2989 845 3215 899 Brandrede hä
1960 852 2969 922 Wie ein ewiger Jüngling, der mit seinen Weibergeschichten
2988 884 3220 939 Parlamentsko
1969 905 2968 964 nie fertig werden könne, ist er vielen erschienen. Nun hat
2983 926 3210 980 Charaktere,
1961 943 2976 989 er die Bildungsgeschichte eines Jünglings in der Zeit
2992 969 3214 1024 können, am
1962 988 2972 1038 seines Ueberganges zur reifen Männlichkeit erzählt, und
2994 1010 3215 1065 Antisemiten
1958 1029 2981 1069 wenn man auch nicht schlankweg mit allem einverstanden!
2993 1052 3222 1107 fortwährender
1961 1066 2973 1129 sein kann, was dieser Roman bietet, so enthält er doch
2988 1094 3220 1152 In andern, h
1962 1113 2968 1167 so viele gute Gedanken, so viele schöne Bilder, so viele frisch
2981 1112 3202 1190 Trotz, der
1969 1154 2972 1211 und unmittelbar aus dem Leben heraus gegriffene Gestalten,
2989 1172 3219 1226 treibt... Die
1959 1192 2969 1245 daß man den „Weg ins Freic“ als seine wertvollste
2984 1214 3228 1273 bietet Schnitz
1958 1226 2905 1299 Schöpfung auf erzählendem Gebiete bezeichnen muß.
2985 1259 3211 1310 analyse, die
2066 1273 2967 1335 Im Mittelpunkt des Romans steht der junge Baron
2980 1297 3232 1356 Unbefangenhe
1960 1322 2967 1369 Georg Wergenthin; ein netter Mann von ungefähr fünf¬
2976 1340 3217 1396 wir an ihm
1965 1357 2972 1412 undzwanzig Jahren, aus guter Familie, wohlhabend, doch
2980 1379 3224 1436 Parteien.
1964 1401 2966 1451 nicht reich. Von seinem hochgebildeten Vater, einem Ge¬
2981 1422 3226 1475 sind ganz me
1959 1441 2972 1509 lehrten ohne Amt — er war Präsident der Botanischen
2983 1461 3228 1528 die Männer n
1965 1479 2969 1542 Gesellschaft — hat Georg eine sorgfältige Erziehung
2976 1502 3193 1558 die armen.
1958 1513 2976 1575 erhalten. Sein älterer Bruder Felician widmet sich dem
2985 1546 3221 1600 alten Doktor
1966 1565 2970 1608 diplomatischen Dienst, Georg hat Begabung für Musik.
2987 1582 3222 1643 Georg wegen
1960 1595 2968 1669 Mit einigen Liedern hat er schon gute Hoffnungen geweckt;
2977 1624 3227 1684 lichkeit gründ
1965 1647 2967 1707 er spielt gut Klavier, komponiert ein Quintett, plant eine
1987 1685 2019 1710 —
2982 1667 3219 1728 gezeichnet zu
1966 1691 2965 1749 Oper und befindet sich zu der Zeit, da wir ihn kennen
2983 1710 3225 1772 dichterischer 9
1966 1727 2970 1794 lernen, kurz nach dem Tode seines Vaters, in einem
3072 1755 3216 1816 Georg
1965 1780 2972 1829 Zustande innerer Gärung. Er muß nun doch datan
2985 1791 3216 1856 Mädchen zu
1959 1815 2967 1869 denken, einen brotbringenden Beruf zu ergreifen, nicht
2973 1843 3223 1897 sie liebt. Aber
1961 1849 2971 1904 bloß zu träumen und zu genießen, sondern auch zu
2981 1883 3216 1944 und ist ehesch
1957 1900 2970 1955 arbeiten. Auch sein sittliches Wesen ist noch lange nicht
2979 1924 3230 1977 Anna ist aber
1959 1940 2974 1998 gefestigi, er hat noch keine bestimmten Ueberzeugungen,
2980 1969 3231 2028 einer Ehe zu
1959 1983 2972 2036 er ist ein Werdender und Suchender. Seine Herkunft und
2979 2004 3227 2065 ausdrücklich v
1953 2026 2970 2079 liebenswürdige Persönlichkeit öffnen ihm alle Türen der
2982 2046 3221 2108 hat sie sich be
1961 2062 2973 2114 Gesellschaft, aber er bewegt sich mit Vorliebe in den
2975 2091 3229 2152 scheiden, ihren
1954 2097 2958 2165 Kreisen junger Schöngeister, Dichter, Schausp’ ler, Jour¬
2968 2130 3221 2189 heiratet zu we
1958 2153 2962 2210 netisten. Dadurch gerät er auch in jene jüdischen Familien,
2969 2171 3220 2228 Welt kommt,
1963 2193 2966 2237 dehen diese jungen Leute vielfach angehören. Die
2973 2215 3229 2275 enthoben, sein
1960 2212 2959 2278 Charakteristik dieser Jugend und solcher Familien füllt
2982 2253 3231 2317 auch eine au
1958 2271 2962 2329 die erste, größere Hälfte des Romans fast ausschließlich
2976 2297 3229 2355 einem kleinen
1957 2312 2959 2373 aus; die zweite Hälfte ist der breiten Schilderung des
2974 2332 3231 2396 seinem naive
1950 2357 2966 2404 Verhältnisses Georgs zur schönen Anna Rosner gewidmet,
2972 2381 3213 2435 Liebelei von
1954 2385 2961 2470 die er in diesen Kreisen kennen gelernt und in „interessanie
2965 2421 3226 2487 auf das Ver
1962 2432 2376 2499 Umstände“ versetzt hat.
2983 2460 3194 2515 „Weg ins
2062 2456 2960 2539 Jene erste Hälfte nun ist der weilaus merkwürdigete
2972 2505 3230 2558 demütigt und
1959 2523 2960 2575 Teil des Romans, und es ist nicht einzusehen, warum
2971 2546 3208 2600 wird sie im
1951 2568 2963 2621 man darüber, wie es schon geschehen ist, mit diplomatischem
2969 2578 3217 2651 lehrerin oder
1954 2605 2959 2656 Schweigen hinweggleiten soll. Charakteristisch für
3069 2626 3221 2682 Diesem
1957 2648 2964 2697 Schnitzler war immer seine Neigung, just von dorther seine
2981 2669 3222 2723 von der verfü
1956 2687 2958 2740 Stoffe zu holen, wo es galt, herrschenden Vorurteilen
2982 2709 3225 2763 Raum gewidn
1960 2728 2960 2783 oder auch Unsitten entgegenzutreten. Er ist keineswegs bloß
2971 2750 3221 2805 Schwäche sein
1951 2763 2957 2814 Erotiker, sondern auch Satiriker. Seiner Zeit will er
2966 2793 3227 2853 Roman Mode
1950 2804 2957 2851 immer einen Spiegel vorhalten. Von einem edlen Dichter
2969 2834 3221 2887 zuspinnen. Gi
1957 2846 2952 2899 in seinem Romane sagt er: „Ueber jene lügendumpfe Welt,
2970 2874 3223 2928 spiele voran,
1955 2883 2958 2943 in der erwachsene Menschen für reif, altgewordene für er¬
2975 2916 3198 2970 Handlung zu
1957 2921 2961 2981 fahren und Leute, die sich gegen kein geschriebenes Gesetz
2973 2942 3192 3011 glänzende
1950 2976 2963 3023 vergingen, als ehrlich, in der Freiheitsliebe, Humanitäts
1948 2996 3209 3062 und Patriotismus schlechtweg als Tugenden galten, auch Praxis nicht
1958 3046 3219 3094 wenn sie dem faulen Boden der Gedankenlosigkeit oder der solche Bücher
2967 3076 3227 3134 gestalten= und
1959 3092 2964 3145 Feigheit entsproßt waren, hatte Nürnberger grimmige
2970 3114 3222 3181 wenn ihm nic
1949 3133 2958 3186 Lichter angezündet.“ Dies gilt auch wohl von Schnitzlers
2968 3160 3215 3215 karge Form
1957 3176 2959 3229 eigenen Dichtungen; nur waren die Lichter, die er an¬
2967 3202 3194 3252 Nur eines n
1963 3208 2958 3263 gezündet, nicht immer „grimmig“. Sein Pathos — nach
2976 3242 3223 3299 die vielen Bil
1952 3249 2952 3299 Ibsens Vorbild das Pathos der Entrüstung — hat er
2979 3281 3209 3335 und in den
1954 3284 2959 3336 doch im Ausdruck gedämpft, mit Ironie, mit Humor, mit
2969 3317 3219 3384 ein schönes P
1952 3333 2951 3390 Sarkasmus. Mit diesem Pathos in allen Abstufungen hat
2969 3358 3206 3421 wäre es nur
1950 3371 2958 3423 er auch den vorliegenden Roman geschrieben, und er ver¬
2969 3401 3232 3460 Nie hat er sei
1947 3410 2967 3451 birgt es gern hinter der Sachlichkeit des Erzählers, der
1952 3453 3213 3500 scheinbar nur mitteilt, was seine Gestalten gesehen, getan, wie hier, wo
1951 3488 2970 3554 geurteilt, gefühlt haben. So schildert er die jüdische Ge¬
1944 3528 2962 3583 sellschaft in Wien nicht unmittelbar, sondern wie sie sein
1949 3576 2966 3622 junger Baron Georg Wergenthin empfindet, der sich vor¬
1950 3616 2965 3664 urteilsfrei in ihr bewegt und unbefangen über sie urteilt.
1950 3655 2800 3712 Ein höchst fruchtbarer Kunstgriff des Erzählers.
