3296 4064
1916 232 1962 311 6
899 40 1188 108 Freie
1366 40 1716 120 box 3/5
188 41 899 109 23. Der Neg ins
1944 336 3077 409 ist recht bemerkenswert, wie in dieser Novelle die Entwick¬
747 351 1882 420 österreichischer Erzählung, daß sie nie den Zusammenhang
1951 392 3067 451 lung in ihrem eigentlichen Wesen anschaulich wird, das
753 410 1888 458 mit dem Boden vollkommen verliert: die Jugendeindrücke,
2942 431 3066 486 Das
1954 439 2943 478 igentliche Reisen, Durchmachen, Hintersichbringen.
756 445 1883 501 stärker und herrschgewaltiger, weil vereinzelter, ein¬
2908 470 3075 523 Auch in
1942 474 2909 516 ist eine seltene, psychologisch bedeutsame Kunst.
754 469 1879 536 gedrungen in die Psyche, haften tiefer und wirken nach¬
1953 508 3080 554 Einzelpartien offenbart Biberich viel Geist, und graziöse
762 519 1888 578 haltiger als bei uns, wo einer den anderen übertönt.
1944 550 3079 597 Seelenschilderung in Antithesen und Schlagworten ist sein
767 552 1882 615 Rosegger etwa greift immer wieder auf die Land¬
1943 588 3074 633 eigentliches Feld. Woyl ist er ohne Schnitzler kaum denk¬
763 590 1897 655 zustände seiner Heimat zurück; sein neuestes Buch schildert
1944 626 3069 671 bar, wohl fehlt ihm wiederum noch Schnitzlers tiefes
763 631 1888 693 zwei Provinziungens, die zum Studium kommen. Einer
1951 668 3073 715 Schweigen, sein unterseelischer Akkord, sein „weites Land“,
761 678 1886 731 wird Naturwissenschafter, Materialist, Aufklärer; der
1941 697 3076 754 aber er hat doch auch eigenes Licht, und er weiß es zu ge¬
763 708 1888 764 andere Pfarrer. Jener verführt ein Mädchen, wird da¬
2792 738 3030 805 (Schluß folgt)
1945 744 2127 805 brauchen.
766 749 1901 803 durch unglücklich und findet die Verführte erst nach langem
762 786 1887 841 Suchen, gerettet durch die klaglose Güte des Pfarrers, der
2482 797 2546 856 X.-
770 826 1888 881 um ihretwillen viel Bitterkeit erduldet hat. Das Ganze
766 858 1894 918 könnte wie eine Verherrlichung des Katholizismus aus¬
774 898 1899 964 sehen, zumal es dem „Modernen“ recht jämmerlich schlecht
2332 903 2683 985 Bücherschau
764 947 1896 1000 geht, er sich aufgelegt läppisch benimmt und oft mit Ironie
764 983 1889 1033 dargestellt wird. Im Grunde aber will Rosegger nur die
1951 970 3085 1041 Mathematische Bibliothek. Herausgegeben von W. Lietzmann
1981 1033 2320 1075 und A. Witting.
768 1018 1891 1080 siegende Macht der Güte, des Verstehens und Verzeihens
2026 1054 3082 1104 Den populären Sammlungen für biologische Wissenschaft
762 1057 1887 1120 gestalten, die ja nicht ohne weiteres als katholische Sonder
1955 1096 3089 1143 stellt sich diese mathematische Bibliothek — eine längst von vielen
776 1096 1895 1151 eigenschaft gelten darf. Sehr bedeutsam ist das Werk in¬
1954 1135 3076 1174 gefühlte Notwendigkeit — zur Seite. Die Sammlung, die in
775 1140 1903 1192 sofern, als es die Elemente österreichischen Lebens sozusagen
1959 1165 3070 1208 einzeln käuflichen Bändchen (zum Preise von 80 J) in zwang
768 1170 1900 1228 recht nacht, in Werdedentlichkeit zeigt. Rosegger hatte als
1969 1204 3077 1245 oser Folge herausgegeben wird, bezweckt, allen denen, die
768 1211 1894 1272 Landkind eine gewisse Kultursehnsucht und Beharrung zu¬
1952 1230 3088 1273 Interesse an der Mathematik im weitesten Sinne des Wortes
765 1244 1900 1314 gleich. Er strebt in diesem Buch sichtlich nach Ausein¬
1967 1264 3082 1307 aben, es in angenehmer Form zu ermöglichen, sich über das
772 1283 1897 1343 andersetzung mit den Kulturproblemen. Es ist mir per¬
1955 1301 3077 1342 gemeinhin in den Schulen Gebotene hinaus zu belehren und zu
1952 1335 3081 1383 unterrichten. Die bisher herausgegebenen drei Bändchen lassen
770 1332 1905 1385 sönlich nun leider ziemlich unzweifelhaft, daß ihm eine
1962 1370 3079 1411 erkennen, daß das erstrebte Ziel erreicht worden ist. In dem
771 1368 1897 1421 wirkliche Ernberung der jungen Kultur nicht gelungen ist.
1962 1401 3084 1450 ersten Bändchen behandelt E. Löffler die Ziffern und
772 1401 1901 1465 Er ist gescheitert, nicht als Dichter, aber als Denker. Das
1952 1434 3078 1477 Ziffernsysteme der Kulturvölker in alter und
769 1442 1902 1497 nämlich haben viele der strebenden Österreicher nicht be¬
1954 1470 3088 1507 nener Zeit, und liefert damit eine Arbeit, die auf dem
784 1484 1902 1536 dacht, daß die Eroberung der Kultur vor allem eine ge¬
1955 1506 3086 1541 Grenzgebiete zwischen Mathematik und Philologie stehend, der
771 1519 1899 1575 waltige geistige Anstreugung voraussetzt; das Suchen allein
1970 1538 3089 1585 Beachtung aller Gebildeten wert ist. An zahlreichen Beispielen
777 1558 1899 1613 tut es nicht und das Spiel mit den Schätzen. Roseggers
1961 1568 3086 1612 wird die Entwicklung der Zahlen und Ziffern bei allen Kultur¬
1972 1601 3085 1645 hölkern gezeigt und damit ein wertvoller Beitrag zur Kultur¬
777 1595 1900 1662 neues Buch macht einen hilflosen Eindruck; dieser Kampf
1969 1635 3086 1681 eschichte der Menschheit gegeben. H. Wieleitner behandelt
776 1631 1902 1694 gegen den Materialismus und das ethische Draufgänger¬
1969 1670 3089 1718 m zweiten Bändchen der Sammlung den Begriff der Zahl
777 1668 1912 1733 tum hinkt nicht nur nach und wird nicht nur etwas inserior
2049 1701 3092 1742 einer logischen und historischen Entwicklung. Von den
1968 1710 2029 1750 n
783 1718 1912 1770 geführt, sondern vor allem ist das Buch überhaupt nicht
1971 1735 3093 1780 natürlichen Zahlen und der Null ausgehend gelangt die äußerst
783 1749 1908 1807 dichterisch gestaltet, sondern künstlich zusammengesetzt; und
1973 1779 3090 1820 eschickt geschriebene Darstellung zu den negativen Zahlen, den
784 1787 1903 1849 so zeigt sich, daß eine innere Verarbeitung des Stoffes, die
1972 1809 3086 1846 Brüchen, den Irrationalzahlen und endlich zu den imaginären
784 1827 1901 1887 allein erst diese ironische Behandlung rechtfertigen würde,
1960 1840 3086 1879 Zahlen. Parallel mit der Schilderung der logischen Weiter¬
1969 1877 3085 1914 bildung des Zahlbegriffs läuft eine Darstellung der historischen
777 1867 1902 1927 gar nicht gelungen ist; die „beiden Häuse“ erinnern an eins
1963 1910 3095 1946 Entwicklung. So ist eine Arbeit entstanden, die namentlich den
778 1902 1904 1960 der ganz wenigen nicht=erfreulichen Bücher von Marie
1965 1941 3092 1979 Schülern höherer Lehranstalten eine gute Zusammenstellung und
782 1943 1905 1997 v. Ebner=Eschenbach, „Vertram Vogelweid“ das auch die
1967 1973 3099 2014 wertvolle Ergänzung ihres Wissens bietet. W. Liotzmann
792 1983 1905 2043 Moderne betraf und auch nicht tief ging, obwohl es mehr
1965 2010 3070 2049 will in seinem Bändchen: Der Pythagoreische Lehrsatz
789 2023 1905 2078 geistige Beherrschung aufwies als dieses. — Näher als
1967 2045 3091 2087 mit einem Ausblick auf das Fermatsche Problem,
794 2063 1902 2111 irgendwo am Zentrum der erstrebten Kultur fühlt sich der
1974 2077 3097 2119 in diesem historisch und unterrichtlich bedeutsamen Beispiel in
1965 2101 3089 2153 ganz elementarer Weise zeigen, wie mannigfache Beziehungen
790 2095 1914 2152 Österreicher in Wien. Und mit Recht. Die eigentlich Über¬
1973 2143 3090 2186 zwischen den verschiedenen Gebieten der Mathematik bestehen,
794 2137 1914 2190 legenen jene österreichischen Dichter, welche aus dem
1973 2176 3096 2215 wie die mathematischen Tatsachen ein Netz bilden, nicht eine
788 2171 1910 2230 Stadium der Sehnsucht heraus in das des Besitzes ge¬
1971 2201 3084 2246 Kette. Schon aus diesen drei Bändchen ersieht man, daß die
790 2211 1906 2268 langten oder von früh auf im Besitz waren, trugen wohl
1968 2237 3094 2279 Sammlung teils eine Vertiefung und eingehendere Bearbeitung
784 2249 1916 2312 alle stark Wiener Prägung. Wir denken an Saar, Frau
1971 2274 3100 2317 solcher elementarer Probleme bezweckt, die allgemeinere kulturelle
797 2286 1915 2342 d. Ebner=Eschenbach, Schnitzler, Schankal, den reisen
1978 2310 3100 2349 Bedeutung oder besonderes mathematisches Gewicht haben, teils
793 2326 1911 2383 Bartsch. Hohe dichterische Potenz nur aus provinziellem
1969 2345 3096 2385 Dinge behandelt, die den Leser — ohne zu große Anforderungen
1976 2380 3093 2421 an seine mathematischen Kenntnisse zu stellen — in neue Gebiete
787 2364 1918 2422 Dasein kenne ich nur bei Albert v. Trentini, der freilich der
1971 2408 3105 2451 der Mathematik einführen. Die Bändchen regen allenthalben
788 2401 1909 2460 italienischen Tradition nahezustehen scheint. Durch Wiens
1966 2441 3097 2488 zu eigenem Nachdenken an und sind überdies in einem so an¬
791 2442 1913 2499 läuterndes, erschütterndes, aufwühlendes, ordnendes Leben
1965 2476 3105 2517 genehmen Plaudertone geschrieben, daß man ihnen den Ernst,
795 2483 1912 2543 also geht der junge Österreicher hindurch; und nichts ist
1974 2510 3097 2551 der dahinter steht, gar nicht anmerkt. Wir können diese drei
795 2525 1912 2575 natürlicher, als daß sich diese programmatische Ausein¬
3033 2538 3099 2582 Sie
1968 2549 3025 2590 Bändchen angelegentlich den weitesten Kreisen empfehlen.
791 2559 1913 2615 andersetzung auch in Büchern widerspiegelt. Heuer legt
1985 2577 3108 2620 ieten den Schülern höherer Lehranstalten einen längst ent¬
792 2601 1921 2647 Adam Müller= Gutenbrunn Novellen vor, die einzelne
1977 2604 3096 2649 behrten Lesestoff, der nicht nur fesselt, sondern auch
2287 2624 3102 2681 sind aber auch weiterhin für das breitere
796 2634 1915 2689 Wiener Stoffe nicht ohne jene Eleganz abgerundeter
1983 2644 2281 2686 ördert; sie
1975 2681 3097 2721 Publikum bestimmt. Es ist hohe Zeit, daß man von der Mathe¬
787 2676 1915 2731 Formen behandeln, welche wir von Bahr, Salten und selbst
1980 2706 3099 2752 matik im Publikum nicht nur mit Schen — in diesem oder
799 2704 1917 2766 von einem so uuliterarischen Talent wie Karl Adolph her
2206 2739 3105 2773 — spricht, sondern, daß man Gelegenheit erhält,
1983 2741 2208 2786 enem Sinne
792 2754 1920 2802 kennen. Es sind gestaltlich einige alte Bekannte vertreten:
1989 2776 3096 2821 ich über das Wesen der Mathematik nach und nach ein klein
795 2786 1916 2842 die Vorstadtfrau, die bescheiden aufgewachsen ist und etwas
1976 2809 3105 2852 wenig zu unterrichten. Das geht alle an, die auf den Namen
794 2823 1921 2883 spät ihre Schönheit und Lebenslust entdeckt, der hofrätliche
1974 2844 3107 2883 eines Gebildeten Ansoruch machen. Mögen die weiter in Aus¬
800 2867 1913 2919 Buratheaterhabitué, das jungwiener Mädchen modernsten
1988 2876 3099 2918 icht genommenen Bändchen, deren Titel und Verfasser viel ver¬
1985 2903 3099 2957 sprechen, in gleich glücklicher Weise das Nützliche mit dem An¬
799 2908 1916 2957 Strebens und traditioneller Herzenswünsche. Wer also
1975 2934 3064 2993 genehmen zu verbinden verstehen, wie die obengenannten. C. J.
794 2937 1915 2996 das literarische Porträt Wiens, das man sich aus den
795 2975 1923 3033 Büchern Hausers, Harts, Stifters, Saars, Marie von
794 3011 1925 3078 Ebner=Eschenbachs, Schnitzlers, Lux', Deeseys, Bahrs,
3040 3043 3097 3085 vol
1977 3030 3007 3097 Aus'n erzgebirgschen Hutzuschtüb'l. Lustige Erzählungen
807 3054 1923 3111 ein paar Einzelzüge bereichern will, greife zu. Gereifte
2006 3086 3107 3132 Robert Müller=Marbach (Flöhatal). Zweite Auflage.
807 3104 1921 3150 Dichteng freilich findet man einstweilen hier nicht. Müller¬
2012 3124 2929 3161 Chemnitz 1911. H. Thümmlers Verlag. 141 Seiten.
801 3128 1921 3195 Gulenbrunn hat durchaus nicht die Überlegenheit und noch
2050 3150 3100 3194 Die erste Auflage dieser Sammlung von Geschichten in erz¬
794 3165 1918 3229 weniger den tiefen Blick, der solche verbürgen würde. Viel
1992 3180 3065 3229 jebirgischer Mundart haben wir in dieser Beilage 1910 Nr.
1989 3219 3102 3265 S. 24 besprochen und empfohlen. Der etwas größere Umfang
799 3207 1927 3266 mehr davon hat Gustav Biberich, dessen kleine Wiener
1984 3255 3100 3297 erklärt sich nicht durch eine Vermehrung des Stoffes, sondern
801 3252 1917 3303 Novelle ein recht wohlgeratenes Kunstwerk ist. Der In¬
1986 3277 3111 3328 durch die Beigabe von Bildern, einfachen Holzschnitten, die die
799 3284 1919 3343 halt ist nicht aufregend: ein Student gerät in die Gesell¬
1986 3316 3106 3362 örtlichen Verhältnisse recht gut wiedergeben, unter denen die
807 3327 1917 3382 schaft einer sehr geistreichen, freisinnigen Frau und ihrer
1990 3352 3107 3399 Vorgänge spielen. Die von uns geäußerten Wünsche sind leider
809 3363 1929 3428 Töchter; schier aus Versehen gerät er mit der Mutter in
1989 3382 3108 3430 nicht genügend berücksichtigt, namentlich ist die Schreibung der
1984 3416 3109 3467 Wörter noch nicht nach den angegebenen Grundsätzen durch¬
796 3410 1926 3471 ein intimes Verhältnis und kehrt dann rasch und plötzlich
1989 3456 3105 3504 geführt; immer noch ohne Erklärung blieb Zaang S. 31, ge¬
798 3459 1923 3510 in sein ärmlicheres Budendasein zurück. Um eine Drehung
2969 3478 3085 3523 C. M.
1991 3488 2282 3536 radelt S. 79 usw.
806 3492 1928 3558 höher ist er „auf der Spirale“ des Lebens angelangt. Es
1795 3547 2998 3603 Buchdruckerei der Dr. Güntz'schen Stiftung vormals E. Blochmann & Sohn in Dresden
925 3562 1578 3614 Verlag des K. S. Adreß=Comptoirs in Dresden
