3296 4192
773 184 1171 263 ins Frei
189 181 693 290 23. Der Ne
406 178 1759 311 Derneg ans Aieie box 3/1
2187 1083 3160 1178 ganz ihrer Sinnlichkeit hingegebenen Wiener
264 1090 2192 1202 gen in Konzinktwe eingeklemmt sind, was ihre Verhältnis mit einem anständigen Mädchen, geht
2191 1154 3153 1226 Frauen. Und über diesem Beisammensein, über
1219 1173 2196 1242 mit seiner Geliebten auf Reisen, weil sie guter
272 1168 1242 1243 Schlagkraft mindert und ihre Lebendigkeit um¬
2193 1199 3144 1273 diesem Miteinanderplaudern schwebt der feine
1231 1204 2197 1286 Hoffnung ist und diesen Zustand verbergen muß.
267 1230 1230 1293 schleiert. Zuletzt aber sind die wienerischen
2195 1251 3146 1328 Duft Schnitzlerscher Dialogkunst, der Charme
1231 1266 2194 1330 Kehrt dann mit ihr zurück und versteckt die
272 1288 1233 1350 Meinungen, Gespräche und Betrachtungen doch
2201 1305 3149 1390 Schnitzlerscher Leichtigkeit, die Anmut seines
1227 1323 2193 1383 junge Mutter draußen am Saum der Stadt, im
274 1319 1229 1385 nicht das Wesentlichste an diesem Werk, sondern
2184 1353 2436 1436 Tiefsinns.
1224 1364 2197 1428 Wienerwald, in einer einsamen Villa. Das Kind
274 1371 1236 1433 es ist die Geschichte, die da erzählt wird; diese
1230 1420 2207 1479 stirbt bei der Geburt, und an dem Tod des
2235 1398 3153 1484 Da sind die bedeutenden Momente des Buches:
266 1423 1236 1500 höchst einfache und dabei in sich selbst so unend¬
1233 1464 2199 1532 herbeigesehnten, vielleicht nicht genug herbei¬
2189 1461 3151 1545 Wenn Georg in Florenz nach langen Jahren
272 1477 1231 1530 lich komplizierte Geschichte. Ein junger Mann
1235 1500 2197 1577 gesehnten Kindes stirbt die Liebe dieser Zwei.
2192 1500 3143 1578 das Zimmer betritt, in dem seine Mutter starb.
268 1522 1237 1584 schreitet durch die Erlebnisse seiner Jugend hin¬
1225 1560 2202 1621 Dies alles ist sehr einfach und geschieht in der
2185 1575 3147 1642 Wenn er alles im Geist genau vor sich sieht, sein
279 1573 1234 1632 durch, lernt sich selbst kennen, lernt seinen Be¬
1223 1595 2199 1677 Wirklichkeit alle Tage. Aber in dem Buche wirkt
2195 1610 3154 1676 Erinnern so scharf und hell wird, als sei es erst
270 1618 1233 1676 ruf erkennen, wird mit Freunden und Kamera¬
1242 1645 2207 1726 es, als ob es überhaupt zum erstenmal geschehen
2197 1659 3159 1726 vor einer Stunde geschehen, daß die blaße Frau
276 1656 1238 1731 den verknüpft, in ihre Abenteuer und Schicksale
1227 1708 2196 1776 würde; und alles ist neu, ist so angeschaut, wie
2201 1710 3159 1779 hier auf dem Bette lag, daß er da im Zimmer
274 1715 1240 1797 verwickelt, nimmt Anteil und empfängt Anteil¬
1240 1750 2202 1825 es von niemandem vorher gesehen wurde, ist mit
2185 1742 3158 1847 nebenan am Tisch mit dem Vater saß, und wenn
276 1761 1235 1825 nahme, genießt das rasche Glück mancher
1240 1785 2206 1870 einem Sinn und mit einer Vielfältigkeit des
2195 1792 3160 1884 er bei all der Deutlichkeit des Gedenkens nichts
281 1800 1240 1868 flüchtigen Liebe und empfindet die Seligkeit wie
1235 1841 2201 1917 Bedeutens erfüllt, die niemand sonst in diese
2193 1847 3159 1928 empfinden kann, gerade in diesem Augenblick
278 1858 1244 1920 die Last ernsterer Bande. Er durchlebt, wie das
1244 1893 2196 1958 Dinge legte. Es ist ergreifend, wie rein diese
2204 1903 3162 1967 nichts. Wie sein Gefühl gleichsam in Ohnmacht
278 1895 1233 1975 ist, wenn man den Vater verliert, wenn man im
1234 1955 2203 2009 beiden Menschen in ihrem Herzen sind, der
2202 1955 3146 2029 sinkt, nicht zu erwecken ist, obwohl er laut das
280 1956 1246 2030 Desein vorwärtsschreitend aufhört, ein Sohn zu
538 2003 595 2050 ur
1231 1994 2204 2074 junge Mann und das junge Mädchen, wie sie voll
2202 1990 2869 2083 Wort „Mutter“ vor sich hinsagt.
282 2001 1248 2062 sein, und anfängt des eigenen Sohnes zu
1248 2040 2214 2117 guten Willens und innerer Vornehmheit, voll
270 2063 1236 2121 denken, sich selbst als Miter zu sehen. Ihm ist in
2232 2048 3150 2136 Dann der Augenblick, in dem Georg sein Kind
1242 2100 2208 2159 Wahrheit und Treue sind, und wie unschuldig
273 2084 1246 2168 all dem Treiben, als sei er in eine unlösbare
2198 2122 3156 2191 sieht, wie es tot auf dem Tisch liegt. „Da lag es
1242 2145 2197 2219 daran, daß sie einander verfehlen und verlieren.
274 2151 1244 2212 Wiernis geraten, derweilen befindet er sich,
2191 2162 3165 2245 nun, gestorben, ohne gelebt zu haben, bestimmt
278 2194 1251 2263 dank keinem festen Willen zu sich selbst und kraft
1282 2194 2200 2276 So vieles gibt es in diesem Buch, das einen
2203 2218 3165 2282 von einer Dunkelheit durch ein sinnloses Nichts
280 2247 1239 2315 seiner feinen Instinkte, auf dem Wege zur großen
1236 2250 2208 2320 beim Lesen wie nachher menschlich und künst¬
2194 2268 3160 2324 hindurch in eine andere Dunkelheit einzugehen.
280 2300 1249 2378 Entwicklung, den der Dichter den Weg ins Freie
1237 2309 2202 2366 lerisch entzückt. Da sind diese Gesellschaften,
2194 2300 3156 2392 Da lag dieser süße, kleine Leib, der für's Dasein
274 2347 468 2428 ger#t.
1229 2353 2210 2419 Leute, die beisammensitzen, irgendwo in einem
2201 2344 3164 2425 fertig war, und sich doch n'cht regen konnte.“
1239 2387 2209 2478 Salon, und plaudern. Ein jüdischer Großindu¬
2205 2395 3163 2475 Und wie überströmend Georg dieses tote, schöne
312 2387 1245 2484 Wendervoll ist der sanfte, breit hinströmende
1239 2447 2205 2515 strieller, der mit unverrückbarer Treue am
2203 2462 3158 2521 Kind plötzlich liebt, wie er es mit all seiner
275 2452 1252 2534 Fluß des Erzählens, die stille, gesammelte Ge¬
1242 2499 2208 2557 Judentum festhält, sein Sohn, der den unreifen
2203 2519 3161 2581 Sehnsucht und all seinen Wünschen umfängt, und
278 2508 1244 2578 walt des Ausdruckes, die feine Melodik dieser
1239 2541 2208 2614 Snobismus nicht zügeln kann, rassenflüchtig
2207 2555 3166 2622 zugleich die Vergeblichkeit dieses Umfangens
283 2560 1253 2625 Sprache, in der alles voll Reife, voll Kultur, voll
1242 2605 2211 2662 werden und den aristokratischen Regiments¬
2212 2593 3167 2668 fühlt, und die grausame Sinnlosigkeit dieses
273 2604 1254 2672 meisterlicher Harmonie, Geschmacksicherheit, und
1254 2636 2209 2705 kameraden sich „angleichen“ möchte, ein griechi¬
2211 2651 3166 2728 Sterbens. An die geheimsten und kostbarsten
272 2655 1253 2722 von eine## nerkwürdigen Virtuosität der Ruhe ist.
1256 2691 2214 2761 scher Fürst, und ein junges Mädchen, das in
2204 2704 3082 2788 Regungen der Männerseele ist hier gerührt.
283 2705 1256 2778 Ich schähze es ungemein hoch an diesem Buch, daß
1243 2737 2216 2802 Arbeiterversammlungen Hetzreden hält, ein
277 2751 1247 2813 die Ereignisse, die es umfängt, so einfach sind,
2248 2765 3162 2835 Je länger dieses Buch in mir nachklingt,
1243 2772 2227 2854 junger Diplomat, der morgen zur Gesandtschaft
271 2793 1251 2857 und so geräuschlos fast, so absolut natürlich sich
2212 2814 3171 2884 desto stärker wird der menschliche Eindruck, den
1242 2839 2212 2897 nach Athen abreisen wird, und ein zionistischer
286 2844 1255 2914 abrollen; daß ihre Dramatik etwas Unwillkür¬
2210 2852 3168 2932 es hinterläßt. In vielen Büchern findet man
1253 2878 2208 2953 Student, ein alter, vornehmer Kaufmann, der
282 2897 1259 2955 liches dat, etwas Schwimmendes und durchaus
2207 2920 3162 2987 den großen Dichter sogleich; aber nach dem
1253 2917 2211 2999 ein Jude ist, dessen wienerische Volkslieder aber
283 2937 1267 2999 Erzählerisches, und daß diese Ereignisse nirgends
2206 2971 3161 3040 graßen Menschen im Dichter tastet man durch
1252 2978 2210 3056 auf allen Straßen und in allen Schenken ge¬
283 2989 1256 3071 sich selbst „u pointieren scheinen oder den Leser
2793 3020 3162 3078 — wie oft — ver¬
2205 3018 2815 3077 alle Seiten nur mühsam, und -
1249 3027 2215 3090 sungen werden. Dazu ein paar elegante, geist¬
284 3048 1242 3108 auffordern, sie als Pointen sinnreich zu deuten.
2207 3058 3177 3134 gebens. Hier aber ist diese wundervolle Ver¬
1246 3075 2216 3138 reiche junge Leute und ein paar von den reizen¬
287 3085 1253 3142 Beinahe primitiv ist alles, was hier geschieht.
269 3101 3220 3217 Ein junger Menich aus guter Familie hat ein den. beschränkten, ilatternden. Seide=knisternden. einigung, daß man überall spürt, wie stark in
3138 1087 3271 1168 dem
3143 1154 3272 1213 der 4
3148 1190 3271 1262 Dich
3149 1253 3275 1316 künst
3136 1302 3271 1366 prive
3139 1349 3276 1410 man
3152 1384 3284 1457 reine
3137 1447 3276 1509 schric
3143 1490 3261 1557 des
3138 1523 3283 1610 verh
3144 1635 3279 1700 auch
3147 1683 3285 1746 find
3147 1735 3279 1800 Buch
3143 1787 3281 1846 jem
3157 1831 3279 1894 gehöl
3154 1882 3271 1946 schwe
3157 1925 3270 1987 die
3144 1970 3269 2037 doch
3159 2023 3276 2086 geli
3150 2070 3279 2132 wüh
3158 2121 3276 2182 blüh
3148 2169 3281 2236 Buch
3142 2220 3272 2288 Blüt
3151 2261 3276 2322 es n
3147 2309 3284 2378 Wel
3165 2364 3271 2426 darf
