3248 4384
973 185 1197 261 Freie
1383 187 1726 278 box 3/2
769 192 924 261 ins
197 192 739 262 23. Der Neg
410 253 1205 289 „
315 432 509 499 Seite 852
1368 427 1521 506 DIe
294 532 1469 592 unrichtigen Schluß, aber das Thema: Der Widerstreit deutschen und
293 586 1473 633 südamerikanischen Blutes in einem Weibe ist doch mit erstannlicher
296 628 829 680 Kraft angepackt und dargestellt.
376 661 1473 714 Und nun mag die deutsche Eigenart wieder mit allen Registern
294 696 1027 745 spielen: Lilieneron sitzt an der Orgel.
1033 700 1460 760 Dieser liebe Phantast
289 746 1467 794 beschert uns einen autehiographischen Roman unter dem Titel
297 782 1463 828 „Leben und Lüge". Der erste Teil, der die Jugend des Helden in
288 824 1470 864 einer ganz kleinen Festung schildert, scheint der beste zu sein. Fon¬
293 861 1471 914 taues Einfluß macht sich bemerkbar. Allmählich beginnt dann
294 900 1472 938 Münchhausen zu erzählen, verweilt noch in der Betrachtung der
292 939 1470 986 Wirklichkeit ein wenig, dann aber gehts über Stock und Stein. Es
288 977 1465 1026 ersteht dann ganz die Welt, in der man sich an den eignen Haaren
287 1021 1457 1072 aus dem Sumpf zieht, und auf Kanonenkugeln reitet. Und schließlic
295 1054 1465 1109 folgt man durch diek und dünn. Und es hilft nichts, daß man zum
296 1091 1471 1141 Erzähler sagt, wie Richard Dehmel zu seinem Töchterchen:
298 1135 1415 1195 Aber Detta, du schwindelst ja, das sind ja wieder lauter Lügen!
294 1174 1465 1229 Denn wir hören die Antwort: Aber das macht ja nichts, Papa,
291 1213 1456 1259 es macht mir doch so viel Vergnügen —, und wir sind enswafsnet. —
371 1254 1464 1310 Auch der neue Roman von Georg Engel „Der Meiter auf
290 1288 1453 1337 dem Regenbogen“ ist wie Ginzkeys „Jakobus und die Frauen“
291 1332 1468 1376 von stark nationaler Eigenart. Überdies ist es voll Reiz, das Buch
290 1372 1463 1417 eines Norddeutschen gegen das eines Süddeutschen zu halten. Bei
292 1404 1458 1456 diesem Vergleich offenbart es sich durchaus, daß die Fülle klarer
294 1449 1474 1502 Poesie bei Ginzkey, während die Poesie Engels hier und da ein
296 1491 1462 1533 wvenig rührselig im Tone ist. Ferner zeigt es sich, daß dort die
288 1526 1465 1574 Weichheit leicht schwächlich wird, während hier ein Hang zum
284 1566 1464 1614 Grübeln hervorsticht; dort häufen sich liebliche Bilder, hier düstere,
281 1599 1456 1657 die sich bis zum grausigen steigern. Alles ganz der Nationalität
283 1643 1455 1692 der beiden Dichter gemäß. Das Buch Engels, von dem erträumten
290 1683 1461 1740 Phantasten, dessen lange verschlossene Tatkraft sich gegen Ende ins
288 1723 1453 1775 Heroische erhebt, wirkt wie eine Phantasie auf dem Contrabaß,
293 1768 1465 1814 während Ginzkey in der Geschichte des reinen Toren Jacobus, eine
294 1802 1459 1847 chlichte Melodie auf einer alten Geige spielt. Richard Voß da¬
287 1842 1461 1890 gegen stampft mit Heldenschritten daher, und agiert mit ausgiebigen
282 1886 1460 1930 Gesten immer Hauptaktionen. Alles was er schafft, ist um einen
287 1919 1464 1962 Tol. zu hoch gestimmt. ce rückt selbst geringe Erlebnisse seiner
282 1957 1457 2006 Heiben ins Übermenschliche und läßt uns kalt, so heftig er selber
283 1996 1461 2045 Ergriffenheit markiert. Sein großer Roman „Die Liebe Davia
285 2035 1455 2090 Lantes“, der von den drei in diesem Jahr erschienenen (außer „Davia
283 2074 1451 2127 Lante“ noch „Richards Junge" und „Wenn Götter lieben“) der
291 2115 1462 2168 beste ist, stört die Voßsche Eigenart. Immerhin nicht so stark wie
289 2153 1461 2199 sonst, da die Liebe der großen Sängerin Lante zu dem Volskischen
284 2194 1462 2239 Käubersprossen und Komponisten wirklich etwas über das Maß
292 2229 1450 2289 Gehendes hat. Überdies verträgt die römische Landschaft den ge¬
285 2269 1452 2338 hobenen Ton der Schilderung durchaus. In der Naturschilderung
281 2308 807 2367 ist Voß wie immer bedeutend.
362 2349 1460 2404 Arthur Schnitzlers Roman „Der Weg ins Freie“ (S. Fischer)
284 2376 1455 2439 hat viele Breiten, aber auch Sympathisches: den erlesenen Ausdruck
285 2434 1450 2474 und die erfreuliche Aufwärtsbewegung der Entwicklung der Haupt¬
282 2467 1462 2522 person. Aus dem viel redenden und wenig handelnden Wien reißt
285 2506 1450 2566 sich Graf Michael heraus zu zielbewußter Arbeit nördlich der
285 2543 1447 2599 schwarz=gelben Grenzpfähle. Möge es Schnitzler ehenso machen, das
282 2585 1449 2641 liebenswürdig plaudernde Österreichertum niederhalten und seiner
276 2629 1454 2672 Handlung etwas Schneidigkeit einererzieren. So haftet seinen
279 2662 1451 2717 Werken, wie denen von Gintzkey etwas Mattes an. In allen
279 2701 1448 2753 diesen Büchern erblüht die Genußfreudigkeit in vielfältiger Schönheit,
279 2746 1250 2805 aber kein tatkräftiger Ton wird bestimmt hörbar.
1247 2747 1456 2798 Dies ist
290 2779 1449 2830 natürlich bei Dichtern einer Nation, die nicht mehr im Zenith ihres
281 2821 1451 2878 Glanzes steht. Wir gehörchen noch dem harten Trommelschlag des
284 2859 1449 2909 Willens. Aber wie lange, und auch unsre Ziele liegen hinter uns.
268 2898 1454 2952 Man soll daran nicht denken. Nein. Verscheuchen wir denn
801 2944 1453 2986 bittere Stimmunge# mit den frischen
807 2984 1445 3032 Humoresken von Rudolf Greinz:
800 3023 1455 3066 „Aus'm heiligen Land'!“ (Staackmann,
807 3062 1451 3106 Leipzig) entzückenden Geschichten, die
631 2959 738 3135 74
803 3098 1454 3156 immer wieder ergötzen, oder mit
800 3140 1453 3193 dem lebensklugen Buche des alten
795 3178 1446 3225 Heyse, das unter dem Titel „Menschen
802 3219 1225 3276 und Schicksale“ (Cotta,
1223 3220 1446 3270 Stuttgart)
1208 3248 1456 3323 viel tüchtige
1232 3296 1425 3353 Charakter¬
1269 3339 1395 3391 studien
1259 3378 1405 3428 mit dem
1212 3411 1450 3468 Silberstift ge¬
1202 3454 1456 3516 zeichnet bietet
1193 3494 1449 3566 Franz Herwig.
613 3602 1116 3690 Die heilige facht
683 3670 1072 3730 Von Selma Logerlöf.
477 3701 1254 3767 Chrisiuslegenden. München. Albert Langen.
359 3759 1443 3827 Als ich fünf Jahre alt war, hatte ich einen großen Kummer.
274 3803 1441 3876 Ich weiß kaum, ob ich seitdem einen größeren gehabt habe.
365 3850 1445 3914 Das war, als meine Großmutter starb. Bis dahin
266 3877 1456 3947 hatte sie jeden Tag auf dem Ecksofa in ihrer Stube gesessen
272 3931 701 4008 und Märchen erzählt.
2163 723 2456 804 Kongreßzeit.
2017 778 2534 852 Wie viele tief bedauernswerte
2013 830 2551 880 Mitbürger lehen unserm Staal,
2007 868 2621 927 Die wohl ein Gott zu reden lehrte,
2011 917 2565 967 Doch denen nie ein Auf genaht.
2010 955 2548 1023 Für alle die ist eins zu hoffen
1878 1256 2685 1349 Dr. Max Goldschmidt
2060 1334 2527 1423 # Bureau für
2023 1404 2539 1495 Zeitungsausschnitte
1834 1477 2133 1552 Bertin N. 24.
2352 1479 2724 1558 Telephon: Ill, 5954.
2110 1592 2457 1676 Ausschnitt aus
1806 1650 2832 1790 Wreeegred Deseer
2332 1798 2584 1942 222
2180 2246 2468 2328 Neue Bücher.
1868 2307 2847 2362 Alle dem Herausgeber zugehenden Bücher, Broschüren u. s. f. werden an
1798 2351 2854 2396 dieser Stelle aufgeführt. Die Besprechung bleibt dem Ermessen der Rehaktion
1795 2381 2816 2448 vorbehalten. Eine Rücksendung Engegangener Werke kann nicht stattfinden.
1887 2423 2868 2491 Arthur Schaihler Der Weg ins GreieNaman=Vortag vof
1771 2471 2444 2543 S.=Eischer (Bernin), Preis geh. Mk. 4.
1887 2484 2859 2562 In diesen Tagen, die so wunderbar prächtig sind und von einer
1786 2559 2857 2601 vornehmen Reife erfüllt, in denen die ersten Blüten schon die ersten
1791 2591 2854 2642 Früchte tragen, an die uns noch der süße Geruch kleiner, wilder
1792 2632 2863 2682 Blumen entzückt, in viesen Tagen muß die „Idee“ dieses Romanel
1799 2676 2860 2718 wohl zum ersten Male gekeimt sein. Zu keiner anderen Zeit wäre
1794 2708 2852 2756 dies möglich gewesen. Höchstens in den stillen Stunden eines halb¬
1800 2749 2856 2798 verträumten Herbsttages. Aber furchtbar wäre es, zu denken, daß
1795 2782 2855 2835 diese persönlichste Arbeit unsres größten gegenwärtigen Dichters
1794 2827 2855 2880 in Herbsttagen, in Tagen der Resignation erwachsen wäre. Denn es
1797 2874 2852 2915 nützt nichts: selbst aus den letzten Werken dieses Mannes, haben wir
1800 2912 2855 2956 jenen leidenden Resignationszug vernommen, der zwar grundverschieden
1797 2950 2849 2997 ist von der Resignation vormärzlicher Poeten, aber doch immerhin
1800 2982 2856 3032 ein Resignationszug ist. Für mich bleibt es fest: in diesen herrlichen
1798 3024 2850 3076 Tagen keimte die erste „Idee“ dieses Romanes. Ich sage absichtlich
1796 3051 2857 3119 „Idee“. Denn dieses Werk ist nicht eines, das fertig stehl, ehe es
1787 3102 2846 3155 geschrieben, sondern eines, das erst unter der Hand Leben annimmt,
1797 3149 2800 3205 zum Leben erwacht, bis es selbst üppigstes, urtigenstes Leben ist.
1897 3177 2861 3227 Ureigenstes Leben. Denn diesen Roman kann nur einer ver¬
1796 3218 2851 3271 stehen, der dieses Dichters Werke kennt. Alle, ausnahmslos. Der
1794 3253 2859 3309 ihn von einem Werke zum andern folgte, hindurch, hinan, hinauf,
1791 3304 2862 3364 bis zu „den höchsten Gipfeln dieses meertiefen und wunderbaren
1795 3337 2862 3389 „Einsamer Weg: Mit all seinen Werken hängt dieser Roman zu¬
1802 3378 2858 3429 sammen. Und ist vielleicht die Frucht seiner Bücher. Vielleicht auch
1804 3421 2860 3468 die Krone seiner Werke. Ich sage „vielleicht". Momenkan weiß
1799 3463 2848 3506 ichs nicht. Momentan steht mir dieses Buch noch zu nahe. So nahe,
1790 3503 2857 3550 daß alle andern davor verblassen, selbst mein Lieblingsbeich, sein
1808 3536 2854 3584 „Einsamer Weg“. Momentan sind sie mir nur im Gedächtnis als
1797 3575 2863 3624 Bücher und Werke eines hervorragenden Dichters. Und nur dieses
1792 3606 2863 3665 Buch lebt. Lebt. Lebt. Ledt. Das mach“ vielleicht die Sprache
