3248 4384
227 206 1227 286 23. Der Neg ins Freie
419 270 1237 313 —
316 618 1435 674 ein gutes niterärisches Jahr und wir Dentschösterreiches vorsen
314 669 1441 719 uns dessen freuen, daß, soferne von einem Buch der Saison
311 712 1428 766 1908 gesprochen werden kann, die Wahl beinahe aus¬
315 752 1427 805 schließlich zwischen Büchern deutschösterreichischer Autoren liegt,
311 801 1424 850 während voriges Jahr, wie erinnerlich sein wird, ein Ber¬
315 838 1425 896 liner Roman, „Jetichen Gebert", im Vordergrunde des
308 878 1429 938 Publikumsinteresses stand. Gäbe es einen Volks=Schiller¬
306 925 1427 976 Preis für Erzeugnisse der Romanliteratur, so kämen heuer,
313 959 1429 1018 was den Puhlikumserfolg anlangt, in erster Linie Rudolf
303 1004 1429 1059 Hans Bartsch und Arthur Schnitzler in Betracht.
313 1048 1420 1095 Einer unserer Gewährsmänner, der Chef der Hofbuch¬
305 1093 1426 1143 handlung Perles, Herr Friedrich Schiller, erzählt uns, daß
310 1137 1431 1189 „Der Wegins Freie" bereits die 20. Auflage erreicht
310 1179 1425 1222 hat und der Besitzer unseres größten Literaturinstituts, Herr
313 1224 1431 1269 Ludwig Last, teilt uns mit, daß er die „Zwölf aus der
307 1263 1436 1308 Steiermark“ und die „Heindlkinder“ in mehreren
295 1307 1425 1355 hundert Exemplaren aufstellen mußte, ohne der stürmischen
306 1349 1425 1394 Nachfrage genügen zu können. Dann kämen von Büchern
296 1387 1418 1441 der Saison noch zwei Werke in Betracht, auf die wir mit
305 1428 1426 1486 begreiflicher Genugtuung hinweisen können, da unser Blatt
303 1476 1428 1522 ihre Bekanntschaft zuerst dem Lesepublikum vermittelt hat:
297 1518 1421 1569 Hermann Bahrs „Die Rahl“ die uns bereits leise
300 1558 1430 1615 Ergrauenden die großen Erlebnisse des Uebergangs zwischen
306 1608 1430 1648 Knaben= und Jünglingszeit, die ersten Abende im alten
305 1649 1418 1700 Burgtheater in süß=traurige Erinnerung ruft, wie wir uns
310 1685 1422 1736 anstellten“ und wie wir beim Bühnentürl mit ach so reinen
306 1724 1420 1781 Empfindungen auf die Wolter oder auf die Wessely war¬
298 1770 1421 1834 teten. Dann wied uns übereinstimmend Ginzkeys
303 1814 1420 1870 „Jakobus und die Frauen“ als ein Buch der
294 1867 1428 1914 Saison bezeichnet. Jakob Wassermann mit seinem
305 1903 1421 1954 Kaspar Hauser" Emil Ertls Achtundvierziger=Roman
296 1948 1413 1996 „Freiheit, die ich meine“ der mit wundersamer Ge¬
304 1979 1417 2038 taltungskraft die Jünglingsstimmung des Völkerfrühlings
309 2031 1421 2085 estgehalten hat, haben gleichfalls das Publikum erobert.
301 2070 1423 2129 Otto Ernst hat sich mit „Semper der Jüngling“,
311 2117 1416 2169 er Fortsetzung von „Asmus Sempers Jugendland“ in der
296 2157 1421 2202 Gunst des Publikums behauptet. Endlich dürfen österreichische
297 2202 1415 2249 Autorinnen nicht übergangen werden, die sich mit viel Glück
294 2240 1420 2288 in die vordere Reihe geschoben haben. Dazu zählen Gräfin
294 2288 1414 2342 Christine Thun=Salm und Alice Gurschner (Paul
293 2329 1419 2377 Althof) mit ihrem neuen Novellenband „Die wunderbare
297 2370 1414 2415 Brücke“. Erfreulich ist es, wie heuer wieder der literarische
301 2412 1419 2470 Geschmack des Publikums mit der Wertung berufener Kritiker
291 2455 1412 2499 übereinzustimmen scheint. Die Jahre, in denen einmal Lien¬
293 2495 1423 2552 tenant Bilses „Aus einer kleinen Garnison“ und ein
307 2544 1421 2594 anderesmal Sherlock Holmes die ausgesprochenen Bücher der
294 2578 1421 2630 Saison waren, scheinen weit hinter uns zu liegen. Die
293 2621 1415 2668 heurige Haison ließ sich durch Aktualitäten nur in geringem
300 2666 1409 2717 Grade beeinflussen, wenn auch, wie uns aus Buchhändler¬
293 2708 1413 2767 kreisen mitgeteilt wird Graf Zeppelins Spuren sich darin
296 2753 1405 2809 zeigten, daß der Büchermarkt mit mehr oder weniger gründ¬
292 2795 1413 2844 lichen Belehrungen über Luftschiffahrt, mehr oder minder
296 2837 1412 2882 inhaltsreichen Beschreibungen der Fahrten und mit Biographien
297 2881 1413 2945 Zeppelins, wohl auch mit phantasievollen Zukunftsromanen
293 2917 642 2977 überschwemmt war.
1246 2921 1368 2993 St—g.
1404 199 1756 285 box 3/2
1712 618 2743 709 De A
2270 731 3044 828 A
1940 875 2959 946 Ebensöwenig verdient diese Bezeichnung die erste große
1870 905 2949 986 rbsaschopfung des Wieners Arthur Shnitzder, die
1876 961 2945 1020 weder stofflich noch gedanklich jene Breite und Weite des
1878 999 2949 1056 Horizonts darbietet, die man von einem Romähnkn strengem
1889 1042 2952 1087 Sinne füglich verlangen darf. Aber es ist Pier doch der
1892 1081 2948 1133 Versuch gemacht, die Strahlungen einer Kultur, wenn
1879 1127 2945 1174 auch nicht in einem Brennpunkte zu sammeln, so doch in
1886 1162 2938 1210 einigen schimmernden Fazetten spielen zu lassen. Zufälli¬
1880 1204 2950 1247 gerweise steht auch im Mittelpunkte dieses Buches dasselbe
1882 1235 2937 1298 Motiv wie im Tränenhaus: die unverbeiratete Frau, die
1881 1276 2949 1333 sich vor der Welt zurückzieht, um Mutter zu werden. Nur
1880 1326 2937 1370 ist bei Schnitzler überhaupt nichts von Kampf, Konflikt,
1885 1353 2948 1411 Problem oder Tendenz zu spüren. Seine Anna Rosner ist
1881 1400 2939 1448 nicht in Unfrieden und Enttäuschung von dem Geliebten
1871 1440 2939 1495 geschieden, sondern erfreut sich im Gegenteil der sorg¬
1890 1473 2937 1527 ältigsten Teilnahme seinerseits. Das Endresultat ist aller¬
1881 1515 2942 1573 dings in beiden Büchern dasselbe: die Bande lösen sich leise
1878 1559 2949 1614 und wehmütig und das stolze Zartgefühl der Frau die
1881 1597 2942 1646 gab ohne zu fragen, und nun sieht, daß sie mehr gab als
1882 1636 2943 1695 ie empfing, öffnet selber dem Manne — den Weg ins
1875 1670 2941 1720 Freie. Es ist aber doch ein wesentlicher Unterschied vor¬
1876 1717 2936 1771 hander Gabriele Reuters Cornelie Reimann trennt sich
1874 1753 2936 1814 von dem Geliebten, weil sie nach langen Kämpfen zur Ein¬
1881 1786 2940 1835 sicht gekommen, daß die Kluft, die Temperament und In¬
1880 1826 2942 1870 stinkte zwischen beiden gegraben, zu breit ist, in überbrückt
1865 1867 2942 1912 zu werden. Für sie ist die Trennung in höherem Sinne
1866 1913 2934 1964 ein Sieg: sie beginnt innerlich und vor der Welt ein neues
1869 1943 2944 2016 Leben als Mutter eines Kindes, dessen Vater diese Welt
1872 1984 2934 2036 nicht kennt. Anna Rosner aber gibt ihren Freiherrn
1867 2023 2903 2078 Georg von Wergenthin frei, nur weil sie sieht, daß er ihre
1867 2063 2729 2113 überdrüssig geworden, und weil sie nicht mehr
1871 2102 2713 2157 verspürt, seine erlöschende Liebe zu neuer Fl#
1871 2139 2685 2186 fächen. Sie hat geliebt, ist Mutter geworden
2682 2145 2809 2195 Sh
2846 2141 2932 2197 Kind
1872 2178 2927 2235 ist gestorben. Und sie kehrt wieder in die bürgekliche Ge¬
1874 2225 2924 2281 eschaft zurück, als wäre nichts passiert, als dasselbe Fräu¬
1866 2259 2924 2312 lein Rosner, das sie früher war. Und da ihre nächsten Ver¬
1860 2298 2924 2347 wandten die Angelegenheit mit derselben ruhigen Selbst¬
1861 2338 2934 2390 verständlichkeit behandeln und dem sorglos liebenswürdigen
1866 2374 2929 2436 Freiherrnenüber dieselbe Kulanz beweisen wie sie selbst,
1869 2425 2933 2472 o dürfte sie kaum einen nennenswerten Schaden davon¬
1863 2460 2920 2510 tragen, selbst wenn sie dieselbe Geschichte noch einmal erleben
1868 2493 2930 2553 sollte. Für diesen einfachen Novellenstoff hat ein Drittel
1864 2542 2921 2592 des an 500 Seiten zählenden Buches genugt. Die übrigen
1858 2577 2920 2638 zwei Drittel sind mit endlosen Betrachtungen und Unter¬
1863 2611 2924 2682 haltungen über Oesterreich und vor allem über das Juden¬
1859 2657 2923 2709 tum angefüllt. Treffende, feine und kluge Unterhaltungen,
1861 2697 2923 2742 von scharfer Beobachtung und tiefer Kenntnis eingegeben
1867 2738 2914 2779 uind nicht ohne eine persönliche Note schmerzvoller Bitter¬
1863 2768 2926 2835 keit, aber was hat das alles mit der Liebesgeschichte des
1860 2814 2917 2865 nichts weniger als jüdischen Paares Georg — Anna zu
1863 2852 2921 2905 tun? Wir lernen eine ganze Reihe recht interessanter
1859 2886 2916 2945 Judentypen kennen: Juden, die sich schämen Juden zu
1859 2936 2909 2980 sem; solche, die im Gegenteil darauf stolz sind und nur
1863 2963 2915 3021 Angst haben, man könnte glauben, sie schämten sich; Juden,
1850 3001 2912 3056 die überall Antisemiten wittern, und solche, die selber die
1858 3044 2915 3099 rabiatesten Antisemiten sind, kurz, die ganze Tragikomödie
1861 3085 2916 3134 des heutigen Judentums. Aber alle diese Gestalten stehen
1854 3122 2912 3170 in gar keiner notwendigen Verbindung mit dem Grund¬
1851 3168 2912 3210 motiv und den Hauptpersonen der Erzahlung. Sie dienen
1857 3205 2919 3250 nur dazu, dem Verfasser einen Anlaß zu geben, sein Herz
1850 3240 2909 3288 auszuschütten; und da geht ihm der Mund über. Muß das
1846 3276 2903 3337 Buch also in der Komposition als durchaus verfehlt bezeich¬
1851 3323 2912 3367 net werden so genügt es auch im übrigen künstlerisch nicht
1851 3355 2905 3409 den Anspruchen, die wir uns gewöhnt haben an Schnitzler
1843 3404 2904 3449 zu stellen. Die Eleganz und Grazie ist hier einer Müdig¬
1852 3429 2909 3489 keit und Monotonie gewichen die beinahe spleenartig wirkt.
1846 3473 2900 3523 Wir verlangen ja nicht gerade das obligate fesche Wiener¬
1854 3517 2908 3558 tum, aber wenn es in Wien mit der Lebens= und Arbeits¬
1847 3550 2761 3605 freude und mit der Kraft zu hassen und zu lieben
2764 3555 2904 3606 so sehr
1851 3589 2895 3647 Matthäi am letzten ist, wie es sich in diesem Buche spiegelt
1842 3630 2790 3682 dann kann man dem in tatenlosem, Dilettantentum
2818 3637 2902 3680 chier
1844 3673 2785 3727 verkommenden Georg v. Wergenthin von Herzen
2804 3674 2904 3721 Glück
1851 3708 2878 3751 wünschen, daß er mit Hilfe der rücksichtsvollen Anna Ro¬
1845 3753 2773 3811 ner den Weg ins Freie — nach Deutschland findet.
