3296 4352
168 158 704 266 23. Der Ne¬
737 164 863 240 in
941 170 1104 245 Fre
1327 166 1738 273 box 3/1
371 186 1227 286 Dernegaus Tisie
2501 644 3138 749 Montagsblatt a. B. Nr. 32.
1463 651 1738 754 — Seite 2 —
205 652 633 756 10. August 1908.
209 779 3120 848 und wüste Lärm enthalten, mit welchem die 1 den Blick des unerfahrenen Beobachters zu auszugreifen — hält unseren Planeten für
1184 832 1910 908 verwirren, sein Urteil zu trüben.
2140 827 3129 894 den Mittelpunkt der Welt, glaubt an Wunder
195 831 1187 892 in Oesterreich momentan mächtigste Partei
1262 867 2135 939 Denn nur allzu leicht wird im KKampf
2144 878 3129 943 und Geistere scheinungen, nimmt Schöpfungs¬
202 872 1187 944 Wien überschwemmte und eroberte. In etlichen
1178 928 2149 996 und Drang des Alltags, in der raschen Flucht
2146 927 3127 978 legenden des altbabylonischen Kalturkreises
209 926 1186 998 Figuren, die da und dort auftauchen, wie
1178 972 2145 1026 der Ereignisse, Nebensächliches für bedeutsam,
2153 960 3116 1035 für wörtlich geoffenbarte Wahrheit oder stellt
201 976 1175 1033 etwa in dem Volksmann „Jalaudek“ wird
1176 1023 2149 1088 Wichtiges für untergeordnet gehalten. Nur
2151 1028 3118 1104 sich etwa Gott in Menschengestalt vor u. dgl.
207 1025 1174 1084 man unschwer das Original erkennen. Was
2140 1071 2305 1143 mehr.
1179 1068 2153 1136 allzu leicht wird das persönliche Moment in
207 1068 1178 1137 aber dem Buch einen besonderen Wert gibt,
1176 1123 2147 1195 den Vordergrund gestellt und der Sache
2241 1095 3125 1186 Moderne wissenschaftliche Bildung lehnt
212 1124 1178 1171 ist das Bild von der intimeren Wirkung der
1184 1158 1594 1232 darüber vergessen.
214 1167 1177 1224 Politik. Man sieht sozusagen die feinen Aeder¬
2143 1157 3121 1236 es überhaupt möglichst ab, innerhalb des
1277 1183 2144 1268 Umsomehr ist es Pflicht der Besonnenen,
2141 1219 3115 1279 ganzen großen Bereiches menschlicher
208 1201 1186 1280 chen, in denen der Geist von 1908 bis ins
1183 1239 2139 1319 eindringlich und immer aufs neue die leitenden
2145 1254 3115 1326 Kultur von vornherein feststehende, unabänder¬
209 1262 1179 1323 Innere der Bürgerstuben sickert, und man sieht
1193 1287 2156 1366 Gesichtspunkte hervorzuheben und darauf zu
2145 1310 3119 1367 liche Gesetze anzunehmen, unter welche man
212 1295 1190 1370 das organische Gewebe dieser herrlichen Pflanze,
1181 1353 2144 1414 dringen, daß der wahre Ursprung und das
2151 1356 3128 1414 sich blindlings zu beugen habe, oder an starre,
201 1368 1178 1432 so da christlich=soziale Partei genannt. Aber
2143 1403 3107 1465 emig dauernde Formen zu glauben, in welch¬
1187 1401 2143 1484 eigentliche Ziel des Ganzen niemals aus dem
212 1410 1183 1469 auch ein Bildchen aus Deutschböhmens Ge¬
1187 1436 1683 1527 Auge verloren werde.
2152 1452 3123 1525 das soziale Leben nötigenfalls mit Gewalt
210 1459 1188 1515 finden wird man im Schnitzlerschen Roman
2149 1493 2581 1579 hineinzupressen sei.
1275 1474 2152 1559 In solchem Sinne möchte ich in den
207 1502 1182 1573 finden, und wer die Historie der völkischen
2236 1519 3116 1613 Mit einem Worte, die moderne Wissen¬
1189 1519 2156 1617 Eingang meiner heutigen Ausführungen aber¬
204 1536 1178 1627 Bewegung im Kopfe hat, wird gestehen
1180 1584 2150 1659 mals die schon oft betonte Tatsache stellen,
2145 1594 3115 1651 schaft hat sich von dem Dogmatismus und
213 1599 1179 1649 müssen, daß es vortrefflich gelungen ist. Es
1189 1630 2156 1702 daß es sich in der großen Kulturbewegung
2153 1638 3120 1703 Formalismus, welcher die Wissenschaft des
216 1643 1172 1701 ist jenes Bildchen von dem alten liberalen
1186 1692 2142 1746 unserer Tage nicht um Personenfragen und
2146 1690 3135 1759 Mittelalters kennzeichnete, gründlich abge¬
203 1682 1177 1742 Arzt in der kleinen Stadt Böhmens, der sich
1182 1731 2138 1796 Augenblickserfolge, sondern um den Entschei¬
2150 1729 3128 1797 wendet. Mit ruhig prüfendem Blick schaut sie
214 1742 1177 1803 nach einer Zeit der Beliebtheit vor dem An¬
1191 1782 2144 1835 dungskampf zweier unversöhnlicher Weltan¬
2149 1784 3123 1849 zurück in die Vergangenheit und erkennt in
199 1786 1180 1844 wachsen der antisemitischen Bewegung aus
1194 1827 2140 1889 schauungrn handelt, die seit langem schon um
2154 1832 3125 1904 ihr eine niemals stille stehende Entwicklung
214 1820 1192 1892 der deutsch liberalen Partei herausgedrängt
1189 1875 2142 1941 die Herrschaft über die Menschheit miteinander
2138 1868 3116 1942 von der niederen zur höheren Lebensform in
216 1881 1179 1943 und von seinen Freunden verraten und ver¬
1182 1940 2134 1993 ringen, und die mit gebräuchlichen Schlag¬
2134 1916 3126 1989 tausendfältigen Gestalten. Einem rastlosen
214 1930 1178 1996 lassen sieht. „Ein verbummelter Kouleur¬
1191 1975 2140 2040 worten etwa als die mittelalterliche und
2150 1972 3124 2029 Strome gleich ziehen an ihrem Auge Myciaden
221 1976 1181 2058 student“ — so liest mans auf Seite 116 —
1192 2020 2076 2096 die moderne bezeichnet werden können.
2153 2023 3127 2073 von Jahren vorüber, und was sie mit sich
208 2026 1189 2084 „der in den Versammlungen Juden und
1283 2048 2142 2134 Wenn ich da soeben das Wort „Ent¬
2162 2071 3121 2132 bringen, das ist ein ewiges Blühen und Welken,
213 2068 1194 2137 Tschechen als die gefährlichsten Feinde deutscher
2152 2108 3126 2177 ein ewiges Werden und Vergehen. Und dies
1186 2105 2153 2181 scheidungskampf“ gebraucht habe, so be¬
218 2126 1192 2188 Zucht und Sitte hinstellt, daheim seine Frau
2153 2148 3120 2221 allüberall. Im Bereiche der Naturgewalten
1190 2149 2139 2232 darf dies zur Vermeidung von Mißverständ¬
213 2173 1180 2231 verprügelt und seinen Mägden Kinder macht,
2151 2193 3133 2271 sowohl wie in den Bezirken menschlichen
1192 2208 2001 2281 nissen noch einer weiteren Erklärung.
206 2214 1188 2291 wird der Nachfolger im Vertrauen der Wähler
2155 2252 3126 2317 Schaffens und Wirkens. In diesen letzteren
1285 2252 2151 2328 Der Kampf zweier Weltanschauungen
204 2262 1196 2334 und im Parlament.“ — Es ist, als ob
2156 2293 3127 2372 namentlich gibt es nichts absolut Fest¬
1192 2284 2141 2374 kann sich natürlich auf allen Gebieten des
217 2300 1194 2374 Schnitzler auf die Frage nach der Versimpe¬
2157 2354 3128 2409 stehendes. Gleichwie die Generationen der
1188 2353 2151 2410 menschlichen Lebens geltend machen, und
215 2353 1182 2436 lung unserer Politik die Antwort hätte geben
2153 2396 3124 2468 Menschen selbst einander ablösen, so unter¬
1195 2394 2151 2459 nicht überall werden die Aussichten der
215 2415 409 2487 wollen.
2155 2443 3129 2521 liegen auch ihre Anschauungen und Gewohn¬
1199 2443 2149 2511 Kämpfenden ganz dieselben sein; nicht überall
2157 2480 3138 2566 heiten, ihr Denken und Trachten, ihre Be¬
1193 2481 2157 2562 zieht Sieg oder Niederlage sofort die gleichen
224 2520 837 2621 „Die Eroberung
2160 2543 3137 2600 griffe von Moral und Religion dem gestalten¬
1191 2534 2151 2602 Konsequenzen nach sich. Insbesondere aber ist
2158 2587 3121 2652 den Einfluß der Zeit. Die moderne Wissen¬
1199 2592 2162 2650 hier das geistige Gebiet der Wissenschaft und
456 2595 1157 2704 der Universitäten“.
2168 2639 3131 2700 schaft hat, wenngleich auf anderen Forschungs¬
1198 2632 2155 2707 das praktische Gebiet des Alltagslebens wohl
2157 2688 3127 2741 linien, die tiefe Bedeutung jenes uralten Aus¬
1210 2674 1474 2767 zu, scheiden.
419 2677 1027 2768 Von Ludwig Wahrmund.*)
1292 2707 2155 2783 Auf dem Gebiet des Wissens und der
2158 2726 3139 2801 spruches eines griechischen Weisen (Heraklit)
314 2736 1188 2823 Zeiten tiefgehender geistiger Bewegung,
2161 2783 3135 2862 erkannt, daß das einzig Dauernde der, Wechsel
1198 2782 2154 2851 geistigen Erkenntnis nun kann allerdings von
206 2795 1202 2863 wie unsere Gegenwart es ist, bringen not¬
1208 2831 2164 2898 einem Entscheidungskampf jener beiden
2161 2836 2279 2908 sei.
222 2847 1200 2909 wendig eine Fülle verschiedenartigster Einzel¬
2242 2851 3140 2946 Und so löst sie denn den menschlichen
1201 2861 2154 2936 Weltanschauungen in Wahrheit nicht mehr
210 2904 1191 2972 erscheinungen mit sich, welche geeignet sind,
2162 2924 3125 2995 Geist von allen Ketten und Schranken der
1193 2914 2164 2982 die Rede sein. Hier ist all dasjenige, was wir
253 2963 1187 3035 *) Wir bringen in diesen Artikel — nach den Aus¬
1207 2954 2156 3028 eben mit dem Schlagworte „Mittelalter“
2162 2970 3122 3035 Vergangenheit und gibt der gelehrten For¬
214 3000 1196 3078 hängebogen der Wiener Halbmonatschrift „Erdgeist“
1201 3011 2150 3078 kennzeichnen wollen, längst schon überwunden.
2166 3016 3129 3088 schung völlig freie Bahn. Sie gewährt dem
279 3049 1192 3103 den Originaltext des Vortrages, welchen Professor
2170 3063 3129 3127 Einzelnen das Recht, nur das für wahr zu
1196 3049 2152 3128 Kein wissenschaftlich Gebildeter der modernen
220 3097 1201 3166 Wahrmund am 8. Juli l. J zu Innsbruck gehalten
1197 3114 2157 3187 Zeit — um nur beispielsweise einiges her¬
2167 3108 3134 3173 halten, was er auch selbst zu erkennen und
223 3139 347 3189 hat.
3048 3148 3137 3224 —
2432 3161 2553 3225 S
1195 3168 1338 3227 Serte
2162 3205 3129 3271 kluge und gebildete Köpfe können in dem
1194 3204 2164 3274 und mir vielleicht williger als früher folgen,
217 3222 1195 3290 verfehlen: das heißt mit anderen Worten, es
2160 3255 3134 3313 Kampf, den wir kämpfen, nicht den Sieg
1194 3258 2150 3317 wenn ich Sie einlade, an meiner grünen
227 3263 1195 3333 werden tschechische Schulen errichtet werden,
2170 3309 3119 3368 behaupten, auch wenn die Zweihundert, die
1209 3289 2147 3375 Seite einen Blick in das erotische Leben von
220 3309 1194 3363 auf die Gefahr hin, paar Jahre leer zu stehen
2166 3342 3115 3408 ihnen gegenüberstehen, ausgemachte Anal¬
1195 3346 1857 3438 Freund und Feind zu werfen.
214 3360 1192 3416 oder, wie es bei dem Terror der „unter¬
1282 3389 3151 3477 Der tschechische Normalmann zunächst i nhaheten mären. Die Menge Stut ea! Unh
213 3411 1219 3490 drückten“ Minoritäten oft genug vorkommt,
