3296 4096
205 62 1194 139 23. Der Neg ins Freie
1368 67 1719 152 box 3/3
368 121 1203 186 een eeeeeheche e en en eeen eeneneenennenaerenene
825 863 2245 917 so großes Aufsehen gemacht hat? Das ist ja beinah eine Schand! Neu¬
821 908 2248 963 lich haben wir ihn dem Hofrat Wilt geliehen. Ich sag Ihnen, der war
827 969 2242 1019 paff, wie in dem Buch eigentlich schon das ganze heutige Österreich vor¬
830 1007 1116 1078 ausgeahnt ist.“
880 1033 1675 1118 „So, so“, sagte Georg ohne Überzeugung.
879 1099 2250 1162 „Sie können sich gar nicht vorstellen, fuhr Frau Ehrenberg fort,
831 1163 2258 1229 „mit welchem Jubel Nürnberger damals begrüßt worden ist. Man
831 1202 1883 1263 könnte sagen, alle Tore sind vor ihm aufgesprungen.“
887 1244 2240 1315 „Vielleicht war ihm das genug“, bemerkte Else nachdenklich altklug.
885 1295 2240 1357 Heinrich stand am Klavier im Gespräch mit Nürnberger und bemühte
834 1358 2249 1410 sich, wie er es oftmals tat, ihn zu einer neuen Arbeit oder zu einer
824 1404 1662 1456 Herausgabe älterer Schriften zu bestimmen.
886 1450 2246 1505 Nürnberger wehrte ab. Der Gedanke, seinen Namen wieder in die
833 1500 2246 1559 öffentlichkeit gezerrt zu sehen, im literarischen Wirbel der Zeit mitzu¬
833 1539 2244 1599 treiben, der ihm widerlich und albern zugleich erschien, erfüllte ihn
833 1598 2248 1654 geradezu mit Schaudern. Er hatte keine Lust da mit zu konkurrieren.
841 1650 2252 1700 Wozu? Kliquenwirtschaft, die sich kein Mäntelchen mehr umnahm, war
832 1688 2241 1754 überall am Werke. Gab es noch ein tüchtig, ehrlich strebendes Talent,
835 1742 2248 1796 das nicht jeden Augenblick gefaßt sein mußte in den Kot gezogen zu
832 1792 2249 1847 werden; war noch ein Flachkopf zu finden, der sich nicht ausweisen konnte,
832 1834 2243 1892 in irgendeinem Blättchen zum Genie erklärt worden zu sein? Hatte
836 1886 2249 1940 Ruhm in diesen Tagen noch das geringste mit Ehre zu tun? Und über¬
831 1932 2244 1995 sehen, vergessen werden, war das auch nur ein Achselzucken des Bedauerns
832 1981 2248 2046 wert? Und wer konnte am Ende wissen, welche Urteile sich in der Zu¬
830 2037 2255 2099 kunft als die richtigen erweisen würden? Waren nicht die Tröpfe wirk¬
831 2087 2253 2140 lich die Genies und die Genies die Tröpfe? Es war lächerlich, sich mit
828 2129 2243 2184 dem Einsatz seiner Ruhe, ja seiner Selbstachtung, in ein Spiel einzu¬
838 2176 2249 2233 lassen, in dem auch der höchstmögliche Gewinn keine Befriedigung ver¬
833 2236 962 2295 sprach.
895 2246 2246 2336 „Gar keine?“ fragte Heinrich. „Ich will Ihnen ja allerlei preisgeben,
835 2316 2250 2377 Ruhm, Reichtum, Wirkung in die Weite; — aber daß man, weil alle
841 2410 2102 2488 soll, wie es die Augenblicke des innern Kraftgefühls sind ....
848 2468 2259 2550 „Inneres Kraftgefühl! Warum sagen Sie nicht gleich Seligkeit des
841 2522 1155 2588 Schaffens?
902 2561 1322 2639 „Gibt's, Nürnberger!“
896 2614 2265 2680 „Mag sein. Ich glaube mich sogar zu erinnern, vor sehr langer Zeit
839 2668 2264 2733 gelegentlich selbst irgendwas derart empfunden zu haben... Nur ist
839 2717 2259 2777 mir, Sie wissen es ja, die Fähigkeit mich selbst zu betrügen im Lauf
833 2766 1584 2826 der Jahre völlig abhanden gekommen.“
906 2820 2259 2882 „Das glauben Sie vielleicht nur“, erwiderte Heinrich. „Wer weiß, ob
837 2861 2250 2919 es nicht gerade diese Fähigkeit des Sichselbstbetrügens ist, die Sie im
849 2916 1898 2967 Laufe der Zeit am stärksten in sich ausgebildet haben!“
903 2947 2250 3020 Nürnberger lachte. „Wissen Sie wie mir zumute ist, wenn ich Sie so
839 3002 2262 3077 reden höre? Ungefähr wie einem Fechtmeister, der von seinem eigenen
841 3064 1647 3112 Schüler einen Stich ins Herz bekommt.“
904 3098 1926 3170 „Und nicht einmal von seinem besten“, sagte Heinrich.
893 3204 2260 3266 Der Radfahrklub sauste über die nahe Straße, die umgehängten Nöcke
834 3250 2259 3313 wehten, die Embleme leuchteten und ein rohes Lachen schallte über die Wiese.
1804 3310 2229 3392 Kunstwart XXII, 20
882 3351 934 3400 84
