3296 4352
1012 208 1177 282 Fre
1414 197 1808 297 box 3/2
246 196 953 303 23. Der Ner in
452 221 1285 332 Se
1535 1111 1887 1160 Franz Servaes.
977 1216 2439 1290 über die Juden. Es gibt keinerlei Anlaß, der so fernliegend wäre, daß er sich
979 1271 2443 1349 nicht schließlich doch wieder auf die Erörterung der so mannigfaltigen Juden¬
982 1351 2438 1397 fragen zurückführte. Vom Standpunkt des Romanlesers kann man hierüber
988 1386 2449 1451 manchmal ungeduldig werden. Als Volks= und Sozialpsychologe aber erfährt
988 1433 2451 1497 man die interessantesten Dinge. Und da die modernen Juden mit ihrer fabel¬
981 1493 2446 1552 haft ausgebildeten Kunst der witzigen Silbenstecherei wohl die glänzendsten
995 1563 2429 1614 Causeurtalente der Gegenwart sind, so sind ihre Gespräche jedenfalls sehr unter¬
985 1600 2437 1675 haltend, oft blendend und faszinierend. Und selbe: ständlich beherrscht Schnitzler,
980 1646 2440 1721 der ihres Stammes ist, den jüdischer ##ervationston mit voller Souveränität.
985 1704 2447 1764 Merkwürdig ist allerdings eines: der Mangel an Ernst in diesen Gesprächen von
988 1765 2440 1824 Juden über Juden. Ja, man kann sagen: nichts ist so sehr verpönt als jeder
992 1815 2446 1885 solide Ernst. Dieser wird allenfalls bei Nichtjuden nachsichtig geduldet. Als
990 1869 2437 1942 Rasseangehöriger aber macht man sich sofort lächerlich damit. Es ist demnach
980 1924 2447 1993 auch unstatthaft, die Judenfrage selber ernst zu nehmen. Und in der Tat ist
983 1974 2446 2040 ein alter Hebräer, der sich als Zionist bekennt und aus seinem fanatischen Juden¬
978 2034 2441 2093 tum (er riecht überall Antisemiten) kein Hehl macht, eine betont lächerliche Figur.
977 2101 2447 2153 Und doch tut dieser Alte (es ist ein reichgewordener Patronenfabrikant) einmal
987 2158 2444 2213 etwas, durch das er sich mehr als ein anderer Jude unsere Achtung erwirbt: er gibt
988 2183 2447 2259 nämlich seinem geckenhaften Sohn, der, um sich bei seinen aristokratischen Freunven
992 2241 2451 2311 einzuschmeicheln, vor einer christlichen Kirche den Hut abzieht, auf offener Straße eine
989 2296 2451 2359 schallende Ohrfeige. Über diese Ohrfeige wird im Roman viel lamentiert; ja, sie hat beinahe
991 2349 2452 2422 tragische Folgen. Und doch wirkt sie wie eine Art von Luftreinigung. Sie zeigt, daß es
986 2409 2453 2477 in dieser ewig witzelnden, alles zerzweifelnden, nichts von Herzensgrund respektieren¬
984 2454 2448 2529 den Gesellschaft doch auch Leute gibt, die eines ganz einfachen unzweideutigen
994 2509 2448 2589 Denkens fähig sind und mögen sie diesem vielleicht auch einen etwas brutalen
988 2568 2446 2624 und jähen Ausdruck geben, es steckt doch die Kraft und Überzeugung einer noch
994 2623 2435 2679 entwicklungsfähigen Rasse darin. Bei fast allen anderen stehen wir vor der
997 2664 2438 2745 „ewigen Wahrheit, daß ein Jude vor dem andern nie wirklichen Respekt hat“.
992 2729 2451 2798 (was ich mir indes gestatte, auf die degenerierten Juden in den europäischen
987 2787 2447 2861 Kulturstädten hiermit einzuschränken). Ihr ewiges Bohren in den eigenen
990 2831 2441 2890 Schmerzen und Leiden, wenn es sich auch zumeist in witzig=frivole Formen kleidet,
990 2894 2447 2949 erzeugt in ihnen jene Unsicherheit über sich selbst, die so seltsam mit ihrem
994 2943 2451 3000 äußeren, scheinbar höchst selbstbewußten Auftreten kontrastiert. Indes, „es braucht
995 2993 2445 3058 nicht viel“ bekennt einmal einer von ihnen, „um die Selbstverachtung aufzu¬
999 3046 2442 3115 wecken, die stets in uns schlummert“. Wie es scheint, war es für Schnitzler
996 3104 2441 3169 von besonderer Wichtigkeit, diesen wunden Punkt in der Seelenkomplexion des
1003 3158 2435 3227 heutigen Kulturjuden aufzudecken: dieses unablässige Denken an sich selber, dieses
998 3215 2443 3269 peinigende Mißtrauen in seiner sozialen Lage. Darum läßt Schnitzler wohl auch
986 3265 2425 3333 den Baron eine dementsprechende Bemerkung machen. „Wo er auch hinkam“,
988 3322 2442 3380 heißt es, „er begegnete nur Juden, die sich schämten, daß sie Juden waren, oder
995 3376 2463 3436 solchen, die darauf stolz waren und Angst hatten, man könnte glauben, sie
995 3423 1280 3497 schämten sich.“
986 3519 1152 3597 1114
