3296 4192
725 237 1204 309 ins Freie
593 238 714 311 Ner
1308 230 1747 331 box 3/1
196 238 552 323 23. Der
399 298 1240 349 O I   Aeretetesete
1606 1015 1965 1098 wird sie im wieder
592 1038 1595 1113 man darüber, wie es schon geschehen ist, mit diplomatischem
1608 1080 1985 1136 lehrerin oder Sprach
582 1103 1603 1158 Schweigen hinweggleiten soll. Charakteristisch für
1710 1125 1995 1181 Diesem Prozeß
578 1148 1604 1203 Schnitzler war immer seine Neigung, just von dorther seine
1615 1161 1969 1223 von der verführten
580 1186 1600 1227 Stoffe zu holen, wo es galt, herrschenden Vorurteilen
1610 1203 1995 1262 Raum gewidmet. Uny
584 1236 1591 1288 oder auch Unsitten entgegenzutreten. Er ist keineswegs bloß
1621 1248 1993 1305 Schwäche seines Werk
591 1278 1599 1322 Erotiker, sondern auch Satiriker. Seiner Zeit will er
1614 1296 1988 1340 Roman Mode gewor
587 1310 1601 1351 immer einen Spiegel vorhalten. Von einem edlen Dichter
1622 1333 1987 1389 zuspinnen. Gustab F
593 1350 1594 1402 in seinem Romane sagt er: „Ueber jene lügendumpfe Welt,
1615 1377 1986 1430 spiele voran, das die
597 1393 1598 1440 in der erwachsene Menschen für reif, altgewordene für er¬
1612 1409 1985 1476 Handlung zu umfän
587 1440 1599 1492 fahren und Leute, die sich gegen kein geschriebenes Gesetz
1615 1457 1993 1515 glänzende Sprache a
595 1475 1600 1528 vergingen, als ehrlich, in der Freiheitsliebe, Humanität
1617 1494 1989 1549 Praxis nicht hinweg
591 1515 1606 1576 und Patriotismus schlechtweg als Tugenden galten, auch
1612 1541 1992 1599 solche Bücher hindu
586 1557 1601 1605 wenn sie dem faulen Boden der Gedankenlosigkeit oder der
1622 1580 1990 1637 gestalten= und handlu
584 1596 1598 1645 Feigheit entsproßt waren, hatte Nürnberger grimmige
1627 1617 1988 1676 wenn ihm nicht der
593 1639 1598 1693 Lichter angezündet.“ Dies gilt auch wohl von Schnitzlers
1614 1660 1985 1721 karge Form Mau
596 1687 1593 1741 eigenen Dichtungen; nur waren die Lichter, die er an¬
1614 1700 1976 1755 Nur eines möchten
584 1719 1594 1772 gezündet, nicht immer „grimmig“. Sein Pathos — nach
1617 1745 1980 1804 die vielen Bilder vo
592 1752 1601 1819 Ibsens Vorbild das Pathos der Entrüstung — hat er
1613 1785 1983 1842 und in den garte
592 1803 1601 1852 doch im Ausdruck gedämpft, mit Ironie, mit Humor, mit
1622 1825 1987 1886 ein schönes Plätzchen
590 1839 1604 1899 Sarkasmus. Mit diesem Pathos in allen Abstufungen hat
1625 1870 1990 1928 wäre es nur in wen
592 1883 1601 1926 er auch den vorliegenden Roman geschrieben, und er ver¬
1624 1912 1987 1972 Nie hat er seiner He
593 1915 1607 1975 birgt es gern hinter der Sachlichkeit des Erzählers, der
1615 1944 1996 2026 wie hier, wo er ihr
592 1974 1604 2027 scheinbar nur mitteilt, was seine Gestalten gesehen, getan,
593 2010 1614 2068 geurteilt, gefühlt haben. So schildert er die jüdische Ge¬
594 2049 1608 2104 tellschaft in Wien nicht unmittelbar, sondern wie sie sein
592 2084 1615 2138 junger Baron Georg Wergenthin empfindet, der sich vor¬
594 2127 1614 2195 urteilsfrei in ihr bewegt und unbefangen über sie urteilt.
590 2163 1453 2217 Ein höchst fruchtbarer Kunstgriff des Erzählers.
704 2194 1615 2254 Um die Originalität Schnitzlers in Adieser
603 2257 1614 2305 Schilderung recht zu erkennen, muß an die Novellistik
598 2292 1617 2336 eines Kompert oder Karl Emil Franzos erinnert werden.
600 2331 1619 2381 Diese erfolgreichen Erzähler gehörten dem Zeitalter des
605 2377 1624 2437 siegenden Liberalismus an. Sie fühlten sich als Deutsche
600 2416 1618 2465 und hingen ebenso inbrünstig wie Berthold Auerbach an
594 2459 1627 2516 der deutschen Nationalität und Kultur. Für sie hatte das
598 2507 1621 2549 Judentum künstlevisch den Reiz einer absterbenden
605 2547 1621 2595 Romantik; das war dieselbe Quelle poetischen Gefühls,
599 2583 1627 2637 woraus Immermann als Erster die Poesie der Dorf¬
1278 2627 1312 2651 *
597 2618 1616 2672 geschichte geschöpft hat (im „Oberhof“). Sie zeichneten
1111 2661 1621 2727 sondern die Einwohner des
605 2670 1095 2723 nicht die modernen Juden,
592 2709 1623 2756 niedergerissenen Ghetto. Schnitzler aber ist kein
608 2751 1626 2800 Romantiker, sondern Gegenwartsmensch; auf die nächste
602 2789 1631 2835 Vergangenheit ist er nicht einmal gut zu sprechen, er macht
595 2829 1618 2890 ihr Ideologie zum Vorwurfe. Vor sich aber sieht er ein
598 2863 1623 2926 Geschlecht von Juden, das unter dem Antisemitismus
603 2915 1620 2963 leidet. Die bedeutendste Errungenschaft des vorigen Jahr¬
602 2959 1622 3007 hunderts: die Gleichberechtigung der Konfessionen in
610 2998 1630 3047 Staat und Gesellschaft, wird bestritten; die Rassentheorie
606 3042 1624 3090 richtet eine neue Scheidung auf, und es wird doch über¬
605 3085 1629 3132 haupt nicht um Ideen, sondern nur um Macht gekämpft.
609 3123 1619 3174 Die jetzige Generation von Juden ist in sich selbst ge¬
610 3166 1628 3227 spalten. Konservative, Assimilisten, Zionisten stehen ein¬
608 3206 1631 3253 ander gegenüber. Die Verwirrung der Köpfe und Gemüter
600 3243 1625 3296 stört die innersten Familienbeziehungen. Väter und Söhne
600 3292 1631 3334 verstehen sich nicht mehr, und zu alledem leben wir in
603 3332 1628 3377 Oesterreich, dem „Land der sozialen Unaufrichtigkeiten“
601 3384 1625 3430 „Man habe hier — heißt es gelegentlich im Roman —
598 3397 1658 3471 beim politischen Kampf geradezu den Eindruck, wie wenn
2894 902 3009 987 1
2155 918 2828 992 hetobreringen „ 9.
2164 951 3183 1041 Grunde nichts als ein hohler Klang. Sie trommeln
2151 1022 3181 1082 auf allem, was Wiederhall hervorruft, auf Koch¬
2150 1057 3177 1131 kunst, Mode und Judenfrage selbst und halten sich
2154 1115 3205 1192 für Virtuosen, weil sie den stärksten Lärm machens
2149 1175 2327 1236 können.
2247 1223 3182 1294 Für uns Juden hat dieser „Fall“ nur als
2153 1283 3176 1353 Spezialfall die Bedeutung, daß wir in Zukunft in
2154 1332 3178 1387 unserem Umgang etwas vorsichtiger sein müssen¬
2154 1379 3192 1444 Es ist ein Charakterzug des Ungeziefers, daß es
2158 1430 3171 1497 sich immer an einen warmen Leib drängt, wo es
2158 1470 3184 1540 ein billiges Schmarotzen gibt. Und es ist kein
2158 1534 3176 1587 ehrlicher Kampf mit ihnen; man trägt immer seine
2151 1575 3177 1640 Bisse davon. Wir müssen uns vorsichtig vor all
2148 1619 3189 1694 diesen und ehrlichen Freunden hüten und unser
2156 1676 3174 1736 Parole sei: Offener Kampf oder Frieden, aber
2169 1717 2793 1800 immer drei Schritt vom Leibe.
2816 1756 3147 1847 Thekla Blech.
2159 1924 3168 2004 Die Juden auf dem Weg ins Freie.
3189 1937 3229 2005 2
2466 1994 2877 2059 Eine Buchbesprechung.
2253 2041 3241 2113 Arthur Schnitzlers „Der Weg ins Freie“ ist S
2167 2104 3252 2163 ein starkes und mildes Buch, das an die Tiefen äu
2152 2164 3209 2214 rührt und über die Höhen leuchtet. Und uns ist
2169 2199 3221 2263 es, als wenn die Welt, die das Allgemein=Mensch¬
2161 2254 3253 2319 liche darin sucht und findet und sich des Neuen vil
2169 2298 3259 2362 freut, kaum halb so viel wie wir junge Juden von jals
2165 2346 3246 2402 dem Buche haben könne, weil sie die feinsten, die in
2164 2394 3247 2459 individuellsten Züge nicht so ganz verstehen mag. W
2167 2453 3249 2518 Denn sie sind nicht gesehen, sondern erlebt, erlebtsla
2158 2489 3204 2554 von dem deutsch=österreichischen Dichter in Wien,
2152 2543 3201 2620 der dem jüdischen Volke gehört. Und der jüdischen
2160 2592 3198 2664 Wesens ist — wenn das auch kein liberaler Re¬
2162 2643 2628 2721 zensent je sagen wird.
2266 2707 3169 2775 Wir Jungjuden, die wir gerade diese spe¬
2161 2741 3216 2836 ziellen jüdischen Kämpfe durchgemacht haben
2167 2808 3182 2868 und ehrlich durchmachen, bis wir unser Volk finden,
2160 2853 3189 2912 die wir neben uns alle diese Bermanns und Nürn¬
2162 2903 3239 2956 bergers und Oskar Ehrenbergs und Willy Eyßlers de
2159 2956 3254 3015 leben und reden und sich wehren und resigniert wi
2160 2993 3261 3068 oder hochmütig untergehen sehen — wir können bel
2283 3125 3258 3231 estauratiol Eil
2162 3234 3245 3323 KANeu und modern eingericht
2323 3301 3259 3388 vorzügliches Pilsner-Urquell, (Bil
2144 3369 3253 3465 Der Küchewird größte Aufmerksamkei
3184 987 3248 1048 Er
