3296 4352
549 178 721 254 Nr. 42
1373 188 2105 297 Dr. Blocb's Mocbenscbrift,
2694 214 2926 301 Seite 737
497 292 1724 379 die Anstalten des „Hilfsvereines der deutschen Juden“ noch die¬
1716 303 2949 398 Anklang gefunden hat, verfolgt neben dem allgemeinen wichtigen
506 352 1718 425 jenigen der „Allianz“ und des Zionismus zu entgehen ver¬
1722 379 2959 456 philanthropischen Zweck auch die gute und lobenswerte Absicht,
510 415 1719 481 mochten. Dabei möchte es aber doch angemessen und vorteilhaft
1724 418 2951 492 daß das humane Werk der Krankenpflege ohne Proselytismus
506 464 1721 533 sein, mit dem neu gegründeten Verein „Zari Gilead“ für ein
1727 473 2963 539 ausgeübt werden soll. Denn trauriger Weise suchen ja die
504 505 1719 574 gemeinsames Wirken auf dem Gebiete der Krankenpflege in
1725 515 2955 606 Propagandisten gerade unter dem Deckmantel der Nächsten= und
498 554 1728 616 Fühlung zu treten, nachdem dieser Verein den früher in Diensten
1731 569 2958 654 Menschenliebe und der hingebenden teilnehmenden Pflege der
494 616 1730 680 des „Lemaan Zion“ gestandenen allgemein bekannten, beliebten
1723 624 2956 703 Kranken für ihre Doktrinen Proselyten zu werben und waren
493 657 1720 722 und berühmten Arzt Dr. Fridman für seine Bestrebungen
1722 672 2949 742 wir gegenüber solch rücksichtslosem, unverschämten und zudring¬
506 704 1708 758 gewonnen und neben der Apotheke des „Lemaan Zion“
1720 718 2957 794 lichen Treiben erst kürzlich genötigt, in Bethlehem eine Apotheke
499 744 1719 822 unter dem Namen „Libanon“ bereits eine Zentralapotheke
1719 771 2958 851 und eine ärztliche Station zu errichten.“ Nach diesen Worten
500 798 1718 865 mit zwei Filialen eröffnet hat, wo die Kranken durch den ge¬
1713 811 2961 897 des dem Unterzeichneten näher bekannten und befreundeten
500 852 1724 929 nannten Arzt täglich zwei Mal unentgeltliche Behandlung finden,
1716 862 2952 919 Herrn Direktors, der hier und auswärts unter seinen Lands¬
503 894 1721 962 für arme Familien auch eine Hebamme ohne Bezahlung zu
1720 911 2949 992 leuten und den Kennern der neueren griechischen Literatur wohl¬
506 951 1715 1024 bekommen ist und auch die Medikamente für die Armen unter
1723 969 2956 1021 verdientes Ansehen genießt und erst vor kurzem auch zum
493 980 1714 1057 günstigeren Bedingungen abgegeben werden, als dies in der
1713 1012 2944 1096 Mitgliede der Synode erwählt worden ist, darf der Unter¬
497 1050 1718 1119 Apotheke des „Lemaan Zion“ der Fall ist. Der erwähnte Verein
1717 1066 2944 1130 zeichnete wohl schließen und erwarten, daß der Herr Direktor
501 1096 1715 1153 trägt sich zudem mit der lobenswerten Absicht, auf eigenem
1719 1115 2956 1208 und seine gesinnungsverwandten Kollegen ihren ganzen Einfluß
489 1127 1719 1225 Grund und Boden ein Sanatorium für Wöchnerinnen und
1710 1159 2944 1245 in die Wagschale legen werden, um seiner noch unbeschiedenen
489 1191 1716 1275 Rekonvaleszente zu errichten. Wenn nun aber auch das er¬
1725 1210 2952 1289 Eingabe an den Patriarchen und die Synode wegen kostenloser
494 1245 1717 1317 stehende Diakonissenheim aus den angegebenen Gründen am
1723 1263 2946 1343 oder mäßig berechneter Ueberlassung eines Bauplatzes auf den
496 1291 1717 1366 ratsamsten und vorteilhaftesten seine Selbständigkeit zu wahren
1721 1305 2951 1365 ausgedehnten Ländereien des griechischen Klosters im Schlosse
493 1343 1711 1408 haben wird, so gibt sich der Unterzeichnete nichtsdestoweniger
1721 1358 2942 1430 der Synode zu einer günstigen Entscheidung zu verhelfen und
499 1391 1717 1443 auch an dieser Stelle der angenehmen Hoffnung hin, daß die
1717 1410 2944 1476 dem wohltätigen Unternehmen auch in den Kreisen der griechi¬
492 1428 1712 1501 in früheren Artikeln in der „Oesterr. Wochenschrift“ schon
1710 1462 2946 1531 schen Bevölkerung dauernde Sympathien zu erwecken. Das letztere
493 1483 1723 1567 erwähnten, neuerdings wieder aufgenommenen Beziehungen mit
1708 1500 2938 1580 darf aber der Unterzeichnete jetzt wohl in besonderem Maße
492 1536 1716 1595 dem hochverdienten und geschätzten Vorsitzenden der „Deutschen
1717 1554 2938 1621 von seinen jüdischen Leserinnen und Lesern und der jüdischen
488 1591 1712 1650 Konferenz=Gemeinschaft der Alliance Israélite Universelle“ Herrn
1721 1602 2941 1682 Allgemeinheit erwarten, welchen sein Name und seine Gesinnung
489 1640 1712 1699 Geh. Kommerzienrat Goldberger in Berlin, den erwünschten
1721 1650 2935 1729 seit Jahren bekannt ist, und hofft er darum, daß seine und
483 1674 1713 1738 Erfolg haben werden, daß von seiten des Zentralbureaus in
1720 1703 2938 1786 seiner Verwandten Bemühungen und Hingabe für die Gründung
481 1727 1711 1794 Paris oder des deutschen Bureaus in Berlin und eventuell auch
1711 1751 2941 1827 eines allgemeinen Diakonissenheimes in Jerusalem, dessen
481 1766 1714 1858 in Wien seine und seiner Verwandten im Interesse und zur
1704 1799 2944 1873 Segnungen in erster Linie der zahlreichen ärmeren jüdischen
484 1821 1708 1897 Förderung des allgemeinen Wohles und des hygienischen, sozialen
1711 1847 2944 1905 Bevölkerung zugute kommen würden und für welche auch besser
484 1886 1702 1944 und ökonomischen Fortschrittes aufgewendeten opferbereiten Be¬
1711 1893 2941 1962 gestellte Familien höchst erkenntlich und dankbar wären, allent¬
477 1929 1707 2001 mühungen für dauernde Stationierung und Unterhaltung einer
1718 1951 2938 2010 halben in jüdischen Kreisen in der Gestalt von größeren oder
476 1986 1716 2049 Anzahl von Privat=Krankenpflegeschwestern in Jerusalm derart
1710 1996 2946 2066 kleineren Stistungen und regelmäßigen Beiträgen freudigen
488 2026 1712 2098 Anerkennung und Zustimmung finden werden, daß ihnen für
1709 2049 2945 2118 Anklang, wohlwollende Sympathie und hilfsbereite Teilnahme
488 2068 1702 2149 den höchst notwendigen und segenstiftenden Zweck aus Vereins¬
1711 2094 2951 2179 finden werden und bittet er diesfalls sich gefälligst und gütigst
475 2124 1436 2173 mitteln eine jährliche Subvention gewährt wird.
1702 2146 2727 2221 mit ihm in persönliche Verbindung setzen zu wollen.
595 2168 1703 2238 Für Erwerbung eines günstig gelegenen Bauplatzes oder
1708 2191 2954 2289 Phil. Kieferndorf, Prediger und Dozent in
487 2201 1702 2292 Ueberlassung eines für den ins Auge gefaßten Zweck geeigneten
2132 2251 2487 2319 Jerusalem
489 2269 1701 2321 Hauses hat der Unterzeichnete in Anbetracht seiner der Gesamt¬
1710 2269 2935 2372 (für Diakonissenheim „Jeschuat Zion“ in
481 2326 1699 2388 bevölkerung von Jerusalem zugedachten und zugute kommenden
2020 2352 2596 2427 Jerusalem, Adresse).
474 2360 1714 2443 philanthropischen Bestrebungen schon vor einiger Zeit an den
1803 2388 2948 2483 N. S. Nach Wunsch wird über erhaltene Beiträge auch
478 2421 1699 2479 ehrwürdigen griechischen Patriarchen Damianos und dessen
1698 2453 2929 2528 öffentlich quittiert wie die verehrte Redaktion sich wohl auch
474 2467 1698 2537 Synode eine Eingabe gerichtet, auf welche er eine wohlwollende
1701 2508 2937 2598 bereit finden wird, Gaben für den in Rede stehenden guten und
471 2513 1692 2596 und zusagende Antwort erwartet. Neben den jüdischen würden
1707 2557 2814 2630 wohltätigen Zweck entgegenzunehmen und zu übermitteln.
465 2568 1695 2634 es besonders auch die griechischen Bewohner und Aerzte von
2696 2595 2883 2690 D. O.
473 2620 1700 2694 Jerusalem freudigst begrüßen, wenn in Krankheitsfällen eine
480 2674 1710 2733 Zahl von ausgebildeten Pflegeschwestern disponibel wäre, von
478 2712 1714 2769 denen man an den Krankenbetten keine religiöse Propaganda
1976 2700 2625 2808 Der Weg ins Freie.
475 2770 1692 2832 und Proselytenmacherei zu fürchten hätte, wie solche seitens der
1700 2777 2931 2873 (Roman von Arthur Schnitzler. — H. Fischer, Verlag, Berlin 1908).
480 2809 1692 2884 katholischen Barmherzigen Schwestern und der protestantischen
472 2853 1678 2919 konfessionellen Diakonissen nicht selten und mit Vorliebe ge¬
1812 2851 2926 2937 Ueber Menschenschicksale hinweg führt ein Weg ins Freie.
475 2913 1689 2995 trieben wird, da sie eigentlich einen Teil ihres Arbeitsprogrammes
1689 2889 2919 2981 Wer ihn gehen will, muß jenen sicheren Tritt haben, der
463 2951 1200 3012 und ihrer Dienstinstruktin ausmacht.
1699 2957 2923 3023 Gefühle nicht schont, als ob sie Gänseblümchen wären, und
588 2994 1696 3069 Darum haben auch der Vorschlag und die Absicht, in
1706 3006 2926 3068 sie achtlos auf seinem Wege zertritt, der geistig seine Elbogen
1700 3060 2921 3131 zu gebrauchen versteht, der „sich durchringen“ und zu jenem
465 3030 1690 3125 Jerusalem die Verbesserung der allgemeinen Krankenpflege vom
1699 3110 2917 3177 inneren Gleichgewicht kommen kann, das ihn von allen Em¬
458 3106 1692 3180 rein humanen und philanthropischen Gesichts= und Beweggrunde
1702 3162 2814 3229 pfindungen befreit, die seine Fahrt zum Ziele hemmen.
468 3140 1689 3219 aus in die Hand zu nehmen, besonders von seiten der griechischen
471 3210 1695 3275 Aerzte und des griechischen Publikums freudige und zustimmende
1799 3214 2922 3278 Georg Freiherr von Wergenthin geht diesen Weg. Das
467 3246 1688 3318 Anerkennung gefunden, weil neben den Juden auch die Griechen
1698 3258 2919 3328 ist ein junger Mann, ganz erfüllt von einer subtilen Be¬
462 3291 1686 3366 am meisten von der so vielseitig gearteten und versuchten katho¬
1689 3298 2928 3389 gabung und jener feinfühligen egoistischen Grausamkeit des
470 3353 1691 3406 lischen und protestantischen religiösen Propaganda zu leiden
1693 3355 2920 3420 Künstlers, für den Ereignisse nur dann existieren, wenn sie
472 3389 1692 3476 haben. So schreibt z. B. der gelehrte, deutsch=wissenschaftlich
1700 3412 2927 3477 ihm Produktives bringen, und der die Frauen nur insolange
466 3456 1692 3517 gebildete und literarisch mannigfach tätige Direktor der griechisch¬
1688 3452 2924 3518 liebt, als sie seine Schaffenskraft beeinflussen und seine Stim¬
461 3499 1682 3559 theologischen Schule in Jerusalem, Herr Archimandrit Chryso¬
1694 3511 2915 3576 mungen erregen helfen. Er ist Musiker und die Frauen sind
471 3552 1686 3619 stomus Papadopoulos, in der griechischen Jerusalemer Monats¬
1683 3558 2919 3605 ihm nicht mehr und nicht weniger, als die große Partitur
470 3600 1694 3664 schrift „Nea Sion“ über das beabsichtigte Diakonissenheim u. a.
1688 3606 2905 3657 seines Lebens, und werden es nur solange sein, als ihre Me¬
469 3649 1687 3713 folgendes: „Dieses Vorhaben, welchem beinahe alle Jerusalemer
1695 3657 2916 3730 lodien seine feingestimmte Seele berauschen. Aber im Grunde
460 3696 1696 3766 Aerzte ihre Zustimmung und Empfehlung erteilt haben und
1696 3708 2917 3760 liebt er in jeder Frau das Weib, das Weib als Begriff,
462 3744 2940 3821 welches, wie es scheint, auch in Deutschland und sonst bereits als Genuß und ihre Individualität stört ihn zu Zeiten.
