3296 4096
210 44 700 143 23. Der Ne¬
778 48 1209 136 ins Freie
1367 54 1725 152 box 3//3
393 75 1209 180 an en en enenen en  unerenenserenenenene enen ene e
1270 664 2055 781 Neue Wiener Romane,
1609 767 1689 827 Von
852 731 1320 856 Hr i
1359 805 1851 926 □ Willi Handl.
1063 814 1348 963 E7
1601 901 1700 983 II.*)
997 967 2413 1073 Mit Meistern des Romans ist das heutige Oesterreich ja ge¬
877 1016 2406 1114 segnet. Sie sind aus der Unschuld des verliebten Anschauens und
872 1071 2413 1160 der hingegebenen Schilderung längst heraus, streben in leichtem oder
872 1113 2414 1206 in ernst bemühtem Anstieg der Bewältigung hochgipfeinder Probléme
872 1171 2409 1261 zu. Daß diese immer noch, in der Anlage oder in den Versuchen der
871 1214 2406 1317 Lösung, mit irgendeinem spezifisch österreichischen Element gemischt
867 1269 2394 1362 sind, spricht nur für die tiefwurzelnde Echtheit und Bodenverwandtheit
871 1317 2399 1408 dieser Dichter. Und von Wien kommen sie alle nicht los. So sehr
870 1361 2400 1447 jeder von ihnen auch seinen Willen anstrengt, zu möglichst weit¬
870 1419 2389 1514 ausgreifender Betrachtung menschlicher Schicksale, menschlicher Ge¬
867 1468 2396 1561 schichte und Naturgeschichte vorzudringen; sein Sprungbrett bleibt doch
862 1510 2389 1604 immer der vertraute Boden dieser Stadt. In Lurckhards „Die Insel
856 1561 2386 1654 der Seligen***) wird das nicht nur an den Ideen, sondern auch in der
864 1607 2384 1703 Formung offenbar — und leider mit der schreienden Deutlichkeit eines
859 1659 2382 1749 technischen Mißstandes. Dort, wo das Epos hingleitet, so frisch, so
861 1703 2392 1808 klug, so flott, wie nur irgendein geschriebenes oder getanes Werk von
860 1750 2386 1854 Burckhard, da hat es auch seinen natürlichen Wiener Schaupiatz, der
859 1803 2388 1896 nicht nur die Heimat seiner Menschen, sondernlauch die Heimat seiner
861 1848 2384 1951 inneren Bewegung, seines Gedankentempos und seiner sprachlichen
861 1900 2381 1997 Rhythmik ist. Sobald aber der Blick auf die Menschheit und ihre soziale
854 1946 2375 2055 Natur eröffnet werden soll, springt die Erzählung mit einer Plötzlichkeit,
854 1998 2376 2093 die nicht ganz angenehm überrascht, ins Wesenlose und allzu Will¬
968 2077 1292 2147 *) Vergl. Heft 16.
995 2109 1462 2207 Verlag S. Fischer, Berlin.
963 2255 2505 2361 kürliche. Nicht nur das Milieu des Bodens die Insel der Seligen
1039 2330 2489 2397 ist namenlos und unvorstellbar, auch alles menschliche Geschehen
966 2382 2500 2449 wird Theorie, Erläuterung, absichtlich prinzipielle Darstellung, verliert
964 2442 2494 2504 an Bildkraft, an Plastik und damit an künstlerischem Wert. Nur ein
966 2487 2492 2543 paar ernste, großblickende Gedanken bleiben noch und ein feines
969 2530 2496 2596 Lächeln, das über die Gedanken wegführen kann, dorthin, wo der
954 2581 2490 2650 Zweifel wieder beginnt, — aber ohne die Schmerzen seines Stachels.
953 2623 2493 2695 Dieses Lächeln, das Verrat und Versöhnung in gleichem Maße in sich
963 2669 2482 2748 hat, ist so nachdrücklich und so herzlich österreichisch, daß es immerhin
958 2725 2480 2799 auch diesem zweiten Teile des Romans ein Stück der verlorenen
963 2768 2481 2844 Echtheit wiederzugeben imstande ist. Mit dem Verlust des Kunstwerkes,
966 2820 2487 2895 das sich mitten in der Entwicklung so plötzlich selbst zerstört, versöhnt
960 2876 2488 2943 es doch, daß der Künstler, der es schuf, noch aus den ungeordneten
960 2917 2315 2992 Stücken seiner Arbeit so hell und so lebendig zu erkennen ist.
1084 2966 2486 3044 Wie es denn überhaupt diesen Oesterreichern gemeinsam zu sein
961 3011 2486 3098 scheint, daß sie, je reicher ihre Technik wird, nur um so mehr in
959 3063 2481 3141 ihrer Kunst, ob sie es wollen oder nicht, von ihrer Person offenbaren
955 3122 2480 3194 müssen. Niemals noch war Arthur Schnitzler den Problemen seines
963 3166 2486 3242 eigenen Wesens so herzlich nahe, wie in seinem letzten Roman „Der
963 3209 2476 3288 Weg ins Freie“.*) Was ihn und was an ihm beunruhigt hat, hier er¬
956 3268 2483 3340 scheint es klar und deutlich aufgeschrieben: die Unsicherheit des Juden
957 3309 2474 3389 in der modernen Kultur. Eine Handlung, so zart entwickelt und so
950 3360 2474 3439 leicht hingeführt, wie nur seine Meisterschaft es vermag, umwickelt
952 3413 2478 3484 sich auf das dichteste mit den trüb schattierten, unzerreißbar zähen
958 3455 2469 3528 Fäden, die aus der europäischen Judenfrage gesponnen werden. Wie
956 3507 2479 3590 diese Fäden alle Menschen untereinander verbinden und die Gedanken
946 3555 2475 3634 einer ganzen Gesellschaft hin und herleiten, so schnüren sie auch den
946 3601 2478 3685 freien Zug der Geschehnisse ein und pressen sich schwer um den eigent¬
950 3652 2477 3730 lichen, den poetischen Körper dieses Kunstwerkes. Wer bedeutende
943 3706 2462 3776 Gestaltung von Schicksalen erwartet, der wird enttäuscht. Nur
944 3747 2464 3821 bedeutende Fragen nach einem Schicksal erfüllen dieses Werk der
942 3795 2476 3869 inneren Schwere und der Bekenntnisse. Wienerisch ist die Farbe und
939 3847 2464 3931 die sprachliche Art seiner Menschen, österreichisch der leichte Zug,
943 3902 2470 3972 die gepflegte Noblesse seiner Führung. Aber das Gespinst seiner
944 3942 2474 4025 Gedanken flicht sich um Probleme des Judentums, umklammert sie
941 4002 2467 4065 mit jüdischem Eifer, durchhellt sie mit dem Lichte jüdischer Geistigkeit.
