3296 4352
764 236 1163 316 ins Frei
1372 231 1750 321 box 3/2
191 242 705 326 23. Der Ne¬
406 260 1216 352 . A.  — K enen enenenene.
650 812 1710 902 gemeinverständlicher Vorbereitung des geistigen
657 896 1711 935 Diebstahls, sowie von soziologischen Ab¬
665 923 1714 992 schweifungen und Episodischem ausgefüllt. Das
652 968 1709 1023 erste Buch ist weit geschlossener und ent¬
644 1008 1716 1062 hält, namentlich am Anfang, wunderschöne Stim¬
660 1058 1720 1113 mungen. Man möchte eine Zusammendrängung des
654 1108 1707 1161 ganzen zweiten Bandes auf ein Mindestmaß wünschen,
662 1145 1713 1203 das in Gestalt von etwa zwei Kapiteln den Abschluß
657 1195 1715 1240 des ersten bilden könnte. An Gedrängtheit fehlt es
656 1225 1715 1284 vielfach auch dem ersten Teil. Das naturalistische
656 1276 1713 1333 Wesen, das statt künstlerischer Darstellung bloße
664 1324 1714 1377 Schilderung gibt, ist in Johannes Schlaf noch
657 1362 1712 1423 nicht überwunden, obwohl die Form nicht
662 1415 1715 1460 eigentlich naturalistisch, stellenweise sogar ganz
652 1450 1725 1506 subjektiv gehalten ist. Das hängt mit dem
664 1487 1716 1550 zweiten Grundzug von Schlafs Natur zusammen,
648 1529 1726 1587 mit seinem allseligen Lyrismus, der nur scheinbar
652 1586 1726 1636 einen schroffen Gegensatz bildet zur peinlich ehrlichen
663 1633 1715 1688 Wiedergabe der nahen Wirklichkeit durch den Natu¬
649 1676 1720 1727 ralismus. Beide Triebe bezeugen ja im Grunde
653 1715 1583 1766 dieselbe Liebe zur Wahrheit und zur Umwelt.
721 1748 1713 1820 Naturalistische Erbstücke sind noch die phonetisch
658 1812 1728 1860 genaue Wiedergabe höchst zerhackter Sprechweise und
662 1855 1725 1901 die (wenigen) nicht frivolen, aber überflüssigen
667 1887 1725 1948 und darum taktwidrig angewandten, rücksichtslos¬
661 1932 1719 1985 unschamhafen Ausdrücke aus dem sexuellen Gebiet.
657 1980 1718 2044 In der (teilweise allerdings allzu direkten)
670 2028 1721 2077 Charakteristik, in den Kleinwelt= und Natur¬
657 2073 1726 2122 schilderungen, in der persönlichen Wärme der
661 2113 1720 2167 ganzen Erzählung liegt trotz ollen Mängeln
653 2157 1719 2212 soviel dichterischer Reiz, daß Schlafs „Prinz“ beim
663 2201 1729 2254 reiferen Teil des Lesertums allen Anteil verdient.
652 2236 1720 2297 Kapitel wie die Flucht aus der Windmühle oder
663 2284 1725 2336 etwa der Aufenthalt in der Charits gehören zum
660 2329 1431 2393 Besten, das Schlaf je geschrieben hat.
726 2374 1725 2433 Eine Vereinigung von gesundem Erzählertum
652 2421 1726 2475 und lyrischer Stimmungmalerei stellt Georg Engels
663 2467 1720 2521 neuester Roman vor: „Der Reiter auf
656 2500 1716 2555 dem Regenbogen (Vita, Deutsches
666 2548 1726 2603 Verlagshaus, Berlin=Charlottenburg). Der Held
669 2594 1729 2656 ist ein jugendlicher Träumer dessen kurzes
661 2630 1717 2689 Erdendasein in beständigem Zwiespalt zwischen einem
652 2674 1726 2733 reichen Innnenleben und einer drückend engen Um¬
655 2721 1724 2776 gebung verläuft. Gust ist der lebensungeschickte
672 2778 1717 2820 Sohn einer armen Witwe in einer Kleinstadt an der
668 2818 1726 2877 Waterkant. In seinen Träumen scheut er vor keiner
659 2857 986 2927 Großtat zurück.
820 2901 1570 2967 ... Wer herrschen will über beide Welten,
780 2960 1492 3005 Dem müssen die tollsten Dinge gelten.
789 3001 1618 3046 Der wird über das Meer zu Fuß hinschreiten
776 3036 1577 3094 Und auf einer Libelle zum Himmel reiten:“
662 3064 1726 3141 So heißts in einem eingeflochtenen längeren Gedicht
652 3126 1726 3173 von etwas zu freiem Rhythmus. Gusts äußerer
662 3178 1722 3236 Jugendlauf ist um so dürftiger, aber ehrenvoll. Um kein
654 3225 1719 3278 Opfer seiner Überzeugung bringen zu müssen, verläßt er
660 3268 1725 3321 das Gymnasium, ohne die Abgangsprüsung fertig zu er¬
662 3308 1720 3358 ledigen. Eine verehrungsvolle Jugendliebe zu einem
665 3348 1722 3403 vornehmen Mädchen und eine tiefwurzelnde Reinheit
668 3402 1723 3450 schützen ihn vor allem Niederen. Zu guter Letzt, ehe er
669 3451 1717 3490 an einem raschen Leiden stirbt, rettet er ein Fischer¬
659 3482 1719 3526 dorf, in dessen Gewässern die Fischzüge ausbleiben,
667 3526 1716 3571 vor der Verzweiflung dadurch, daß er die Leute
662 3571 1719 3615 auf unsere Kolonie in Südafrika mit ihrem fischreichen
668 3611 1038 3669 Strand hinweist.
734 3640 1712 3705 Das wird mit sehr viel Liebenswürdigkeit vor¬
672 3692 1719 3759 getragen. Und mit Unrecht gilt Liebenswürdigkeit
671 3745 1723 3802 öfters in deutschen Landen als Untugend. Eher
674 3795 1727 3853 könnte man den liebenswürdigen Stil hier zu un¬
663 3834 1721 3896 rastig, zu lebhaft mitagierend finden. Die Wohltat
662 3868 1726 3924 der epischen Ruhe stellt sich nicht leicht ein, wo der
671 3914 1727 3975 Dichter die wechselnden Empfindungen zu lebhaft mit¬
663 3958 1721 4021 macht und ausspricht. Aber in seiner Art ist dieses
674 4016 1727 4061 Buch ganz einheitlich, und seine Art wirkt als natür¬
663 4053 1717 4102 licher Ausfluß eines warmherzigen Temperaments.
671 4104 1730 4158 Es ist wirkliche Tugend darin. Die Land= und See¬
670 4145 1725 4196 stimmungen von der norddeutschen Küste sind, wie
670 4179 1721 4229 in früheren Werken Enaels mit Treue in kräftigen
2229 735 2340 799 856
1734 815 2809 884 welt erkennt und wie er mit dem lebenswidrigen
1742 879 2810 931 Unwesen kämpfen muß, das die versteinerte Gewohn¬
1733 920 2640 979 heit über dem Ursprünglichen angesetzt hat.
1802 948 2810 1023 Walter Bloems Referendar steht dem juristischen
1742 1001 2814 1068 Formelwesen so jugendlich fremd gegenüber, daß
1735 1045 2811 1094 man nicht ohne weiteres begreift, wie derselbe Jüng¬
1739 1091 2806 1153 ling mit dem starken persönlichen Gefühlsleben die
1732 1138 2809 1200 gestrenge Korpsdisziplin erfolgreich überwunden habe.
1739 1197 2812 1239 Es fehlt da eine Andeutung früherer Hemmungen.
1737 1227 2814 1288 Im übrigen ist er ein prächtiger Bursch, der in seinem
1734 1276 2808 1324 eindringlichen Bestreben, Leben und Rechtspflege mit¬
1741 1316 2806 1368 einander zu verbinden, gewiß manches Ersprieß¬
1747 1356 2809 1416 liche leisten wird. Und wenn es auch nicht voll¬
1735 1399 2809 1456 kommen überzeugend motiviert werden kann, daß
1744 1456 2816 1503 die Braut, die er sich erringt, zuvor dem trockensten
1746 1489 2802 1538 Schablonenjuristen ihre Hand zugesagt hatte, so wird
1732 1530 2814 1577 doch das Mädchen, das sich so schön entfaltet, ihm
1736 1579 2462 1638 allerseits herzlichst gegönnt werden.
1800 1604 2806 1673 Der Leser gewinnt bei der Geschichte spielend
1734 1662 2811 1714 die nähere Bekanntschaft mit bedeutsamen Typen
1736 1714 2810 1765 des Richtertums und mit sehr interessanten
1928 1757 2802 1813 in denen das Juristenrecht dem „ge¬
1738 1759 1919 1815 Fällen,
1736 1804 2801 1849 meinen“ Rechtsempfinden Hohn spricht; heilsame
1734 1835 2811 1879 Anregungen mögen daraus entspringen. Außerdem
1749 1882 2805 1943 gibt Bloem flotte Freskoschilderungen seiner nieder¬
1752 1930 2807 1982 rheinisch=wuppertalischen Heimat mit ihrem ab¬
1747 1966 2813 2026 sterbenden Kleinschmiedewesen und ihrer blühenden
1744 2017 2801 2072 Industrie. Den „Paragraphen=Lehrling“ werden die
1740 2068 2803 2115 Juristen und alle, die ihnen je näher treten können,
1732 2105 2294 2154 mit Nutzen kennen lernen.
1824 2140 2811 2206 „Der Wegins Freie“ (Verlag S. Fischer,
1733 2192 2807 2248 Berlin) scheint der erste Roman Arthur Schnitzlers
1747 2243 2814 2290 zu sein. Der junge Mann, der hier im Vordergrund
1742 2274 2811 2332 steht, ist ein Wiener Adeliger und Tonkünstler, genauer:
1739 2320 2808 2379 ein Weltmann mit künstlerischen Interessen und einiger
1745 2373 2812 2423 Begabung für die Tonkunst. Im Laufe der Er¬
1748 2409 2809 2474 zählung sehen wir ihn die Musik auch als Beruf er¬
1750 2444 2811 2514 greifen; er erlangt eine Stellung als Kapellmeister
1744 2508 2813 2553 am Hoftheater zu Detmold und kann noch einmal
1735 2538 2816 2602 in Wien Intendant werden. Mehr Raum als diese
1751 2585 2812 2648 Seite seines Wandels beanspruchen jedoch sein
1752 2629 2807 2677 Liebesleben und seine Berührungen mit der Ge¬
1744 2677 1964 2734 selligkeit.
1807 2704 2809 2761 Eine Liebschaft mit einem feiner organisierten und
1738 2763 2814 2817 gleichfalls musikalisch angelegten Wiener Mädchen
2205 2811 2235 2840 19
1737 2805 2810 2864 nimmt ihn zeitweilig einstlich gefangen, aber eben
1751 2848 2801 2903 doch nur zeitweilig. So sehr ihn die Geburt eines
1745 2891 2813 2946 toten Kindes erschüttert, so sympathisch die charakter¬
1742 2931 2806 2994 volle Geliebte ihm bleibt, seine Natur entzieht sich
1744 2977 2811 3033 dennoch dieser und womöglich jeder Bindung. So
1751 3020 2619 3072 gehen die beiden geräuschlos auseinander.
1810 3052 2811 3125 Die Geselligkeit des nun ästhetischen jungen
1741 3107 2808 3148 Freiherrn gibt dem Dichter Spielraum, das zu be¬
1755 3156 2814 3207 handeln, was ihm offenbar als eigentlicher Gegen¬
1749 3198 2812 3258 stand der Arbeit am Herzen lag: das Wiener
1746 3240 2807 3292 Judentum von heute mit seinen Freund= und
1740 3277 2818 3363 Feindschaften, Anschauungen, Stimmungen und
1751 3328 1994 3382 Aussichten.
1818 3364 2800 3425 Schnitzler bemüht sich dabei, durchaus gerecht zu
1736 3419 2810 3478 sein. Daß trotzdem hie und da sein Herzensanteil
1742 3460 2807 3503 am Schicksal seiner Stammesgenossen unmittel¬
1746 3503 2803 3562 baren Ausdruck findet, ist begreiflich und be¬
1743 3552 2807 3606 rechtigt. Eine klare Lösung der gerade in Wien
1741 3589 2806 3634 so brennenden Frage, wie die Isolierung des Juden¬
1739 3636 2807 3698 tums zu überwinden sei, kann auch er nicht geben.
1748 3678 2809 3731 Dafür liefert er ein offenbar echtes und sehr fesseln¬
1753 3715 2813 3777 des Bild der gegenwärtigen Verhältnisse. Er zeigt
1741 3759 2809 3805 den patriarchalischen und den modern=opportunistischen,
1753 3809 2799 3857 den verbitterten und den tapferen, den fanatisch¬
1743 3853 2805 3906 politischen und den rein künstlerischen, den österreichisch
1761 3896 2535 3956 fühlenden und den zionistischen Juden.
1813 3934 2807 3991 über diesen Schilderungen wird natürlich das
1752 3982 2798 4033 übrige Wiener Leben, das Schnitzler so zärtlich zu
1752 4024 2801 4078 spiegeln weiß, nicht versäumt. Im ganzen zeigt der
1752 4080 2807 4129 Roman wieder einmal, daß die großen Kunstformen
1755 4113 2806 4168 seiner Wesensanlage nicht ganz entsprechen. Er ist
1743 4154 2807 4200 ein Meister des Einakters und der kleinen Novelle,
