<?xml version="1.0" encoding="UTF-8" standalone="yes"?>
<PcGts xmlns="http://schema.primaresearch.org/PAGE/gts/pagecontent/2013-07-15" xmlns:xsi="http://www.w3.org/2001/XMLSchema-instance" xsi:schemaLocation="http://schema.primaresearch.org/PAGE/gts/pagecontent/2013-07-15 http://schema.primaresearch.org/PAGE/gts/pagecontent/2013-07-15/pagecontent.xsd">
    <Metadata>
        <Creator>prov=University of Rostock/Institute of Mathematics/CITlab/Gundram Leifert/gundram.leifert@uni-rostock.de:name=ONB_Newseye_GT_M1+(htr_id=10810)::::v=2.4.2
prov=University of Rostock/Institute of Mathematics/CITlab/Tobias Gruening/tobias.gruening@uni-rostock.de:name=de.uros.citlab.module.baseline2polygon.B2PSeamMultiOriented:v=2.4.2
prov=University of Rostock/Institute of Mathematics/CITlab/Tobias Gruening/tobias.gruening@uni-rostock.de:name=/mnt/transkribus/LA/DEA/URO/LA_news_onb_att.pb:de.uros.citlab.segmentation.CITlab_LA_ML:v=2.4.2
Transkribus</Creator>
        <Created>2019-10-07T10:26:51.478+02:00</Created>
        <LastChange>2019-10-07T13:57:23.933+02:00</LastChange>
        <TranskribusMetadata docId="223898" pageId="9492579" pageNr="104" tsid="16376234" status="IN_PROGRESS" userId="40391" imgUrl="https://files.transkribus.eu/Get?id=QMOOQADYSEIYICFDOEPFQZPN&amp;fileType=view" xmlUrl="https://files.transkribus.eu/Get?id=PGSIAGTBDSXDCHIMQEWZRUMF" imageId="6182867"/>
    </Metadata>
    <Page imageFilename="223898_0104.jpeg" imageWidth="3248" imageHeight="4352">
        <ReadingOrder>
            <OrderedGroup id="ro_1711445055911" caption="Regions reading order">
                <RegionRefIndexed index="0" regionRef="r1"/>
                <RegionRefIndexed index="1" regionRef="r2"/>
            </OrderedGroup>
        </ReadingOrder>
        <TextRegion orientation="0.0" id="r1" custom="readingOrder {index:0;}">
            <Coords points="151,152 151,3293 1664,3293 1664,152"/>
            <TextLine id="r1l1" custom="readingOrder {index:0;}">
                <Coords points="524,191 537,186 561,195 581,190 674,200 671,142 634,154 580,129 548,127 534,139 521,140"/>
                <Baseline points="530,182 557,179 584,178 611,178 638,177 666,172"/>
                <TextEquiv>
                    <Unicode>Weg</Unicode>
                </TextEquiv>
            </TextLine>
            <TextLine id="r1l2" custom="readingOrder {index:1;}">
                <Coords points="144,185 270,203 395,187 480,192 491,189 490,143 360,131 306,172 224,109 142,119"/>
                <Baseline points="151,182 176,185 202,186 227,187 253,187 278,187 304,186 329,185 355,184 380,182 406,181 431,178 457,176 483,174"/>
                <TextEquiv>
                    <Unicode>23. Der</Unicode>
                </TextEquiv>
            </TextLine>
            <TextLine id="r1l3" custom="readingOrder {index:2;}">
                <Coords points="698,196 856,197 896,185 927,198 990,200 1006,187 1020,200 1089,198 1089,126 1045,151 978,147 950,128 896,148 879,137 822,148 751,131 698,138"/>
                <Baseline points="705,184 730,184 755,184 780,184 805,184 830,184 855,184 880,184 906,184 931,184 956,185 981,184 1006,184 1031,184 1056,184 1082,183"/>
                <TextEquiv>
                    <Unicode>ins Frei</Unicode>
                </TextEquiv>
            </TextLine>
            <TextLine id="r1l4" custom="readingOrder {index:3;}">
                <Coords points="1298,203 1366,197 1403,215 1428,202 1527,198 1580,211 1613,192 1646,217 1671,211 1671,138 1621,123 1594,131 1562,120 1499,152 1412,156 1332,125 1299,139"/>
                <Baseline points="1306,192 1331,191 1357,191 1382,191 1408,191 1433,192 1459,193 1485,194 1510,194 1536,194 1561,194 1587,194 1612,193 1638,191 1664,189"/>
                <TextEquiv>
                    <Unicode>box 3/1</Unicode>
                </TextEquiv>
            </TextLine>
            <TextLine id="r1l5" custom="readingOrder {index:4;}">
                <Coords points="337,211 446,231 596,211 719,242 1185,214 1185,188 337,184"/>
                <Baseline points="345,200 386,201 428,202 469,203 511,204 553,205 594,206 636,207 678,207 719,208 761,208 803,209 844,209 886,209 928,210 969,210 1011,210 1053,210 1094,210 1136,210 1178,209"/>
                <TextEquiv>
                    <Unicode>ee rereeseessesset ses ARARRRRASRtaRAAsSeRAARensPaePPerRArE</Unicode>
                </TextEquiv>
            </TextLine>
            <TextLine id="r1l6" custom="readingOrder {index:5;}">
                <Coords points="1163,1232 1201,1247 1245,1235 1267,1250 1321,1238 1338,1253 1452,1240 1534,1248 1535,1180 1477,1169 1440,1138 1352,1147 1335,1135 1290,1148 1237,1134 1209,1151 1165,1141"/>
                <Baseline points="1170,1211 1195,1212 1221,1213 1246,1214 1272,1215 1297,1216 1323,1216 1348,1217 1374,1218 1399,1218 1425,1219 1450,1219 1476,1219 1501,1219 1527,1219"/>
                <TextEquiv>
                    <Unicode>Teleplion 12801.</Unicode>
                </TextEquiv>
            </TextLine>
            <TextLine id="r1l7" custom="readingOrder {index:6;}">
                <Coords points="489,1410 1355,1428 1391,1420 1392,1348 1259,1399 1168,1333 1030,1401 734,1375 639,1325 490,1331"/>
                <Baseline points="496,1403 540,1401 584,1400 629,1399 673,1399 718,1400 762,1401 807,1402 851,1404 896,1406 940,1408 984,1409 1029,1411 1073,1412 1118,1413 1162,1413 1207,1413 1251,1412 1296,1410 1340,1406 1385,1402"/>
                <TextEquiv>
                    <Unicode>Mn </Unicode>
                </TextEquiv>
            </TextLine>
            <TextLine id="r1l8" custom="readingOrder {index:7;}">
                <Coords points="396,1451 1545,1500 1546,1431 1508,1421 397,1433"/>
                <Baseline points="403,1459 459,1458 516,1458 573,1458 630,1459 687,1459 743,1460 800,1460 857,1461 914,1462 971,1463 1027,1463 1084,1464 1141,1465 1198,1466 1255,1467 1311,1467 1368,1468 1425,1468 1482,1469 1539,1469"/>
                <TextEquiv>
                    <Unicode>□ l. österr. behördl. konz. Unternehmen für Zeitungs-Ausschnitte</Unicode>
                </TextEquiv>
            </TextLine>
            <TextLine id="r1l9" custom="readingOrder {index:8;}">
                <Coords points="561,1542 1449,1553 1449,1504 1322,1478 1054,1501 899,1470 562,1472"/>
                <Baseline points="569,1529 612,1531 656,1533 699,1535 743,1536 787,1537 830,1538 874,1538 917,1539 961,1539 1005,1539 1048,1539 1092,1538 1135,1539 1179,1539 1223,1539 1266,1540 1310,1541 1353,1542 1397,1544 1441,1546"/>
                <TextEquiv>
                    <Unicode>Wien, I., Concordiaplatz 4.</Unicode>
                </TextEquiv>
            </TextLine>
            <TextLine id="r1l10" custom="readingOrder {index:9;}">
                <Coords points="395,1582 402,1581 406,1585 416,1582 421,1585 428,1579 439,1582 448,1578 452,1581 474,1579 472,1533 461,1532 455,1537 432,1536 424,1542 415,1542 409,1548 402,1545 394,1547"/>
                <Baseline points="402,1574 434,1571 466,1572"/>
                <TextEquiv>
                    <Unicode>1</Unicode>
                </TextEquiv>
            </TextLine>
            <TextLine id="r1l11" custom="readingOrder {index:10;}">
                <Coords points="787,1584 883,1605 953,1593 1021,1617 1042,1602 1105,1613 1201,1600 1217,1592 1218,1565 788,1557"/>
                <Baseline points="795,1590 820,1592 846,1593 872,1594 898,1595 924,1596 950,1597 976,1597 1002,1598 1028,1599 1054,1599 1080,1599 1106,1599 1132,1599 1158,1599 1184,1598 1210,1597"/>
                <TextEquiv>
                    <Unicode>Vertretungen</Unicode>
                </TextEquiv>
            </TextLine>
            <TextLine id="r1l12" custom="readingOrder {index:11;}">
                <Coords points="461,1639 1546,1640 1440,1596 858,1622 462,1567"/>
                <Baseline points="468,1636 521,1638 575,1639 628,1641 682,1642 735,1643 789,1644 842,1645 896,1646 949,1647 1003,1647 1057,1648 1110,1648 1164,1648 1217,1649 1271,1649 1324,1649 1378,1648 1431,1648 1485,1647 1539,1647"/>
                <TextEquiv>
                    <Unicode>in Berlin, Budapest, Chicago, Christiania, Oenf, Kopen¬</Unicode>
                </TextEquiv>
            </TextLine>
            <TextLine id="r1l13" custom="readingOrder {index:12;}">
                <Coords points="388,1714 499,1681 1554,1700 1509,1654 1278,1646 389,1666"/>
                <Baseline points="396,1687 453,1685 511,1684 568,1683 626,1683 683,1682 741,1682 798,1683 856,1683 913,1683 971,1684 1028,1684 1086,1685 1143,1686 1201,1687 1258,1687 1316,1688 1373,1689 1431,1689 1488,1690 1546,1690"/>
                <TextEquiv>
                    <Unicode>#u hagen, London, Madrid, Mailand, Minneapolis, New -Vork,</Unicode>
                </TextEquiv>
            </TextLine>
            <TextLine id="r1l14" custom="readingOrder {index:13;}">
                <Coords points="491,1733 1466,1752 1515,1748 1516,1709 492,1681"/>
                <Baseline points="498,1718 548,1718 599,1719 649,1719 700,1719 750,1720 801,1720 851,1720 902,1721 952,1721 1003,1721 1053,1722 1104,1723 1154,1723 1205,1724 1255,1725 1306,1726 1356,1727 1407,1729 1457,1730 1508,1732"/>
                <TextEquiv>
                    <Unicode>Paris, Rom, San Francisco, Stockholm, Sti Petersburg.</Unicode>
                </TextEquiv>
            </TextLine>
            <TextLine id="r1l15" custom="readingOrder {index:14;}">
                <Coords points="804,1775 847,1795 944,1758 968,1782 1001,1786 1063,1774 1101,1785 1134,1765 1196,1783 1196,1728 835,1724 805,1738"/>
                <Baseline points="812,1755 837,1756 862,1756 887,1756 912,1757 937,1757 962,1757 987,1757 1012,1757 1037,1758 1062,1758 1087,1758 1112,1759 1137,1759 1162,1760 1188,1761"/>
                <TextEquiv>
                    <Unicode>(Ghlellonahgabe ohne Gewühr.)</Unicode>
                </TextEquiv>
            </TextLine>
            <TextLine id="r1l16" custom="readingOrder {index:15;}">
                <Coords points="392,1839 827,1827 972,1877 1020,1844 1216,1878 1279,1848 1280,1783 991,1793 940,1757 854,1791 533,1773 393,1804"/>
                <Baseline points="400,1831 443,1828 487,1826 530,1824 574,1823 617,1822 661,1822 704,1823 748,1824 791,1825 835,1826 879,1828 922,1830 966,1831 1009,1833 1053,1835 1096,1837 1140,1839 1183,1840 1227,1841 1271,1842"/>
                <TextEquiv>
                    <Unicode>1 Kusschnitt ans: Gzageca, Aaer</Unicode>
                </TextEquiv>
            </TextLine>
            <TextLine id="r1l17" custom="readingOrder {index:16;}">
                <Coords points="397,1943 531,1973 584,1963 752,1987 811,1966 858,1972 866,1882 776,1866 690,1890 612,1867 551,1882 488,1840 406,1840"/>
                <Baseline points="406,1922 432,1922 458,1923 484,1925 510,1927 537,1930 563,1933 589,1936 615,1940 642,1943 668,1946 694,1949 720,1952 747,1953 773,1954 799,1955 825,1954 852,1952"/>
                <TextEquiv>
                    <Unicode>E </Unicode>
                </TextEquiv>
            </TextLine>
            <TextLine id="r1l18" custom="readingOrder {index:17;}">
                <Coords points="453,2047 1449,2092 1513,2064 1515,2025 1126,1993 998,2030 454,2020"/>
                <Baseline points="461,2040 513,2042 565,2043 617,2044 669,2046 722,2047 774,2049 826,2051 878,2052 930,2054 983,2056 1035,2058 1087,2059 1139,2061 1191,2063 1244,2065 1296,2068 1348,2069 1400,2072 1452,2075 1505,2077"/>
                <TextEquiv>
                    <Unicode>13. Jänner. Karczag und Wallner bekommen fürs</Unicode>
                </TextEquiv>
            </TextLine>
            <TextLine id="r1l19" custom="readingOrder {index:18;}">
                <Coords points="414,2106 1502,2139 1459,2093 417,2046"/>
                <Baseline points="422,2097 475,2099 529,2100 582,2102 636,2104 690,2105 743,2107 797,2109 851,2111 904,2113 958,2114 1012,2116 1065,2118 1119,2120 1173,2122 1226,2124 1280,2125 1334,2128 1387,2130 1441,2132 1495,2133"/>
                <TextEquiv>
                    <Unicode>Raimund=Theater nicht die Erlaubnis zu Operetten¬</Unicode>
                </TextEquiv>
            </TextLine>
            <TextLine id="r1l20" custom="readingOrder {index:19;}">
                <Coords points="411,2158 1508,2201 1478,2148 412,2119"/>
                <Baseline points="418,2155 472,2157 526,2160 580,2162 634,2164 688,2166 742,2168 797,2169 851,2171 905,2173 959,2174 1013,2176 1067,2177 1121,2179 1176,2181 1230,2182 1284,2184 1338,2186 1392,2188 1446,2190 1501,2193"/>
                <TextEquiv>
                    <Unicode>vorstellungen. Die k. k. niederösterreichische Statthalterei</Unicode>
                </TextEquiv>
            </TextLine>
            <TextLine id="r1l21" custom="readingOrder {index:20;}">
                <Coords points="412,2229 1472,2271 1509,2208 413,2177"/>
                <Baseline points="419,2215 473,2217 527,2219 581,2221 635,2223 689,2225 743,2227 797,2229 851,2231 905,2233 959,2235 1013,2238 1067,2239 1121,2241 1175,2243 1229,2245 1283,2246 1337,2248 1391,2249 1445,2250 1500,2251"/>
                <TextEquiv>
                    <Unicode>hat also die Wiener Kunst gerettet. Wenn jetzt auch</Unicode>
                </TextEquiv>
            </TextLine>
            <TextLine id="r1l22" custom="readingOrder {index:21;}">
                <Coords points="412,2276 1412,2327 1506,2311 1508,2275 414,2230"/>
                <Baseline points="419,2274 473,2275 527,2277 581,2278 635,2280 689,2283 743,2285 797,2286 851,2289 905,2291 959,2293 1013,2295 1067,2298 1121,2299 1175,2301 1229,2303 1283,2304 1337,2305 1391,2306 1445,2306 1500,2306"/>
                <TextEquiv>
                    <Unicode>die Bandelkramer von Gumpendorf lieber zum</Unicode>
                </TextEquiv>
            </TextLine>
            <TextLine id="r1l23" custom="readingOrder {index:22;}">
                <Coords points="407,2337 1374,2383 1491,2331 408,2299"/>
                <Baseline points="414,2338 467,2337 520,2337 574,2337 627,2337 681,2339 734,2340 787,2342 841,2344 894,2346 948,2349 1001,2352 1054,2354 1108,2357 1161,2359 1215,2362 1268,2363 1321,2365 1375,2367 1428,2368 1482,2369"/>
                <TextEquiv>
                    <Unicode>„Pfarrer von Kirchfeld“ als zur „Lustigen Witwe“</Unicode>
                </TextEquiv>
            </TextLine>
            <TextLine id="r1l24" custom="readingOrder {index:23;}">
                <Coords points="402,2405 1492,2434 1493,2396 1355,2373 1246,2401 1077,2355 404,2357"/>
                <Baseline points="410,2390 463,2392 517,2394 571,2396 625,2398 678,2399 732,2401 786,2402 840,2403 893,2405 947,2407 1001,2408 1055,2410 1108,2412 1162,2413 1216,2416 1270,2418 1323,2420 1377,2423 1431,2426 1485,2429"/>
                <TextEquiv>
                    <Unicode>gehen, dann ist alles in schönster Ordnung. — In der</Unicode>
                </TextEquiv>
            </TextLine>
            <TextLine id="r1l25" custom="readingOrder {index:24;}">
                <Coords points="389,2452 1430,2497 1496,2450 391,2402"/>
                <Baseline points="396,2448 450,2450 505,2451 559,2453 614,2454 669,2456 723,2458 778,2459 832,2461 887,2463 942,2464 996,2466 1051,2467 1105,2469 1160,2471 1215,2473 1269,2475 1324,2477 1378,2479 1433,2481 1488,2483"/>
                <TextEquiv>
                    <Unicode>Fischerschen „Neuen Rundschau“ der Beginn des neuen</Unicode>
                </TextEquiv>
            </TextLine>
            <TextLine id="r1l26" custom="readingOrder {index:25;}">
                <Coords points="394,2498 998,2559 1505,2548 1492,2505 1254,2482 395,2465"/>
                <Baseline points="401,2505 455,2507 510,2508 565,2511 620,2512 675,2515 730,2516 784,2518 839,2521 894,2522 949,2524 1004,2526 1059,2528 1114,2530 1168,2531 1223,2533 1278,2535 1333,2537 1388,2538 1443,2540 1498,2541"/>
                <TextEquiv>
                    <Unicode>Wiener Romans von Schnitzler. Ein Gewirr von</Unicode>
                </TextEquiv>
            </TextLine>
            <TextLine id="r1l27" custom="readingOrder {index:26;}">
                <Coords points="389,2560 1490,2609 1457,2556 390,2531"/>
                <Baseline points="395,2562 449,2564 503,2566 558,2568 612,2570 667,2572 721,2574 775,2576 830,2578 884,2581 939,2582 993,2585 1047,2587 1102,2589 1156,2591 1211,2593 1265,2596 1319,2598 1374,2600 1428,2603 1483,2605"/>
                <TextEquiv>
                    <Unicode>Gestalten, das nicht leicht zu übersehen ist, dazu eine</Unicode>
                </TextEquiv>
            </TextLine>
            <TextLine id="r1l28" custom="readingOrder {index:27;}">
                <Coords points="391,2627 1478,2666 1480,2611 393,2578"/>
                <Baseline points="398,2623 451,2624 505,2626 558,2627 612,2628 666,2630 719,2632 773,2634 827,2636 880,2638 934,2640 988,2643 1041,2645 1095,2647 1149,2649 1202,2651 1256,2654 1310,2656 1363,2658 1417,2661 1471,2663"/>
                <TextEquiv>
                    <Unicode>Fülle von psychologischem Detail, die weites Aus¬</Unicode>
                </TextEquiv>
            </TextLine>
            <TextLine id="r1l29" custom="readingOrder {index:28;}">
                <Coords points="383,2680 1486,2717 1430,2668 385,2642"/>
                <Baseline points="390,2683 444,2684 498,2686 553,2687 607,2689 662,2690 716,2692 771,2694 825,2695 880,2697 934,2699 988,2701 1043,2703 1097,2705 1152,2707 1206,2709 1261,2711 1315,2714 1370,2717 1424,2719 1479,2722"/>
                <TextEquiv>
                    <Unicode>greifen hindern muß. Daneben aber doch ein wenig</Unicode>
                </TextEquiv>
            </TextLine>
            <TextLine id="r1l30" custom="readingOrder {index:29;}">
                <Coords points="383,2740 1484,2771 1389,2721 1317,2753 1180,2715 385,2706"/>
                <Baseline points="391,2740 445,2740 499,2741 553,2742 608,2744 662,2746 716,2748 770,2750 825,2752 879,2754 933,2756 987,2759 1042,2761 1096,2763 1150,2765 1204,2767 1259,2769 1313,2770 1367,2772 1421,2773 1476,2773"/>
                <TextEquiv>
                    <Unicode>mehr Zupacken ais in den früheren Werken. „Oster¬</Unicode>
                </TextEquiv>
            </TextLine>
            <TextLine id="r1l31" custom="readingOrder {index:30;}">
                <Coords points="384,2785 1492,2848 1493,2809 1415,2785 1204,2773 1136,2808 1080,2776 385,2742"/>
                <Baseline points="391,2797 445,2799 500,2801 555,2803 609,2805 664,2807 719,2808 773,2810 828,2811 883,2813 938,2814 992,2816 1047,2818 1102,2820 1156,2822 1211,2824 1266,2827 1320,2830 1375,2833 1430,2836 1485,2840"/>
                <TextEquiv>
                    <Unicode>reichisch sein,“ liest man da beiläufig, „heißt öffentlich</Unicode>
                </TextEquiv>
            </TextLine>
            <TextLine id="r1l32" custom="readingOrder {index:31;}">
                <Coords points="377,2855 1483,2908 1386,2838 379,2820"/>
                <Baseline points="385,2853 439,2855 494,2856 548,2857 603,2859 657,2861 712,2863 766,2865 821,2867 875,2870 930,2872 985,2874 1039,2877 1094,2879 1148,2881 1203,2884 1257,2886 1312,2889 1366,2891 1421,2893 1476,2895"/>
                <TextEquiv>
                    <Unicode>entrüstet sein und geheim über seine Entrüstung lachen,</Unicode>
                </TextEquiv>
            </TextLine>
            <TextLine id="r1l33" custom="readingOrder {index:32;}">
                <Coords points="378,2908 1487,2950 1435,2904 380,2863"/>
                <Baseline points="385,2912 439,2913 494,2914 549,2916 603,2917 658,2919 713,2920 767,2923 822,2925 877,2927 932,2930 986,2931 1041,2934 1096,2937 1150,2939 1205,2942 1260,2944 1314,2946 1369,2949 1424,2951 1479,2953"/>
                <TextEquiv>
                    <Unicode>österreichisch ist die Schadenfreude und der haß gegen</Unicode>
                </TextEquiv>
            </TextLine>
            <TextLine id="r1l34" custom="readingOrder {index:33;}">
                <Coords points="383,2967 1292,3021 1482,3016 1484,2983 385,2921"/>
                <Baseline points="390,2971 444,2972 498,2975 552,2976 607,2978 661,2980 715,2981 770,2983 824,2985 878,2987 933,2989 987,2991 1041,2993 1095,2995 1150,2997 1204,2999 1258,3001 1313,3004 1367,3007 1421,3009 1476,3012"/>
                <TextEquiv>
                    <Unicode>das Talent.“ Auch du, mein Brutus? — Die Juden¬</Unicode>
                </TextEquiv>
            </TextLine>
            <TextLine id="r1l35" custom="readingOrder {index:34;}">
                <Coords points="377,3029 1417,3083 1481,3036 378,2982"/>
                <Baseline points="384,3032 438,3032 492,3033 547,3034 601,3035 656,3036 710,3038 764,3039 819,3041 873,3043 928,3045 982,3047 1036,3050 1091,3052 1145,3054 1200,3056 1254,3059 1308,3061 1363,3063 1417,3065 1472,3067"/>
                <TextEquiv>
                    <Unicode>frage spielt stark hinein, ein wenig post festum</Unicode>
                </TextEquiv>
            </TextLine>
            <TextLine id="r1l36" custom="readingOrder {index:35;}">
                <Coords points="373,3084 1335,3139 1451,3133 1474,3094 374,3047"/>
                <Baseline points="380,3087 434,3089 488,3090 542,3092 597,3093 651,3094 705,3096 760,3097 814,3099 868,3100 923,3102 977,3104 1031,3105 1085,3107 1140,3110 1194,3111 1248,3114 1303,3117 1357,3119 1411,3122 1466,3125"/>
                <TextEquiv>
                    <Unicode>scheint mir, nachdem das allgemeine Wahlrecht den</Unicode>
                </TextEquiv>
            </TextLine>
            <TextLine id="r1l37" custom="readingOrder {index:36;}">
                <Coords points="375,3151 1183,3199 1454,3198 1479,3162 1359,3126 377,3105"/>
                <Baseline points="382,3140 436,3142 490,3143 545,3146 599,3147 654,3150 708,3152 762,3154 817,3156 871,3159 926,3161 980,3164 1034,3166 1089,3169 1143,3172 1198,3175 1252,3177 1306,3181 1361,3183 1415,3185 1470,3188"/>
                <TextEquiv>
                    <Unicode>Antisemitismus erschlagen hat. Im übrigen eine Welt,</Unicode>
                </TextEquiv>
            </TextLine>
            <TextLine id="r1l38" custom="readingOrder {index:37;}">
                <Coords points="367,3203 1414,3260 1500,3248 1502,3203 368,3166"/>
                <Baseline points="374,3199 432,3201 491,3203 550,3204 609,3207 668,3208 727,3211 786,3213 845,3216 904,3219 962,3221 1021,3224 1080,3227 1139,3229 1198,3233 1257,3235 1316,3239 1375,3241 1434,3245 1493,3248"/>
                <TextEquiv>
                    <Unicode>in der das Geld keine Rolle zu spielen scheint, also ,</Unicode>
                </TextEquiv>
            </TextLine>
            <TextLine id="r1l39" custom="readingOrder {index:38;}">
                <Coords points="369,3267 912,3294 913,3261 858,3227 792,3225 768,3243 696,3215 633,3233 370,3227"/>
                <Baseline points="376,3258 402,3260 428,3262 455,3263 481,3265 508,3266 534,3267 561,3269 587,3269 614,3270 640,3270 666,3271 693,3272 719,3273 746,3274 772,3274 799,3275 825,3276 852,3277 878,3279 905,3280"/>
                <TextEquiv>
                    <Unicode>eine außerweltliche Welt.</Unicode>
                </TextEquiv>
            </TextLine>
            <TextEquiv>
                <Unicode>Weg
23. Der
ins Frei
box 3/1
ee rereeseessesset ses ARARRRRASRtaRAAsSeRAARensPaePPerRArE
Teleplion 12801.
Mn 
□ l. österr. behördl. konz. Unternehmen für Zeitungs-Ausschnitte
Wien, I., Concordiaplatz 4.
1
Vertretungen
in Berlin, Budapest, Chicago, Christiania, Oenf, Kopen¬
#u hagen, London, Madrid, Mailand, Minneapolis, New -Vork,
Paris, Rom, San Francisco, Stockholm, Sti Petersburg.
(Ghlellonahgabe ohne Gewühr.)
1 Kusschnitt ans: Gzageca, Aaer
E 
13. Jänner. Karczag und Wallner bekommen fürs
Raimund=Theater nicht die Erlaubnis zu Operetten¬
vorstellungen. Die k. k. niederösterreichische Statthalterei
hat also die Wiener Kunst gerettet. Wenn jetzt auch
die Bandelkramer von Gumpendorf lieber zum
„Pfarrer von Kirchfeld“ als zur „Lustigen Witwe“
gehen, dann ist alles in schönster Ordnung. — In der
Fischerschen „Neuen Rundschau“ der Beginn des neuen
Wiener Romans von Schnitzler. Ein Gewirr von
Gestalten, das nicht leicht zu übersehen ist, dazu eine
Fülle von psychologischem Detail, die weites Aus¬
greifen hindern muß. Daneben aber doch ein wenig
mehr Zupacken ais in den früheren Werken. „Oster¬
reichisch sein,“ liest man da beiläufig, „heißt öffentlich
entrüstet sein und geheim über seine Entrüstung lachen,
österreichisch ist die Schadenfreude und der haß gegen
das Talent.“ Auch du, mein Brutus? — Die Juden¬
frage spielt stark hinein, ein wenig post festum
scheint mir, nachdem das allgemeine Wahlrecht den
Antisemitismus erschlagen hat. Im übrigen eine Welt,
in der das Geld keine Rolle zu spielen scheint, also ,
eine außerweltliche Welt.</Unicode>
            </TextEquiv>
        </TextRegion>
        <TextRegion orientation="0.0" id="r2" custom="readingOrder {index:1;}">
            <Coords points="1819,1762 1819,2410 2820,2410 2820,1762"/>
            <TextLine id="r2l1" custom="readingOrder {index:0;}">
                <Coords points="2111,1790 2725,1817 2728,1736 2654,1750 2529,1727 2114,1724"/>
                <Baseline points="2118,1782 2149,1785 2181,1786 2212,1788 2244,1790 2275,1791 2307,1792 2338,1794 2370,1795 2401,1796 2433,1798 2464,1799 2496,1800 2527,1801 2559,1803 2590,1804 2622,1806 2653,1808 2685,1811 2717,1813"/>
                <TextEquiv>
                    <Unicode>neuer Roman von Arthur Schnit</Unicode>
                </TextEquiv>
            </TextLine>
            <TextLine id="r2l2" custom="readingOrder {index:1;}">
                <Coords points="2122,1830 2264,1853 2338,1840 2359,1858 2591,1848 2651,1866 2653,1807 2612,1801 2552,1816 2462,1801 2424,1818 2374,1796 2343,1811 2124,1796"/>
                <Baseline points="2130,1831 2155,1832 2181,1833 2207,1835 2233,1836 2258,1836 2284,1838 2310,1839 2336,1840 2361,1841 2387,1842 2413,1843 2439,1843 2464,1844 2490,1845 2516,1846 2542,1847 2567,1848 2593,1848 2619,1850 2645,1850"/>
                <TextEquiv>
                    <Unicode>Pause hat sich Schnitzter</Unicode>
                </TextEquiv>
            </TextLine>
            <TextLine id="r2l3" custom="readingOrder {index:2;}">
                <Coords points="2723,1859 2739,1859 2751,1854 2783,1871 2795,1862 2811,1861 2812,1812 2802,1809 2798,1813 2787,1810 2779,1814 2771,1810 2758,1812 2752,1809 2725,1814"/>
                <Baseline points="2730,1853 2767,1854 2804,1855"/>
                <TextEquiv>
                    <Unicode>Be</Unicode>
                </TextEquiv>
            </TextLine>
            <TextLine id="r2l4" custom="readingOrder {index:3;}">
                <Coords points="2137,1888 2417,1880 2779,1909 2821,1896 2823,1839 2751,1867 2139,1843"/>
                <Baseline points="2145,1876 2178,1877 2211,1878 2245,1879 2278,1881 2312,1882 2345,1883 2378,1884 2412,1886 2445,1887 2479,1888 2512,1889 2545,1890 2579,1891 2612,1892 2646,1894 2679,1895 2712,1895 2746,1896 2779,1897 2813,1898"/>
                <TextEquiv>
                    <Unicode>ergebens ein Schauspiel erwartet</Unicode>
                </TextEquiv>
            </TextLine>
            <TextLine id="r2l5" custom="readingOrder {index:4;}">
                <Coords points="2139,1921 2417,1922 2456,1946 2706,1929 2761,1955 2814,1931 2815,1898 2140,1886"/>
                <Baseline points="2146,1921 2179,1922 2212,1924 2245,1925 2278,1926 2311,1928 2344,1929 2377,1931 2410,1932 2443,1933 2476,1935 2509,1936 2542,1937 2575,1938 2608,1939 2641,1940 2674,1941 2707,1941 2740,1942 2773,1942 2807,1942"/>
                <TextEquiv>
                    <Unicode>dem Roman zugewendet. In</Unicode>
                </TextEquiv>
            </TextLine>
            <TextLine id="r2l6" custom="readingOrder {index:5;}">
                <Coords points="2166,1971 2296,1972 2310,1984 2362,1966 2389,1980 2431,1971 2572,1989 2565,1933 2492,1951 2332,1928 2292,1947 2238,1915 2200,1932 2168,1922"/>
                <Baseline points="2174,1967 2200,1968 2226,1969 2252,1971 2278,1971 2304,1973 2330,1973 2356,1974 2382,1974 2408,1975 2434,1976 2460,1976 2486,1977 2512,1977 2538,1977 2565,1978"/>
                <TextEquiv>
                    <Unicode>ft der „Neuen Ru</Unicode>
                </TextEquiv>
            </TextLine>
            <TextLine id="r2l7" custom="readingOrder {index:6;}">
                <Coords points="2684,1996 2692,1996 2708,1982 2723,1990 2727,1985 2734,1989 2747,1985 2765,1993 2812,1962 2810,1937 2796,1937 2787,1948 2776,1946 2768,1954 2757,1956 2735,1946 2715,1953 2694,1935 2680,1933"/>
                <Baseline points="2690,1980 2719,1981 2748,1980 2777,1978 2806,1972"/>
                <TextEquiv>
                    <Unicode>hau“</Unicode>
                </TextEquiv>
            </TextLine>
            <TextLine id="r2l8" custom="readingOrder {index:7;}">
                <Coords points="2154,2019 2214,2011 2266,2031 2291,2013 2325,2027 2411,2015 2443,2034 2455,2030 2458,1976 2410,1982 2363,1967 2309,1983 2291,1970 2266,1979 2225,1968 2185,1979 2157,1965"/>
                <Baseline points="2162,2003 2188,2006 2214,2008 2240,2011 2266,2012 2292,2013 2318,2014 2344,2016 2370,2016 2396,2018 2422,2018 2448,2019"/>
                <TextEquiv>
                    <Unicode>cher), dessen 1</Unicode>
                </TextEquiv>
            </TextLine>
            <TextLine id="r2l9" custom="readingOrder {index:8;}">
                <Coords points="2670,2032 2711,2036 2719,2029 2735,2029 2749,2036 2762,2027 2782,2036 2801,2020 2827,2018 2826,1962 2806,1963 2763,1995 2746,1986 2691,1996 2670,1989"/>
                <Baseline points="2678,2028 2706,2027 2734,2027 2763,2026 2791,2026 2820,2027"/>
                <TextEquiv>
                    <Unicode>eutend</Unicode>
                </TextEquiv>
            </TextLine>
            <TextLine id="r2l10" custom="readingOrder {index:9;}">
                <Coords points="2123,2054 2263,2069 2282,2054 2338,2071 2350,2060 2432,2060 2445,2056 2446,2040 2399,2014 2337,2027 2288,2014 2253,2039 2213,2011 2196,2009 2180,2024 2124,2021"/>
                <Baseline points="2130,2048 2155,2050 2181,2051 2207,2052 2232,2053 2258,2054 2284,2055 2309,2056 2335,2057 2361,2058 2386,2059 2412,2059 2438,2060"/>
                <TextEquiv>
                    <Unicode>en ist, beginnt</Unicode>
                </TextEquiv>
            </TextLine>
            <TextLine id="r2l11" custom="readingOrder {index:10;}">
                <Coords points="2691,2082 2703,2083 2727,2072 2736,2080 2746,2076 2762,2086 2767,2080 2774,2083 2802,2066 2810,2066 2810,2024 2803,2024 2790,2036 2786,2033 2776,2038 2763,2027 2744,2037 2724,2033 2720,2028 2710,2037 2691,2031"/>
                <Baseline points="2698,2069 2724,2073 2750,2073 2776,2072 2803,2070"/>
                <TextEquiv>
                    <Unicode>große</Unicode>
                </TextEquiv>
            </TextLine>
            <TextLine id="r2l12" custom="readingOrder {index:11;}">
                <Coords points="2115,2105 2146,2109 2167,2097 2197,2111 2217,2096 2265,2096 2293,2112 2383,2102 2412,2119 2449,2107 2450,2066 2429,2059 2394,2068 2373,2057 2338,2072 2305,2056 2207,2068 2174,2051 2147,2059 2117,2049"/>
                <Baseline points="2122,2091 2148,2093 2175,2093 2202,2094 2228,2096 2255,2097 2282,2097 2308,2098 2335,2099 2362,2101 2388,2101 2415,2102 2442,2103"/>
                <TextEquiv>
                    <Unicode>cheinen, den Arthi</Unicode>
                </TextEquiv>
            </TextLine>
            <TextLine id="r2l13" custom="readingOrder {index:12;}">
                <Coords points="2683,2114 2698,2121 2705,2116 2718,2120 2738,2116 2744,2121 2767,2116 2780,2122 2797,2107 2814,2110 2815,2065 2802,2065 2779,2081 2766,2080 2760,2086 2746,2076 2725,2086 2711,2078 2698,2083 2684,2081"/>
                <Baseline points="2690,2113 2719,2114 2748,2113 2777,2113 2807,2116"/>
                <TextEquiv>
                    <Unicode>unter</Unicode>
                </TextEquiv>
            </TextLine>
            <TextLine id="r2l14" custom="readingOrder {index:13;}">
                <Coords points="2075,2136 2110,2158 2144,2136 2202,2130 2266,2157 2290,2143 2305,2158 2418,2145 2437,2162 2469,2148 2471,2118 2340,2100 2305,2113 2244,2095 2144,2110 2077,2091"/>
                <Baseline points="2082,2133 2107,2133 2132,2134 2158,2135 2183,2136 2208,2138 2234,2139 2259,2141 2284,2142 2310,2143 2335,2145 2360,2146 2386,2146 2411,2147 2436,2147 2462,2146"/>
                <TextEquiv>
                    <Unicode>Der Weg ins</Unicode>
                </TextEquiv>
            </TextLine>
            <TextLine id="r2l15" custom="readingOrder {index:14;}">
                <Coords points="2693,2158 2707,2162 2721,2158 2738,2166 2765,2158 2780,2170 2799,2152 2811,2152 2812,2111 2800,2110 2777,2128 2770,2121 2751,2115 2744,2120 2730,2116 2718,2121 2704,2113 2694,2115"/>
                <Baseline points="2700,2155 2726,2156 2752,2157 2778,2158 2804,2157"/>
                <TextEquiv>
                    <Unicode>oeben</Unicode>
                </TextEquiv>
            </TextLine>
            <TextLine id="r2l16" custom="readingOrder {index:15;}">
                <Coords points="2059,2185 2701,2214 2810,2202 2812,2152 2543,2172 2464,2141 2438,2162 2202,2130 2060,2146"/>
                <Baseline points="2066,2177 2102,2177 2139,2178 2176,2179 2213,2179 2250,2180 2286,2181 2323,2183 2360,2184 2397,2185 2434,2187 2470,2188 2507,2189 2544,2191 2581,2193 2618,2195 2654,2196 2691,2198 2728,2200 2765,2202 2802,2203"/>
                <TextEquiv>
                    <Unicode>it, und der im modernen Wien spielt.</Unicode>
                </TextEquiv>
            </TextLine>
            <TextLine id="r2l17" custom="readingOrder {index:16;}">
                <Coords points="1970,2218 2529,2238 2565,2262 2781,2252 2814,2198 2625,2214 1971,2178"/>
                <Baseline points="1977,2220 2018,2221 2059,2223 2101,2224 2142,2225 2184,2227 2225,2228 2266,2229 2308,2230 2349,2232 2391,2233 2432,2234 2473,2236 2515,2237 2556,2238 2598,2239 2639,2241 2680,2242 2722,2243 2763,2244 2805,2245"/>
                <TextEquiv>
                    <Unicode>chnitzler sind bisher an erzählenden Werken</Unicode>
                </TextEquiv>
            </TextLine>
            <TextLine id="r2l18" custom="readingOrder {index:17;}">
                <Coords points="1882,2268 2808,2301 2810,2235 2576,2268 2531,2239 1884,2221"/>
                <Baseline points="1889,2261 1934,2262 1980,2264 2025,2265 2071,2266 2117,2268 2162,2269 2208,2271 2254,2272 2299,2274 2345,2275 2391,2277 2436,2278 2482,2280 2528,2281 2573,2283 2619,2285 2665,2286 2710,2287 2756,2289 2802,2290"/>
                <TextEquiv>
                    <Unicode>bständig erschienen: „Sterben", „Leutnant</Unicode>
                </TextEquiv>
            </TextLine>
            <TextLine id="r2l19" custom="readingOrder {index:18;}">
                <Coords points="1875,2317 2733,2343 2799,2325 2800,2293 2039,2265 1986,2293 1956,2263 1876,2266"/>
                <Baseline points="1883,2304 1928,2306 1973,2307 2019,2308 2064,2309 2110,2310 2155,2311 2200,2312 2246,2313 2291,2314 2337,2315 2382,2317 2427,2318 2473,2320 2518,2321 2564,2322 2609,2324 2654,2326 2700,2328 2745,2330 2791,2332"/>
                <TextEquiv>
                    <Unicode>ustl“, „Frau Berta Garlan“ und die Novellen¬</Unicode>
                </TextEquiv>
            </TextLine>
            <TextLine id="r2l20" custom="readingOrder {index:19;}">
                <Coords points="1829,2367 2371,2362 2513,2409 2653,2363 2796,2420 2816,2318 2730,2345 1831,2313"/>
                <Baseline points="1838,2345 1886,2346 1934,2347 1983,2349 2031,2350 2080,2352 2128,2354 2177,2356 2225,2358 2274,2360 2322,2362 2370,2364 2419,2366 2467,2368 2516,2370 2564,2372 2613,2374 2661,2375 2710,2376 2758,2378 2807,2378"/>
                <TextEquiv>
                    <Unicode>sammlungen: „Die Frau des Weisen und</Unicode>
                </TextEquiv>
            </TextLine>
            <TextLine id="r2l21" custom="readingOrder {index:20;}">
                <Coords points="1811,2424 1954,2434 1971,2420 2168,2426 2168,2363 2116,2368 2089,2352 2030,2355 2017,2368 1958,2354 1928,2365 1876,2348 1841,2365 1811,2354"/>
                <Baseline points="1819,2400 1845,2399 1871,2399 1897,2398 1924,2398 1950,2398 1976,2398 2003,2398 2029,2398 2055,2398 2082,2399 2108,2399 2134,2399 2161,2399"/>
                <TextEquiv>
                    <Unicode>„Dämmerseelen.“</Unicode>
                </TextEquiv>
            </TextLine>
            <TextEquiv>
                <Unicode>neuer Roman von Arthur Schnit
Pause hat sich Schnitzter
Be
ergebens ein Schauspiel erwartet
dem Roman zugewendet. In
ft der „Neuen Ru
hau“
cher), dessen 1
eutend
en ist, beginnt
große
cheinen, den Arthi
unter
Der Weg ins
oeben
it, und der im modernen Wien spielt.
chnitzler sind bisher an erzählenden Werken
bständig erschienen: „Sterben", „Leutnant
ustl“, „Frau Berta Garlan“ und die Novellen¬
sammlungen: „Die Frau des Weisen und
„Dämmerseelen.“</Unicode>
            </TextEquiv>
        </TextRegion>
    </Page>
</PcGts>
