3248 4064
565 85 675 154 We
764 76 1187 156 ins Freie
197 74 531 176 23. Der
1362 79 1724 172 box 3/3
382 96 1190 201 a W a   K   e e e e
1013 797 2375 860 Nürnberger stand am Fenster mit leicht gesenktem Kopf, in dem
948 845 2375 906 braunen, hochgeschlossenen Sakko, das er daheim zu tragen liebte. Er
947 905 2366 960 war nicht allein. Von dem Schreibtisch aus einem alten Armstuhl erhob
952 949 2370 1012 sich eben Heinrich, ein Manuskript in den Händen. Georg wurde herz¬
951 995 1255 1059 lich empfangen.
1003 1039 2372 1109 „Sollte Ihr Eintreffen in Wien mit der Direktionskrise in der Oper
942 1086 2375 1157 im Zusammenhang stehn?“ fragte Nürnberger. Er ließ diese Bemerkung
951 1149 2374 1210 nicht ohne weiteres als Spaß gelten. „Ich bitte Sie,“ sagte er, „wenn
947 1195 2362 1254 kleine Jungen, die ihre Beziehungen zur deutschen Literatur bis vor kurzem
953 1248 2371 1300 nur durch den regelmäßigen Besuch eines Literatenkaffees zu dokumen¬
943 1295 2374 1350 tieren in der Lage waren, als Dramaturgen an Berliner Bühnen berufen
944 1343 2372 1404 werden, so sähe ich keinen Anlaß zum Staunen, wenn der Baron Wer¬
947 1388 2372 1450 genthin, nach der immerhin mühevollen sechswöchentlichen Kapellmeister¬
949 1442 2371 1511 karriere an einem deutschen Hoftheater im Triumph an die Wiener Oper
954 1487 1227 1565 geholt würde.“
1014 1520 2367 1602 Georg stellte zur Steuer der Wahrheit fest, daß er nur einen kurzen
951 1587 2374 1648 Urlaub erhalten, um seine Wiener Angelegenheiten zu ordnen; und ver¬
946 1641 2372 1699 gaß nicht zu erwähnen, daß er gestern die neue Tristaninszenierung ge¬
949 1682 2369 1746 wissermaßen im Auftrag seiner Intendanz gesehen habe; doch lächelte
950 1740 2360 1797 er dazu mit Selbstironie. Dann gab er einen kurzen und ziemlich humo¬
950 1778 2371 1837 ristischen Auszug seiner bisherigen Erlebnisse in der kleinen Residenz.
954 1830 2371 1883 Auch das Konzert bei Hof berührte er spöttisch, als sei er fern davon, seiner
952 1883 2370 1943 Stellung, seinen bisherigen Erfolgen, den Theaterdingen, ja dem Leben
947 1928 2374 1982 überhaupt besondere Wichtigkeit beizumessen. So wollte er vor allem
948 1976 2368 2029 seine Position Nürnberger gegenüber gesichert haben. Dann kam das
951 2025 2371 2094 Gespräch auf die Haftentlassung Leo Golowskis. Nürnberger freute sich
942 2076 2365 2138 dieses unverhofften Ausgangs, lehnte es jedoch ab, sich darüber zu wun¬
944 2117 2373 2173 dern, da in der Welt und ganz besonders in Österreich bekanntlich stets das
953 2177 2375 2235 Urwahrscheinlichste zum Ereignis werde. Dem Gerücht von Oskar Ehren¬
946 2224 2372 2275 bergs Yachtfahrt mit dem Prinzen, das Georg als neuen Beweis für die
954 2268 2372 2319 Richtigkeit von Nürnbergers Auffassung vorbrachte, wollte er anfangs
951 2313 2376 2375 trotzdem wenig Glauben schenken. Doch gab er am Ende die Möglichkeit
950 2366 2374 2435 zu, da ja seine Phantasie, wie er seit langem wußte, von der Wirklichkeit
957 2420 1596 2473 immer wieder übertroffen würde.
1007 2454 2378 2545 Heinrich sah auf die Uhr. Es war Zeit für ihn sich zu empfehlen.
1012 2517 2373 2602 „Hab ich die Herren nicht gestört?“ fragte Georg. „Ich glaube, Sie
947 2566 1846 2610 haben was vorgelesen Heinrich, als ich kam.“
1008 2610 1878 2672 „Ich war schon zu Ende“ erwiderte Heinrich.
1015 2674 2375 2743 „Den letzten Akt lesen Sie mir morgen vor, Heinrich“, sagte Nürn¬
951 2710 1093 2772 berger.
1010 2756 2374 2825 „Ich denke nicht daran“ erwiderte Heinrich lachend. „Wenn die zwei
955 2812 2361 2866 ersten Akte im Theater so durchgefallen wären, wie jetzt vor Ihnen,
951 2855 2366 2910 lieber Türnberger, so könnte man das Ding doch auch nicht zu Ende
949 2909 2376 2969 spielen. Nehmen wir an, Nürnberger, Sie seien entsetzt aus dem Parkett
953 2955 2363 3019 ins Freie gestürzt. Den Hausschlüssel und die faulen Eier erlaß ich
950 3000 1103 3071 Ihnen.“
1006 3039 1659 3113 „Donnerwetter!“ rief Georg aus.
1015 3094 2370 3165 „Sie übertreiben wieder einmal, Heinrich“, sagte Nürnberger. „Ich
946 3151 2378 3220 habe mir nur erlaubt einige Einwendungen vorzubringen,“ wandte er
944 3199 2003 3263 sich an Georg, „das ist alles. Aber er ist ein Autor!“
969 3291 1319 3342 2. Juliheft 1909
