3296 4064
222 125 1225 186 23. Der Nec ins Freie
1386 116 1735 202 box 3/3
412 163 1223 228 n. etetee
1577 1222 2727 1281 Ahnung von dieses Volkes geheimnisvollem Los dämmerte in
380 1225 1535 1293 In diesem Roman nun dreht sich alles um das Judentum
1570 1273 2720 1328 ihm auf“ (137). Doch will er sich nicht taufen lassen, „selbst wenn
389 1281 1530 1332 von jüdischem Standpunkt aus. Wo man hinsieht, begegnet
1576 1318 2711 1367 es möglich wäre . .. durch solch einen Trug antisemitischer Be¬
398 1325 1530 1385 man, wie es S. 45 heißt, „nur Juden, die sich schämten,
1574 1365 2710 1426 schränktheit und Schurkerei für alle Zeit zu entrinnnen“ (139).
394 1366 1537 1423 daß sie Juden waren, oder solchen, die darauf stolz waren
393 1420 1532 1467 und Angst hatten, man könnte glauben, sie schämten sich.“ Ueber
1648 1413 2721 1465 Interessant ist, daß dem katholischen Religionsunterricht die
392 1454 1530 1510 ein problematisches Judenstück läßt der Autor einen Grafen
1578 1459 2717 1512 Lektüre Nietzsches und Ibsens als Gegensatz zur Seite gestellt
385 1497 1533 1559 äußern, wenn es nach ihm ginge, „dürften Stücke von Juden
1579 1506 2715 1557 wird (151). Ein Jude kehrt aus Palästina enttäuscht zurück,
388 1545 1522 1598 nur von der Budapester Orpheumgesellschaft aufgeführt werden
1582 1560 2715 1606 da er von den jüdischen Ansiedlungen, die sicherem Vernehmen
394 1592 1524 1652 (S. 54). Ein Jnde glaubt, in menschliche Seelen hineinschauen
1577 1597 2716 1649 nach im Entstehen waren, so gut wie nichts gesehen
382 1639 1541 1692 zu können, „selbst in die von Katholiken, Adeligen und Deut¬
1578 1636 2715 1691 hatte (165). — „Sie kennen doch die Geschichte von dem
394 1679 1533 1737 schen, obwohl ich gehört habe, daß gerade das für unsereinen
1576 1678 2712 1735 polnischen Juden, der mit einem Unbekannten im Eisenbahn¬
390 1717 1535 1772 so unendlich schwer, ja sogar unmöglich sein soll" (59). Der¬
1579 1731 2715 1778 coupé sitzt, sehr manierlich — bis er durch irgend eine Be¬
398 1758 1532 1818 selbe Jude sagt: „Es braucht nicht viel dazu, um die Selbst¬
1574 1763 2714 1818 merkung des andern darauf kommt, daß der auch ein Jude ist,
391 1809 1535 1866 verachtung aufzuwecken, die stets in uns schlummert; und wenn
1586 1818 2715 1861 vorauf er sofort mit einem erlösten „ä soi die Beine auf den
393 1849 1532 1906 das einmal geschehen ist, gibt es keinen Tropf und keinen
1577 1855 2715 1908 Sitz gegenüber ausstreckt. Tief, tief, wie so viele jüdische
392 1905 1533 1954 Schurken, mit dem wir uns nicht innerlich gegen uns selbst ver¬
1571 1897 2721 1943 Anekdoten. Sie schließt einen Blick auf in die Tragi¬
394 1935 1533 1992 bünden“ (59). Ein anderer Jude sagt, er habe bisher erst
1582 1942 2714 1993 komödie des heutigen Judentums. Sie drückt
399 1985 1536 2037 einen einzigen echten Antisemiten kennen gelernt, und das sei
1578 1986 2716 2037 die ewige Wahrheit aus, daß ein Jude vor dem andern nie
388 2031 1540 2082 ein bekannter Zionistenführer (88). Ein Jude freut sich, daß
1582 2029 2724 2085 wirklichen Respekt hat. Nie ... Von Jugend auf werden wir
395 2076 1543 2132 ein anderer ungarl cher Jude „die ganze, ihm persönlich so ver¬
1583 2075 2714 2128 darauf hingehetzt, gerade jüdische Eigenheiten als besonders
406 2112 1539 2184 haßte Feudalbande in irgend einer Weise überlistet und zum
1576 2121 2712 2173 lächerlich oder widerwärtig zu empfinden ... Wenn sich ein
1576 2163 2715 2216 Jude in meiner Gegenwart ungezogen oder lächerlich benimmt,
401 2161 722 2225 Narren hielt“ (88)
468 2202 1535 2263 Interessant ist auch folgende Rede (98): „Wer hat die
1577 2209 2722 2270 befällt mich manchmal ein so peinliches Gefühl, daß ich ver¬
393 2247 1546 2301 liberale Bewegung in Oesterreich geschaffen? Die Juden. Von
1585 2244 2411 2305 gehen möchte, in die Erde versinken“ (186 f.)
400 2283 1539 2346 wem sind die Juden verraten und verlassen worden? Von den
1657 2298 2721 2367 Ein alter Jude, eine Art Nathan der Weise, sagt treffend:
395 2330 1542 2393 Liberalen. Wer hat die deutschnationale Bewegung in Oester¬
1581 2351 2716 2407 „Es gibt auch heutzutage, selbst unter den jungen Leuten, die
393 2376 1541 2433 reich geschaffen? Die Juden. Von wem sind die Juden im
1580 2396 2720 2449 bei Nietzsche und Ibsen aufgewachsen sind, gerade so viel
395 2419 1536 2473 Stich gelassen — was sag' ich . . . bespuckt worden wie die
1589 2435 2715 2494 Philister, als es vor dreißig Jahren gegeben hat; sie geben
406 2468 1546 2531 Hund'? Von den Deutschen! Und geradeso wirds ihnen jetzt
1586 2484 2717 2535 sich nur nicht zu erkennen, außer es geht ihnen selbst an den
401 2513 1540 2569 ergehen mit dem Sozialismus und dem Kommunismus.“ Ein Wort
1577 2523 2717 2582 Kragen, zum Beispiel, wenn ... ihre Frau Gemahlin ihnen
398 2555 1537 2624 eines Antisemiten wird so zitiert (129): „Wissenschaft ist das,
1575 2571 2721 2628 plötzlich mit der Idee kommt, sie will sich ausleben... Es
400 2599 1093 2662 was ein Jud vom andern abschreibt.“
1585 2616 2704 2670 gibt überhaupt keine neue Ideen. Neue Gedankenintensitäten —
480 2625 1548 2696 Ein Jude fühlt von einem arischen Freunde (132): „In
1583 2660 2717 2715 das ja ... Alle ethischen Ideen sind immer da gewesen“ (215 f.).
397 2685 1532 2736 der Tiefe der Seele war auch der ihm feindselig gesinnt, gleich
1664 2710 2722 2770 Ein anderer Zug (265): „Gestern zur Mittagszeit geht
404 2737 1537 2786 all den anderen, die so harmlos an ihm vorbeispazierten.“ Diese
1582 2769 2721 2819 Oskar (ein junger Jude) an der Michaelerkirche vorüber und
403 2773 1547 2827 Leute sehen sich als die Einheimischen an und die Juden als die
1584 2799 2719 2860 lüftet den Hut. Sie wissen, daß es zurzeit kaum eine Eigen¬
405 2815 1536 2877 Fremden (132). Das will der Jude nicht zugeben, daher erscheint
1584 2861 2718 2910 schaft gibt, die für eleganter gilt als die Frömmigkeit. Und so
406 2860 1540 2917 ihm der Zionismus als die schlimmste Heimsuchung, die jemals
1585 2898 2718 2956 bedarf es vielleicht nicht einmal einer weiteren Erklärung, wie
398 2905 1539 2967 über die Juden hereingebrochen war (135). Die Idee einer Er¬
1587 2943 2725 2998 zum Beispiel die, daß eben ein paar junge Aristokraten aus
402 2948 1543 3004 richtung des Judenstaates auf religiöser und nationaler Grundlage
1584 2984 2730 3043 der Kirche gekommen sein mögen, vor denen sich Oskar katholisch
411 2994 1537 3046 erscheint ihm wie eine unsinnige Auflehnung gegen den Geist
1588 3039 2727 3091 gebärden wollte.“ Sein Vater kommt aber dazu und gibt ihm
416 3043 1541 3102 aller geschichtlichen Entwicklung (136). Die Bezeichnung Jude
1591 3075 1852 3142 eine Ohrfeige.
399 3080 1546 3155 geht ihm aber in einer neuen düstern Beleuchtung auf. „Eine
2833 1222 3243 1290 Mit Recht wird dem I
2753 1317 3263 1376 überhaupt nicht mehr imstan
2759 1360 3269 1421 zu sehen, als immer und üb
2756 1401 3272 1469 ich so unhöflich wäre, als es
2758 1445 3264 1514 so würde ich Sie ... verfo
2759 1487 3227 1551 Der Jude meint dagegen,
2769 1535 3260 1588 Wahn des Geborgenseins, de
2763 1579 3252 1638 „Sicherheitswahn, der vielle
2760 1625 3266 1675 für den Befallenen viel gefähr
2752 1668 3262 1727 „Für unsere Zeit gibt eskeine 2
2764 1712 3269 1771 wvieder sieht eine Schuld bei de
2755 1743 3275 1806 manchmal nervös, diese jüdis
2764 1799 3252 1849 kennerischen Leute ... Daß
2759 1846 3258 1900 raschen ließ, das blieb ihn
2754 1885 3243 1943 es, die ihnen fehlte . .. Nur
2756 1932 3264 1984 Und der ältere Jude? Er
2757 1973 3263 2035 eigenen Güte, Weisheit un
2765 2018 3247 2077 Sorte Juden, die er nicht
2770 2063 3062 2121 tandenen“ (335).
2836 2097 3261 2167 Tief aus seiner Seele
2752 2149 3264 2199 Wirklichkeit hab ich nämlich
2757 2197 3259 2250 stell mir's sogar wundersc
2760 2239 3266 2295 glaube, es wäre die allerge
2756 2286 3256 2331 nur treiben könnte. Es mu
2762 2329 3272 2376 Ansichten man bekämpft, auch
2758 2376 3235 2428 auch nicht über den Parteien,
2760 2412 3247 2472 oder gegen alle. Ich hab'
2768 2457 3236 2513 sondern die dialektische.“
2758 2497 3253 2558 „Glauben Sie mir, es gibt
2758 2550 3263 2604 mit der sogenannten Weltat
2832 2589 3258 2648 Wehmut und Mitleide
2760 2631 3262 2687 des Judentums. Es ist das
2767 2673 3243 2738 falschen Geleise zu befinden,
2768 2716 3250 2772 Demgegenüber wirkt es ko
2760 2763 3263 2816 wissermaßen als den Wi
2764 2809 3247 2858 vollendetsten Sinn erklärt
2766 2854 3193 2903 geschichtliches Dokument,
2759 2900 3263 2953 jüdischen Autor zu Dank ve
2768 2941 3238 2996 als es jemals ein Katholik
2764 2981 3256 3037 unlösbar erscheint, ist auf
2765 3027 3263 3096 Nutzen aller. Davon ein an
