3248 4352
494 197 682 274 Ner
921 192 1128 275 Frei
729 199 914 272 ins
154 179 1712 317 23. Der ##g Lns Aeie box 3/1
585 1026 3164 1118 Nun is dieser Nienan, der schr. Dder Weg ins Freie“ bsimmt, gelt er and den Unmmungen manhe ire in De¬
113 1035 384 1144 Roman.
485 1066 1817 1157 betitelt, erschienen.*) Ein echter Schnitzler und ein echtes Buch, wenn
1815 1106 3150 1159 ziehung zu einem Mädchen, das ihm imponiert und Herrschaft über
486 1122 1820 1203 auch nicht der Zeitroman der allgemeinen Vorstellung, keines jener
1814 1156 3155 1213 das bessere Teil seiner Natur gewinnt. Diese Geliebte, Anna
495 1177 1823 1261 Werke, die die Welt im Sturme nehmen, aber eines von jenen, die
1825 1199 3146 1258 Rosner, eine musikalische Künstlernatur, der der Weg zu Wirken
60 1199 484 1290 ie ein Recht haben,
473 1209 1824 1313 den stillen Leser an die Stürme der eigenen Bruft erinnern, kein
1813 1249 3151 1309 und Ruhm versagt ist, weil ihre Stimme für die Oeffentlichkeit
61 1265 485 1342 hnitzler der intimste
479 1277 1814 1356 Weltbild im Sinne der äußeren Vorgänge, aber eine Welt für sich,
1816 1300 3155 1377 nicht auslangt, ist ein echtes Kind der Gegenwart, wie Wergenthin.
63 1327 487 1390 t die großen Staats¬
482 1324 1814 1401 die von den Geheimnissen unseres halbverschleierten Lebens genährt
1816 1343 3141 1426 nur energischer, opfermutiger und stolzer. Tochter einer jener
76 1370 484 1434 r hat Genossen der
485 1372 1809 1443 ist, kein buntes Vielerlei, wodurch der Virtuose der Massenschilderung
1810 1400 3135 1477 Wiener Bürgerfamilion, die einem Baron nur zu weit entgegen¬
63 1415 484 1483 #e gehen, Land und
481 1420 1812 1487 die Sinne reizt, und doch ein großer Reichtum an Gestalten und
1801 1443 3144 1506 1 kommen, also ungehemmt durch ihre Sippe, geht sie mit vollem weib¬
62 1449 489 1548 öbachtung noch mehr
483 1471 1818 1553 Zügen, die Leben von unserem innersten Leben sind. Manche
1808 1484 3143 1572 lichen Stolze den Weg ihrer Herzenswahl, ohne Bedingung, ohne
51 1515 479 1588 mmung einer starken
473 1516 1821 1602 Leser werden das Buch enttäuscht aus der Hand legen: sie
1812 1548 3137 1620 Gedanken an Vorteil und ohne Rücksicht auf die Nachbarn. Das
50 1564 471 1633 rt zu denken und zu
476 1570 1817 1645 werden nicht finden, woran sie eine große Gruppe von
1816 1585 3147 1678 Paar macht ohne Hochzeit seine Hochzeitsreise nach Italien, auf der
84 1615 479 1683 des Innenlebens,
467 1627 1817 1688 Romanen gewöhnt: die endgültige Erledigung von Lebens¬
1815 1640 3140 1716 sich Anna immer mehr in Träume und Sorgen einer jungen Ehe
49 1629 474 1732 erfen, die Erfassung
473 1667 1814 1749 schicksalen und den Versuch, die aufgeworfenen Fragen definitiv zu
1810 1690 3139 1781 hineinlebt, während Georg zwischen den Entzückungen der gemein¬
46 1713 473 1776 lich die Lichtstrahlen
475 1714 1809 1799 beantworten. Aber gerade darin liegt vielleicht die stärkste Eigenart,
1814 1738 3141 1819 samen Wanderungen die Fesseln leicht zu fühlen beginnt und den
53 1759 477 1833 ten Datums brechen,
464 1765 1804 1835 der individuellste Reiz dieses Romans. Er ist auch darin Gegen¬
1806 1789 3144 1865 Regungen, auf seine Freiheit zu trotzen, nicht ganz widerstehen
52 1806 466 1871 innenden Wiener Be¬
464 1822 1801 1873 wartsbuch, daß er auf jedes Definitivum und auf jede sichere Zu¬
1803 1835 3132 1909 kann. Dann gewinnen neue Wallungen die Oberhand. Das
55 1859 467 1926 nnischen Wesens die
468 1858 1800 1945 kunftsverheißung im Schicksalszug, wie im Gedanklichen iverzichtet.
1805 1881 3146 1960 Mädchen, das sich Mutter fühlt, wird in einem Lundhause bei Wien
51 1909 469 1972 nit der Ruhe des
467 1913 1802 1996 Mit keuscher Enthaltsamkeit bleibt Schnitzler bei den Fragen und
1805 1930 3137 2017 geborgen und gepflegt, um Georg schlingen sich die Bande der häus¬
51 1950 471 2024 h fern hält und mit
469 1963 1801 2039 Antinomien stehen, die sich aus der Natur moderner Menschen er¬
1798 1985 3132 2064 lichen Idylle; wie etwas Großes, das den Menschen in den Zug
55 2010 470 2074 ie Meisterschaft des
469 2014 1796 2093 geben und ihnen durch Selbsterziehung zum Bewußtsein kommen.
1794 2022 3140 2121 der Generationen hineinstellt, kommt das Vatergefühl, ein Glück
57 2052 466 2121 greifendes gestaltet.
465 2063 1799 2140 Keine schulmeisternde Reflexion drängt sich dazwischen, keine be¬
1791 2085 3129 2157 und ein Naturwunder, über ihn, und, obgleich er zwischendurch auf
44 2102 468 2169 hl von Dichtungen
465 2104 1796 2186 ruhigende Vorhersage greift darüber hinaus. Alles ist im Fluß, das
1789 2131 3131 2207 einer kleinen Reise ein wildes Abenteuer erlebt, wird ihm die schwere
55 2146 471 2229 ernen Zeiten geholt:
460 2144 1797 2241 Verhältnis der Menschen zu sich selbst und zu den Zuständen, und
1794 2182 3123 2256 Stunde der Geliebten doch zur eigenen Schicksalsstunde, von der er
47 2195 469 2268 akadu“ und im Re¬
470 2205 1792 2283 alles strömt über die Grenzen der Darstellung hinaus. Der Schluß
1790 2227 3124 2300 einen neuen Lebensinhalt und die weitere Richtung seines inner¬
46 2235 467 2322 ler durch das vorrevo¬
460 2262 1791 2331 bedeutet, näher besehen, keinen Schlußpunkt, und gedanklich werden
1792 2270 3126 2354 lichen Daseins erwartet. Aber der Verlauf der Geburt trägt ein
73 2297 465 2369 Typen moderner
462 2309 1800 2393 keine zwingenden Schlüsse aus den Aktionen und Geschicken gezogen.
1790 2323 3125 2407 neues erschütterndes Problem in sich. Das Kind kommt tot zur Welt
48 2332 459 2419 em altitalienischen
461 2348 1786 2426 Wer sich an diese Gegenwartscharaktere der Darstellung stößt, wird
1777 2355 3130 2451 und Georg erschauert vor dem unbefriedigten Lebensdurst, der ihn
67 2395 462 2474 Jungen und die
467 2402 1785 2493 unbefriedigt bleiben. Es ist ein im tieferen Sinne modernes Buch,
1788 2422 3120 2502 aus den Augen des Neugeborenen anspricht. Zärtlichkeit deckt zu¬
104 2440 462 2513 Gegenwart in
456 2451 1377 2535 das einen durchaus modernen Leser verlangt.
1792 2475 3116 2545 nächst den Abgrund der gescheiterten Hoffnungen zu. Wergenthin,
50 2491 472 2562 rvor, in nicht zu
567 2505 1794 2583 Der Roman im engeren Wortsinn — es ist bezeichnend genug,
1781 2503 3116 2600 der aus einem Dilettanten ein Künstler werden möchte, geht als
47 2534 456 2611 n Enge der Motive,
460 2540 1788 2617 daß Roman und Liebesgeschichte Synonyma geworden sind — hat
1793 2571 3121 2643 Kapellmeister an ein kleines deutsches Hoftheater und trennt sich von
52 2587 454 2657 wickelungsganges an
454 2611 1782 2691 keine starke Verwickelung. Es handelt sich um ein Verhältnis, das
1785 2619 3110 2696 Anna, wie von seiner Gattin. Er fühlt sich in der Fremde ge¬
60 2638 456 2702 aufgewühlt, in die
444 2651 1778 2736 über die „Liebelei“ hinausgeht und doch nicht zur Liebe gedeiht.
1785 2666 3120 2724 bunden und, da er auf Urlaub nach Wien zurückkehrt, hofft und
54 2688 453 2763 ersame Feinhörigkeit
450 2704 1784 2773 Der Mann, der es eingeht — es widerstrebt einem fast, ihn im her¬
1779 2718 3114 2799 glaubt er bei Anna, die wieder in ihrem Elternhause weilt, wie bei
63 2734 453 2807 am Leben gelitten
452 2748 1773 2829 kömmlichen Sinne den „Helden des Romans“ zu nennen, der Baron
1783 2769 3117 2830 seinem Weibe daheim zu sein. Aber dieses Heimgefühl will sich
43 2782 455 2860 an eines derartigen
451 2806 1776 2872 Georg Wergenthin, ist ein liebenswürdiger Lebens= und Kunst¬
1781 2812 3119 2887 nicht einstellen, der Zwang schleicht sich in sein Betragen und das
46 2835 454 2898 sen und Können im
447 2851 1775 2916 dilettant, weich, passiv, in seinen Träumereien zwischen Sinnlich¬
1783 2865 3105 2952 Bewußtsein der Ueberflüssigkeit in das stolze Wesen des Mädchens,
50 2878 452 2949 der Roman ist uns
450 2903 1779 2984 keit und Schaffensdrang hin und hergeworfen. Abgelöst von
1783 2909 3112 2986 das im eigenen Gefühl nicht fallen will. Ohne Pathos, ohne Vor¬
46 2926 455 3003 wvorden, in dem alle
449 2945 1777 3027 älteren Moralbegriffen, vom Leben verwöhnt und ein weuig
1782 2959 3111 3043 wurf und ohne Vorbehalt gibt Anna den Mann frei, der ihr nicht
45 2985 445 3045 verbinden, an die
437 3007 1781 3092 shermeichlicht, aber von den Impulsen eines inneren Adelsmenschen
1783 3007 3105 3084 mehr angehört, und mit einem Gemisch von Mitleid und Erlösung,
42 3024 454 3100 üpfen. Man durfte
1775 3056 3113 3106 dankbar wider Willen, nimmt Wergenthin dieses letzte Geschenk des
46 3076 460 3158 den scharfgesehenen
609 3091 1788 3197 „Der Weg ins Freie“, Roman von Arthur Schnitzler, Verlag:
1774 3104 3099 3176 Mädchens, das ihm alles gegeben, entgegen. Fessellos zieht er in
436 3114 834 3213 S. Fischer, Berlin.
1759 3154 3110 3238 die Ferne mit dem Vorsatz, ein tätiger Mensch,
62 3157 442 3252 ##e #h
