3248 4064
1292 63 1646 149 box 3/4
123 67 1126 162 23. Der Ner ins Freie
316 134 1126 202 e en enenene derd ene en eneneneneenereterenternerene.
935 446 1237 539 Telephon 12.591.
1057 531 1147 600 99
483 584 1043 678 SDSEKTET
231 661 1304 733 I. Seterr. behördl. konz. Unternehmen für Zeitunge-Ausschaltee
420 720 1129 779 Wien, I., Concordiaplatz 4.
639 768 910 834 Vertretunges
232 806 1293 871 in Berlin, Basel, Budapest, Chicago, Cleveland, Christianis,
246 861 1296 910 Genf, Kopenhagen, London, Madrid, Mailand, Minneapotts,
245 900 1294 963 Nem-Vork, Paria, Roen, San Francisco, Stockholm, St. Peters¬
644 941 914 998 burg, Toronto.
561 982 986 1044 (Enellenang be ehne Gowd##.
244 1025 1428 1139 Ansschnitt aus: Aarazgezrosrze-
1141 1115 1336 1191 e
247 1141 529 1207 vom:
860 1222 1240 1317 S
855 1285 900 1358 2
629 1365 1091 1436 Arthur Schnitzler:
508 1418 1198 1548 Dejen iil Frihed.
747 1532 974 1607 (Gyldendal.)
506 1637 1237 1712 Mens celdre, honorarfri udenlandst
470 1701 1244 1767 Literatur spredes ud over Landet i
470 1755 1243 1821 billige Udgaver, fortseetter Gyldendalske
472 1804 1242 1862 Forlag sit iheerdige Arbejde for at
468 1860 1229 1916 gere danste Leesere kendt med de yp¬
464 1906 1228 1957 perste Ting i moderne fremmed Li¬
475 1951 1234 2012 teratur. Dette geres dels gennem Uge¬
472 1998 1237 2055 skriftel „Roman og Novelle“, og dels
472 2050 1236 2101 gennem de Boger, der Tid efter an¬
472 2097 1242 2148 den udsendes under Faellestitlen „Mo¬
471 2135 1243 2209 derne Derdensliteratur“. Adstpret af
473 2196 1247 2261 disse Boger er smukt og tiltalende, og
466 2240 985 2309 Drisen er desuagtet billig.
515 2289 1240 2351 Sidst er udkommen en moderne
461 2342 1236 2409 Wiener=Roman „Dejen til Frihed“
471 2390 1231 2449 Bogen skyldes den ostrigste Lage Ar¬
465 2445 1235 2495 thur Schnitzler, der for saa vidt er ny
472 2484 1238 2563 for danste Leesere, som der hidtil kun
467 2539 1230 2587 er oversat et Dar dramatiske Smaa¬
474 2588 1241 2657 ting af ham. I sit Hjemland har han.
444 2648 1210 2699 der endnu er forholdsvis ung, imid¬
438 2698 1217 2766 lertid erobret sig et anset Navn og en
440 2739 737 2803 stor Teesekreds.
480 2782 1212 2851 „Dejen til Frihed“, er hans sidste
444 2834 1201 2906 Bog, og den vil utvivlsomt interessere
443 2884 1199 2944 ogsaa danste Lesere. Dels er dens
443 2939 1207 2999 Karakter= og Menneskeskildring fast og
1317 2905 2094 3003 med megen Finhed og Forstaaelse, og
441 2988 1208 3040 troveerdig, og dels giver den igennem
1328 2996 2085 3046 navnlig i Skildringen af Uvindeni
437 3038 1210 3092 alle sine brogede Optrin et interessant
1330 3037 2092 3096 Forholdet skabes en Figur saa lys og
457 3086 1204 3144 Indblik i noget, der er os danste
1332 3088 2082 3145 straalende midt i al sin deempende
443 3130 1210 3199 fremmed, nemlig i „Antisemitismen“
1322 3133 2091 3213 Sorgmodighed, at den preeger sig le¬
444 3186 1210 3256 og i det Modscetningsforhold, der i
1317 3185 2083 3260 vende og fast i den teenksomme Lee¬
437 3230 1212 3289 andre Lande og da ikke mindst i Ost¬
1332 3230 1630 3297 sers Erindring.
437 3280 1211 3364 rig findes mellem det dpgtige Jodefolk
1367 3275 2091 3353 Arthur Schnitzlers Bog er saaledes
440 3324 823 3402 og alle „de andre“.
1323 3327 2085 3401 en veerdifuld Forsgelse af den Raekke
485 3368 1220 3441 Dette er dog ikke saaledes at for¬
1324 3385 2097 3433 af moderne udenlandsk Literatur, som
440 3425 1210 3491 staa, at Bogen i og for sig seerlig
1320 3431 2084 3485 det store Forlag efterhaanden har ud¬
438 3478 1212 3536 omhandler dette vort moderne Sam¬
1329 3482 2088 3543 sendt, og der er ikke Tvivl om, at
445 3527 1205 3589 funds dumme Racehad eller tager di¬
1316 3534 2089 3591 man ber paaskonne, naar der paa den
441 3570 1208 3636 rekte Parti i Striden. Nej, men i sin
1320 3577 2081 3636 Maade skaffes Bogvenner i vort Land
434 3621 1212 3686 Skildring af Selskabslivet i Wien maa
1319 3625 2086 3684 Lejlighed til at folge med ogsaa i
441 3680 1210 3737 Forfatteren uvilkaarlig beskaeftige sig
1319 3679 2088 3745 den Literatur, der bevaeger de store
438 3724 1207 3779 med denne Sag og kaster gennem sin
1313 3729 2086 3794 Derdenslande, og der samler Interessen
431 3773 1210 3851 Bog mangt et klart Streiflys over
1317 3775 1480 3853 om sig.
1918 3778 2051 3863 E—t.
446 3821 532 3880 den.
485 3856 1207 3930 Et Kaerlighedsforhold mellem to af
435 3912 1211 4002 Bogens unge Mennester er ftilöret
2292 213 2987 311 quapest, Chicage, Cieemand. Chmstien
2246 270 3031 353 gen, Londer, ###usia, Mailand, Minneapolls,
2142 329 3036 408 Paris, Rom, San Francisco, Stockholm, St. Peters¬
2371 369 2652 427 burg, Toronto.
2291 407 2726 494 (Ouchchangabe ohne Gewühr).
1971 446 2858 570 uobtdre
1974 532 3109 664 Sn
2243 842 2888 955 Nye Beger.
2176 979 2963 1049 Arthur Schnitzler: „Vejen til Frihed“.
2231 1035 2956 1107 Oversür A lse-Koppel. (d. B.
2242 1089 2397 1154 N. F.).
2229 1143 2965 1224 Man ferdes meget i Jedekrese i
2175 1208 2945 1289 denne moderne Wiener-Roman; de for¬
2169 1257 2948 1333 skelligste Typer medes og moderettes;
2172 1319 2947 1386 der er unge Mand af yderlig moderne
2169 1375 2947 1445 Tankegang, og Mosaiter, der hylder
2179 1434 2943 1504 Idéen om det hellige Lands Genindies¬
2166 1493 2944 1563 ning; denne Fremstilling, der i sig selv
2175 1544 2947 1624 er yderst livfuld og farverig, faar sin
2175 1613 2940 1676 rette Bekydning i Romanens undre Sam¬
2176 1676 2946 1745 menhang ved den Ledsagelse, den dan¬
2180 1733 2949 1801 ner bil det, som er Bogens egenttige
2176 1788 2945 1846 Emne: det frie Samliv mellem Mand og
2180 1841 2936 1918 Kvinde. I begge Tilfalde er Spergs¬
2182 1894 2952 1970 maalet: hvilket er det rette? Og
2173 1941 2956 2022 Spergsmaalet deler; der er dem, der hol.
2177 2017 2959 2086 der paa det segteskabelige Zion, mens
2183 2078 2948 2155 andre igennem radikal Forandring af
2182 2124 2768 2199 det bestaaende ser Vejen frem.
2243 2178 2949 2263 Bogens Tone er en elegont, leh sen
2184 2235 2947 2302 timental Skepsis; Hovedfiguren, Kom¬
2177 2304 2948 2379 ponist og Friherre Wergenthin, fremstil¬
2183 2356 2952 2427 les som en Yngling, hvis kunstneriske
2183 2424 2950 2481 Evne kun daarligt understettes af hans
2184 2475 2950 2539 Vilie til Produktion, der er svigtende
2181 2529 2948 2598 og spredt, og hvis fglsomme Elskveerdig¬
2180 2587 2952 2662 hed ikke lader sig fortette til en ener¬
2181 2642 2958 2715 gisk énlinjet Fglelse for den Kvinde, der
2187 2707 2955 2772 bliver hans, og som feder ham et Barn.
2237 2758 2955 2817 Barnet er dedfedt, og Wergenthin
2190 2815 2791 2895 glider viljelgs ud af Forholdet.
2239 2867 2960 2947 Den Vej til Frihed, som Titlen lover
2191 2943 2964 3003 at vise, bestaar i at legge saa lidt Energi
2186 2992 2952 3061 som muligt ind i det erotiske Forhold
2193 3048 2917 3111 den, som ikke foler sig bundet, er fri.
2239 3107 2950 3172 Romanen, der foreligger i fin Ford
2183 3170 2960 3232 paa Dansk ved Fru Koppels behrndige
2183 3227 2964 3292 Pen, byder adskilligt til Underholdning
2198 3285 2964 3359 og Eftertanke; den bringer ikke Bud
2199 3351 2962 3402 fra en fremragende og serpraeget Aand,
2196 3388 2969 3463 men er en karakteristisk Skildring af
2198 3457 2967 3541 wienske Typer fra det tyvende Aarbun¬
2843 3574 2930 3639 Fr.
