3296 4352
626 203 748 280 Ne
240 198 489 291 23. 1
820 201 1243 289 ins Freie
1404 206 1803 323 box 3/2
440 206 1283 342 OeF  L  anenunck. Kch u
837 1020 962 1090 0 0
1359 1023 2206 1104 Hermann Bahr: Tagebuch
2529 1024 2715 1128 1193
838 1123 2731 1228 wir an jenem unnützen Erinnern. Wir erkennen, daß wir genau so viel leisten und vor
837 1173 2713 1254 der Zukunft einst gelten werden, als es uns gelingt, Vergangenheit zu vergessen und Ver¬
839 1244 2721 1317 gongenheit vergessen zu machen. Eben das aber, was wir vergessen wollen, daran
838 1293 2709 1378 spritzen sich die Juden jetzt ein künstliches Erinnern ein. Das lustigste Beispiel ist mir
847 1340 2712 1437 immer die Geschichte mit dem Vaterunser, die ich so gern erzähle. Ein Jude sagte einmal,
849 1382 2720 1490 irgend etwas sei ihm unvergeßlich. Und um den Grad der Unvergeßlichkeit recht zu beteuern,
847 1452 2710 1521 sagte er: Unvergeßlich wie das Vaterunser! Ich stutzte. Ich versuchte das Vaterunser auf¬
831 1524 2714 1598 zusagen. Es gelang mir nicht. Ich bin ganz fromm erzogen, meine Mutter war fast, was
845 1565 2711 1653 man eine Betschwester nennt, und in Salzburg, wohin ich dann ins Gymnasium kam,
846 1619 2719 1688 wurden wir sehr kirchlich gehalten. Es gelang mir aber nicht, ich fand schon den dritten
836 1684 2711 1749 Satz nicht mehr. Nun war ich neugierig, ich fing meine Freunde zu prüsen an. Zunächst
845 1711 2713 1799 die, welche in katholischen Klöstern erzogen sind, in Kremsmünster oder bei den Schotten.
836 1778 2718 1853 Siehe da, sie wußten alle das Vaterunser nicht mehr. Wenn ich aber an einen Juden
846 1830 2721 1908 kam, der wußte es. Ich habe das Experiment zuletzt noch in Berlin an unserm Tisch im
843 1893 2720 1988 Savoy gemacht. Da ist ein Baron, den die Jesuiten in Kalisburg erzogen. Dann ist ein
832 1930 2716 2025 Elsässer da, der einmal zu #en großen Hoffnungen der katho#. Literatur gehörte. Wir
837 1995 2715 2086 drei versuchten nun, zusammen das Vaterunser zu buchstabieren. Es gelang uns nicht.
838 2051 2722 2140 Aber da kam lachend Schalom Asch und half uns aus, der wußte es. Ich habe jetzt
835 2101 2713 2170 wenigstens ein Mittel, Juden zu erkennen. Ich frage einen bloß, ob er das Vaterunser weiß.
950 2172 2714 2251 In Schnitzlers Roman ist auch manches Beispiel dafür. Er selbst, dies spürt man
842 2190 2720 2301 überall, er will ja mit aller Kraft heraus: von der angelogenen Vergangenheit weg und
839 2259 2714 2338 aufs Leben los, auf unser eigenes Leben! Jene jüdische Rührung über alles, was die
835 2320 2707 2418 Juden nicht angehi, hat er zu einer Stille, Weiche, Güte der Darstellung gezügelt, die einen
840 2370 2704 2463 künstlerischen Reiz aus ihr macht. Freilich fühlt man ihr bisweilen seine Neigung an, weg¬
835 2434 2711 2515 zutreten, beiseite zu stehen, nicht mitzutun, wozu Gerechtigkeit so viele von uns verführt.
837 2473 2708 2565 Er hat eine Neigung, gekränkt zu sein, wo es vielleicht nützlicher wäre, wütend zu werden
836 2532 2704 2612 (er kann mir allerdings antworten, daß sich Gefühle nicht kommandieren lassen). Jns
841 2585 2716 2680 Freie kommt man freilich, wenn man weggeht. Aber ist es die Freiheit von Flüchtlingen,
839 2635 2705 2714 die wir wollen? Wird Oesterreich frei, wenn man sich von ihm frei macht? Und an die
839 2699 2712 2789 Kraft der stillen Arbeit, von der ihr immer sprecht, kann ich nicht mehr glauben. Still
829 2754 2446 2833 gearbeitet wird in Oesterreich seit hundert Jahren; und es ist noch immer still.
947 2804 2714 2893 Und noch etwas kann ich an Schnitzler nicht verstehen. Erstens teilt er den Irrrum
827 2842 2707 2949 der Juden in Oesterreich, als ob ihr Fall ein besonderer wäre. Das ist er nicht. Sie werden
835 2908 2703 3001 unterdrückt, gewiß. Aber es werden auch die Tschechen, die Ruthenen, die Kroaten, die
840 2963 2714 3059 Rumänen, die Slovenen und die Italiener und so weiter unterdrückt. Der Jude hat bei
829 3020 2702 3102 uns nicht dasselbe Recht wie irgendein deutscher Christ der herrschenden Klassen. Aber
838 3070 2708 3165 der Arbeiter hat es auch nicht. Gar nicht zu reden davon, daß auch der Protestant, oder
838 3123 2699 3196 wer keine Konfession hat, hinter den Rechten der Katholiken zurücksteht. Statt sich nun aber
827 3192 2706 3257 zu den anderen Unterdrückten zu schlagen, biedern sich die Juden entweder den Mächtigen
827 3252 2707 3324 an oder isolieren sich, ich weiß nicht, was dümmer ist. Und zweitens (was mich auch in
837 3291 2712 3387 diesem Noman zuweilen befremdet) schädigen sich die Juden durch eine Forderung, die man
824 3350 2696 3431 ihnen nie bewilligen wird: sie fordern Liebe. Das spüre ich in diesem Roman wieder so
833 3389 2759 3503 stark. Die Juden sitzen da und denken traurig nach, warum man sie nicht gern hat. Aber —
2797 3401 2950 3547 150
