<?xml version="1.0" encoding="UTF-8" standalone="yes"?>
<PcGts xmlns="http://schema.primaresearch.org/PAGE/gts/pagecontent/2013-07-15" xmlns:xsi="http://www.w3.org/2001/XMLSchema-instance" xsi:schemaLocation="http://schema.primaresearch.org/PAGE/gts/pagecontent/2013-07-15 http://schema.primaresearch.org/PAGE/gts/pagecontent/2013-07-15/pagecontent.xsd">
    <Metadata>
        <Creator>prov=University of Rostock/Institute of Mathematics/CITlab/Gundram Leifert/gundram.leifert@uni-rostock.de:name=ONB_Newseye_GT_M1+(htr_id=10810)::::v=2.4.2
prov=University of Rostock/Institute of Mathematics/CITlab/Tobias Gruening/tobias.gruening@uni-rostock.de:name=de.uros.citlab.module.baseline2polygon.B2PSeamMultiOriented:v=2.4.2
prov=University of Rostock/Institute of Mathematics/CITlab/Tobias Gruening/tobias.gruening@uni-rostock.de:name=/net_tf/LA73_249_0mod360.pb:de.uros.citlab.segmentation.CITlab_LA_ML:v=2.4.2
Transkribus</Creator>
        <Created>2019-10-07T10:27:33.476+02:00</Created>
        <LastChange>2019-10-07T17:36:24.908+02:00</LastChange>
        <TranskribusMetadata docId="223898" pageId="9492882" pageNr="247" tsid="16393634" status="IN_PROGRESS" userId="40391" imgUrl="https://files.transkribus.eu/Get?id=PDJBRWGQDXDUTUYEISXDPCNO&amp;fileType=view" xmlUrl="https://files.transkribus.eu/Get?id=BBNEVWIMXQNUULMPCKIQPRSZ" imageId="6183170"/>
    </Metadata>
    <Page imageFilename="223898_0247.jpeg" imageWidth="3248" imageHeight="4096">
        <ReadingOrder>
            <OrderedGroup id="ro_1711445196052" caption="Regions reading order">
                <RegionRefIndexed index="0" regionRef="r1"/>
            </OrderedGroup>
        </ReadingOrder>
        <TextRegion orientation="0.0" id="r1" custom="readingOrder {index:0;}">
            <Coords points="200,173 200,3403 2298,3403 2298,173"/>
            <TextLine id="r1l1" custom="readingOrder {index:0;}">
                <Coords points="1338,204 1380,212 1413,198 1443,208 1509,194 1591,227 1612,217 1707,227 1708,135 1621,144 1581,133 1520,166 1494,153 1423,160 1373,133 1339,138"/>
                <Baseline points="1344,195 1369,194 1395,194 1420,194 1446,195 1471,196 1497,197 1523,198 1548,198 1574,199 1599,199 1625,198 1650,198 1676,196 1702,193"/>
                <TextEquiv>
                    <Unicode>box 3/2</Unicode>
                </TextEquiv>
            </TextLine>
            <TextLine id="r1l2" custom="readingOrder {index:1;}">
                <Coords points="195,222 711,185 1150,207 1184,199 1184,150 194,149"/>
                <Baseline points="200,200 248,200 297,200 346,200 395,200 444,200 493,199 542,199 591,199 640,198 689,198 737,197 786,197 835,197 884,197 933,196 982,196 1031,196 1080,196 1129,196 1178,197"/>
                <TextEquiv>
                    <Unicode>23. Der Ner ins Freie</Unicode>
                </TextEquiv>
            </TextLine>
            <TextLine id="r1l3" custom="readingOrder {index:2;}">
                <Coords points="386,247 562,224 689,248 839,226 1199,241 1199,200 386,204"/>
                <Baseline points="392,221 432,220 472,219 512,219 552,218 592,218 632,218 672,217 712,217 752,217 792,217 832,217 872,217 912,217 952,217 992,217 1032,217 1072,217 1112,217 1152,217 1193,217"/>
                <TextEquiv>
                    <Unicode>eATTAArAURASSARnNeSeUssensSasm numstensastensrurganrsknden zessürgsttesvrnseesengseaaser</Unicode>
                </TextEquiv>
            </TextLine>
            <TextLine id="r1l4" custom="readingOrder {index:3;}">
                <Coords points="1485,710 1495,708 1504,717 1512,712 1524,720 1539,720 1554,711 1592,723 1603,719 1629,730 1656,725 1655,674 1624,666 1609,670 1581,659 1570,662 1549,650 1529,662 1507,648 1484,656"/>
                <Baseline points="1491,707 1517,709 1543,710 1570,709 1596,707 1622,706 1649,705"/>
                <TextEquiv>
                    <Unicode></Unicode>
                </TextEquiv>
            </TextLine>
            <TextLine id="r1l5" custom="readingOrder {index:4;}">
                <Coords points="1062,729 1081,736 1105,727 1127,740 1155,730 1159,734 1185,732 1183,676 1142,668 1124,680 1109,677 1103,682 1095,677 1074,695 1061,692"/>
                <Baseline points="1068,720 1095,716 1123,716 1150,716 1178,714"/>
                <TextEquiv>
                    <Unicode></Unicode>
                </TextEquiv>
            </TextLine>
            <TextLine id="r1l6" custom="readingOrder {index:5;}">
                <Coords points="2202,834 2228,830 2243,836 2255,829 2263,830 2274,818 2305,816 2301,744 2269,752 2265,748 2255,755 2241,751 2236,754 2224,748 2197,752"/>
                <Baseline points="2206,810 2236,808 2267,805 2298,806"/>
                <TextEquiv>
                    <Unicode>2</Unicode>
                </TextEquiv>
            </TextLine>
            <TextLine id="r1l7" custom="readingOrder {index:6;}">
                <Coords points="704,929 1242,942 1275,938 1276,894 1194,868 1130,893 887,865 800,889 704,868"/>
                <Baseline points="710,916 738,917 766,917 794,917 822,917 850,917 878,917 906,917 934,917 962,917 990,917 1018,917 1046,917 1074,917 1102,917 1130,917 1158,918 1186,918 1214,919 1242,919 1270,920"/>
                <TextEquiv>
                    <Unicode>BIL.DENDE KUNST IANNA PLEHN</Unicode>
                </TextEquiv>
            </TextLine>
            <TextLine id="r1l8" custom="readingOrder {index:7;}">
                <Coords points="2146,940 2158,939 2164,945 2184,940 2217,951 2224,949 2234,959 2237,956 2248,959 2249,890 2213,895 2193,886 2179,892 2160,880 2146,884"/>
                <Baseline points="2152,935 2182,935 2212,936 2242,935"/>
                <TextEquiv>
                    <Unicode>237</Unicode>
                </TextEquiv>
            </TextLine>
            <TextLine id="r1l9" custom="readingOrder {index:8;}">
                <Coords points="725,1037 1450,1045 1450,1007 1275,981 1077,1008 725,996"/>
                <Baseline points="731,1030 766,1030 802,1031 837,1031 873,1031 909,1031 944,1032 980,1032 1015,1032 1051,1033 1087,1033 1122,1033 1158,1034 1193,1034 1229,1034 1265,1034 1300,1034 1336,1034 1371,1034 1407,1034 1443,1034"/>
                <TextEquiv>
                    <Unicode>WVenn nur das Hervorragende genannt</Unicode>
                </TextEquiv>
            </TextLine>
            <TextLine id="r1l10" custom="readingOrder {index:9;}">
                <Coords points="1500,1039 1990,1040 1990,997 1690,1009 1661,992 1579,1006 1500,989"/>
                <Baseline points="1506,1034 1531,1034 1556,1034 1581,1034 1606,1034 1631,1035 1656,1035 1682,1035 1707,1035 1732,1035 1757,1035 1782,1035 1807,1035 1833,1035 1858,1036 1883,1036 1908,1036 1933,1036 1958,1036 1984,1036"/>
                <TextEquiv>
                    <Unicode>Dichtkunst Max Hochdorf</Unicode>
                </TextEquiv>
            </TextLine>
            <TextLine id="r1l11" custom="readingOrder {index:10;}">
                <Coords points="712,1075 1451,1089 1435,1038 1237,1037 1163,1062 1132,1036 712,1035"/>
                <Baseline points="718,1069 754,1069 790,1070 826,1071 863,1071 899,1071 935,1072 972,1072 1008,1072 1044,1072 1081,1073 1117,1073 1153,1073 1189,1073 1226,1073 1262,1073 1298,1073 1335,1074 1371,1074 1407,1074 1444,1074"/>
                <TextEquiv>
                    <Unicode>wird und demzufolge die Ausbeute wenig</Unicode>
                </TextEquiv>
            </TextLine>
            <TextLine id="r1l12" custom="readingOrder {index:11;}">
                <Coords points="1500,1094 1736,1082 1921,1094 1959,1110 1961,1061 1501,1052"/>
                <Baseline points="1506,1079 1532,1078 1558,1077 1585,1076 1611,1076 1637,1077 1664,1077 1690,1078 1716,1079 1743,1080 1769,1082 1795,1083 1822,1084 1848,1086 1874,1087 1901,1087 1927,1088 1954,1088"/>
                <TextEquiv>
                    <Unicode>Ressenroman Ur abhängig</Unicode>
                </TextEquiv>
            </TextLine>
            <TextLine id="r1l13" custom="readingOrder {index:12;}">
                <Coords points="1993,1090 2024,1103 2089,1087 2106,1095 2138,1088 2146,1096 2203,1089 2219,1098 2243,1084 2243,1062 2231,1058 2187,1065 2107,1041 2048,1059 2026,1059 2005,1046 1993,1050"/>
                <Baseline points="1999,1086 2025,1086 2051,1086 2078,1086 2104,1086 2131,1086 2157,1086 2184,1085 2210,1084 2237,1083"/>
                <TextEquiv>
                    <Unicode>von wissen¬</Unicode>
                </TextEquiv>
            </TextLine>
            <TextLine id="r1l14" custom="readingOrder {index:13;}">
                <Coords points="718,1121 1456,1122 1456,1086 1417,1077 718,1079"/>
                <Baseline points="724,1108 760,1108 796,1109 832,1109 869,1110 905,1110 941,1110 978,1111 1014,1111 1050,1111 1087,1111 1123,1111 1159,1112 1195,1112 1232,1112 1268,1112 1304,1112 1341,1113 1377,1113 1413,1113 1450,1113"/>
                <TextEquiv>
                    <Unicode>zahlreich erscheint, so kann man sich in</Unicode>
                </TextEquiv>
            </TextLine>
            <TextLine id="r1l15" custom="readingOrder {index:14;}">
                <Coords points="1748,1131 2245,1139 2245,1100 2186,1088 2099,1104 2013,1103 1972,1080 1941,1104 1748,1091"/>
                <Baseline points="1754,1124 1779,1124 1804,1124 1830,1124 1855,1124 1881,1124 1906,1124 1932,1124 1957,1124 1983,1124 2008,1124 2034,1125 2059,1125 2085,1125 2110,1125 2136,1125 2161,1125 2187,1125 2212,1125 2238,1125"/>
                <TextEquiv>
                    <Unicode>schaftlicher Verständigkeit,</Unicode>
                </TextEquiv>
            </TextLine>
            <TextLine id="r1l16" custom="readingOrder {index:15;}">
                <Coords points="717,1164 1452,1166 1452,1120 1397,1115 1348,1140 1239,1116 717,1121"/>
                <Baseline points="724,1149 760,1149 796,1149 832,1149 868,1149 904,1149 940,1149 976,1150 1012,1150 1048,1150 1085,1151 1121,1151 1157,1151 1193,1151 1229,1152 1265,1152 1301,1152 1337,1152 1373,1152 1409,1151 1446,1151"/>
                <TextEquiv>
                    <Unicode>etwas mit dem Ausland trösten. Das</Unicode>
                </TextEquiv>
            </TextLine>
            <TextLine id="r1l17" custom="readingOrder {index:16;}">
                <Coords points="1743,1170 1757,1169 1766,1174 1768,1171 1781,1171 1783,1174 1790,1169 1798,1169 1799,1167 1800,1169 1807,1169 1807,1141 1789,1137 1783,1141 1772,1134 1761,1139 1743,1137"/>
                <Baseline points="1749,1163 1775,1163 1801,1163"/>
                <TextEquiv>
                    <Unicode>nur</Unicode>
                </TextEquiv>
            </TextLine>
            <TextLine id="r1l18" custom="readingOrder {index:17;}">
                <Coords points="1807,1156 1902,1180 2008,1159 2057,1179 2247,1175 2247,1136 2183,1129 2072,1143 1894,1129 1807,1143"/>
                <Baseline points="1814,1165 1839,1165 1864,1164 1889,1164 1914,1164 1939,1164 1964,1164 1989,1164 2014,1164 2039,1164 2064,1165 2089,1165 2114,1165 2139,1164 2164,1164 2189,1164 2214,1163 2240,1162"/>
                <TextEquiv>
                    <Unicode>einem sudjektiven</Unicode>
                </TextEquiv>
            </TextLine>
            <TextLine id="r1l19" custom="readingOrder {index:18;}">
                <Coords points="718,1203 1166,1209 1273,1184 1410,1205 1441,1202 1442,1158 719,1163"/>
                <Baseline points="724,1185 759,1186 795,1187 830,1187 866,1188 901,1188 937,1189 972,1189 1008,1189 1043,1189 1079,1190 1115,1190 1150,1190 1186,1190 1221,1190 1257,1190 1292,1190 1328,1191 1363,1191 1399,1191 1435,1192"/>
                <TextEquiv>
                    <Unicode>schwächlich empfundene und matt ge¬</Unicode>
                </TextEquiv>
            </TextLine>
            <TextLine id="r1l20" custom="readingOrder {index:19;}">
                <Coords points="1502,1216 2248,1205 2248,1174 2198,1166 1788,1186 1705,1146 1609,1182 1502,1159"/>
                <Baseline points="1508,1201 1544,1201 1581,1202 1618,1202 1654,1202 1691,1202 1728,1203 1764,1203 1801,1203 1838,1203 1875,1203 1911,1203 1948,1203 1985,1203 2021,1203 2058,1203 2095,1203 2131,1203 2168,1203 2205,1203 2242,1202"/>
                <TextEquiv>
                    <Unicode>Drange folgend, versuchen einige Schrift¬</Unicode>
                </TextEquiv>
            </TextLine>
            <TextLine id="r1l21" custom="readingOrder {index:20;}">
                <Coords points="714,1232 1452,1243 1453,1204 715,1202"/>
                <Baseline points="720,1225 756,1226 792,1226 828,1227 865,1227 901,1227 937,1228 974,1228 1010,1228 1046,1228 1083,1228 1119,1229 1155,1229 1191,1229 1228,1229 1264,1230 1300,1230 1337,1231 1373,1231 1409,1232 1446,1232"/>
                <TextEquiv>
                    <Unicode>schene Frauenideal Aman-Jeans,</Unicode>
                </TextEquiv>
            </TextLine>
            <TextLine id="r1l22" custom="readingOrder {index:21;}">
                <Coords points="1502,1248 2022,1242 2100,1266 2252,1252 2252,1202 1502,1215"/>
                <Baseline points="1508,1241 1544,1241 1581,1242 1618,1242 1655,1242 1692,1242 1729,1242 1766,1242 1803,1242 1840,1241 1877,1241 1913,1241 1950,1241 1987,1241 2024,1241 2061,1242 2098,1242 2135,1242 2172,1242 2209,1243 2246,1243"/>
                <TextEquiv>
                    <Unicode>steller das Problem der Rasse künstlerisch</Unicode>
                </TextEquiv>
            </TextLine>
            <TextLine id="r1l23" custom="readingOrder {index:22;}">
                <Coords points="716,1271 1449,1277 1449,1250 1411,1234 716,1234"/>
                <Baseline points="722,1265 758,1266 794,1266 830,1266 866,1267 902,1267 938,1267 974,1267 1010,1267 1046,1267 1082,1268 1118,1268 1154,1268 1190,1268 1226,1268 1262,1268 1298,1268 1334,1268 1370,1268 1406,1269 1442,1269"/>
                <TextEquiv>
                    <Unicode>der oberflächliche, von einer Seite rosa,</Unicode>
                </TextEquiv>
            </TextLine>
            <TextLine id="r1l24" custom="readingOrder {index:23;}">
                <Coords points="1505,1292 2238,1285 2221,1249 2098,1266 2019,1242 1831,1266 1505,1250"/>
                <Baseline points="1511,1280 1547,1281 1583,1281 1619,1281 1655,1281 1691,1282 1727,1282 1763,1281 1799,1281 1835,1281 1871,1281 1907,1281 1943,1281 1979,1281 2015,1281 2051,1281 2087,1281 2123,1281 2159,1281 2195,1281 2232,1281"/>
                <TextEquiv>
                    <Unicode>zu lösen; sie tun es vielleicht in polemi¬</Unicode>
                </TextEquiv>
            </TextLine>
            <TextLine id="r1l25" custom="readingOrder {index:24;}">
                <Coords points="717,1313 1402,1316 1440,1314 1440,1279 717,1282"/>
                <Baseline points="723,1305 758,1306 794,1306 829,1306 865,1306 900,1306 936,1306 971,1307 1007,1307 1042,1307 1078,1307 1114,1307 1149,1307 1185,1307 1220,1307 1256,1307 1291,1307 1327,1307 1362,1306 1398,1306 1434,1305"/>
                <TextEquiv>
                    <Unicode>von der anderen blau belichtete weib¬</Unicode>
                </TextEquiv>
            </TextLine>
            <TextLine id="r1l26" custom="readingOrder {index:25;}">
                <Coords points="1511,1326 1998,1314 2240,1334 2240,1285 1511,1290"/>
                <Baseline points="1517,1319 1552,1320 1588,1320 1624,1320 1660,1321 1696,1321 1731,1321 1767,1321 1803,1321 1839,1321 1875,1321 1910,1321 1946,1321 1982,1321 2018,1321 2054,1321 2089,1320 2125,1320 2161,1320 2197,1320 2233,1320"/>
                <TextEquiv>
                    <Unicode>scher Absicht, indem sie irgendwelche</Unicode>
                </TextEquiv>
            </TextLine>
            <TextLine id="r1l27" custom="readingOrder {index:26;}">
                <Coords points="717,1353 1453,1361 1453,1307 1235,1330 1214,1312 717,1309"/>
                <Baseline points="723,1344 759,1344 795,1344 831,1344 867,1345 903,1345 939,1345 976,1346 1012,1346 1048,1346 1084,1347 1120,1347 1156,1347 1192,1347 1229,1347 1265,1347 1301,1347 1337,1347 1373,1347 1409,1346 1446,1346"/>
                <TextEquiv>
                    <Unicode>liche Halbakt Besnards, die iinmer</Unicode>
                </TextEquiv>
            </TextLine>
            <TextLine id="r1l28" custom="readingOrder {index:27;}">
                <Coords points="1508,1362 2245,1364 2245,1333 2188,1325 1509,1326"/>
                <Baseline points="1515,1358 1551,1358 1587,1359 1623,1359 1659,1360 1696,1360 1732,1360 1768,1360 1804,1360 1840,1360 1877,1360 1913,1359 1949,1359 1985,1359 2021,1359 2058,1359 2094,1359 2130,1359 2166,1359 2202,1360 2239,1360"/>
                <TextEquiv>
                    <Unicode>Rassenthcorie über den Haufen werfen</Unicode>
                </TextEquiv>
            </TextLine>
            <TextLine id="r1l29" custom="readingOrder {index:28;}">
                <Coords points="714,1402 751,1384 796,1408 839,1381 1452,1398 1452,1360 1424,1353 714,1353"/>
                <Baseline points="720,1383 756,1383 792,1384 828,1384 865,1384 901,1384 937,1385 974,1385 1010,1385 1046,1385 1083,1385 1119,1385 1155,1385 1191,1385 1228,1385 1264,1385 1300,1385 1337,1385 1373,1385 1409,1385 1446,1385"/>
                <TextEquiv>
                    <Unicode>greller werdenden Bilder Zorns zeigen,</Unicode>
                </TextEquiv>
            </TextLine>
            <TextLine id="r1l30" custom="readingOrder {index:29;}">
                <Coords points="1513,1404 2238,1407 2238,1373 2204,1363 1513,1370"/>
                <Baseline points="1519,1398 1554,1398 1590,1399 1625,1399 1661,1399 1697,1399 1732,1399 1768,1399 1803,1399 1839,1399 1875,1399 1910,1399 1946,1399 1981,1399 2017,1398 2053,1398 2088,1398 2124,1398 2159,1398 2195,1398 2231,1398"/>
                <TextEquiv>
                    <Unicode>und an ihren Menschen, deren Schick¬</Unicode>
                </TextEquiv>
            </TextLine>
            <TextLine id="r1l31" custom="readingOrder {index:30;}">
                <Coords points="718,1428 1328,1431 1328,1390 1221,1407 1082,1389 1053,1410 878,1386 719,1400"/>
                <Baseline points="724,1421 753,1422 783,1423 813,1423 843,1423 873,1424 903,1424 933,1424 963,1424 993,1424 1023,1424 1052,1424 1082,1424 1112,1424 1142,1424 1172,1424 1202,1424 1232,1424 1262,1424 1292,1425 1322,1425"/>
                <TextEquiv>
                    <Unicode>wie schnell es abwärts geht.</Unicode>
                </TextEquiv>
            </TextLine>
            <TextLine id="r1l32" custom="readingOrder {index:31;}">
                <Coords points="1328,1436 1350,1432 1365,1420 1374,1421 1392,1435 1444,1430 1443,1396 1434,1398 1424,1389 1415,1396 1403,1390 1380,1395 1362,1391 1343,1402 1327,1399"/>
                <Baseline points="1334,1426 1360,1425 1386,1424 1412,1423 1438,1424"/>
                <TextEquiv>
                    <Unicode>Der</Unicode>
                </TextEquiv>
            </TextLine>
            <TextLine id="r1l33" custom="readingOrder {index:32;}">
                <Coords points="1508,1441 2149,1451 2235,1438 2235,1407 1508,1408"/>
                <Baseline points="1514,1436 1549,1436 1585,1437 1621,1437 1657,1437 1692,1437 1728,1438 1764,1438 1800,1438 1835,1438 1871,1438 1907,1438 1943,1438 1978,1438 2014,1438 2050,1438 2086,1437 2121,1437 2157,1436 2193,1436 2229,1435"/>
                <TextEquiv>
                    <Unicode>salsverkettungen und Charaktereigen¬</Unicode>
                </TextEquiv>
            </TextLine>
            <TextLine id="r1l34" custom="readingOrder {index:33;}">
                <Coords points="712,1474 1452,1480 1452,1427 712,1436"/>
                <Baseline points="718,1462 754,1462 790,1462 827,1462 863,1463 900,1463 936,1463 972,1463 1009,1463 1045,1463 1082,1463 1118,1463 1154,1463 1191,1463 1227,1463 1264,1463 1300,1463 1336,1463 1373,1463 1409,1463 1446,1463"/>
                <TextEquiv>
                    <Unicode>Schwede sicht die Haut immer weisser,</Unicode>
                </TextEquiv>
            </TextLine>
            <TextLine id="r1l35" custom="readingOrder {index:34;}">
                <Coords points="1507,1488 1922,1474 2165,1496 2236,1483 2236,1438 1507,1441"/>
                <Baseline points="1513,1475 1548,1476 1584,1476 1620,1476 1656,1476 1692,1477 1728,1477 1763,1477 1799,1477 1835,1477 1871,1477 1907,1477 1943,1477 1979,1476 2014,1476 2050,1476 2086,1476 2122,1476 2158,1476 2194,1476 2230,1476"/>
                <TextEquiv>
                    <Unicode>schaften zeigen wollen, welches ihre Mei¬</Unicode>
                </TextEquiv>
            </TextLine>
            <TextLine id="r1l36" custom="readingOrder {index:35;}">
                <Coords points="710,1513 1447,1511 1447,1478 1344,1463 710,1473"/>
                <Baseline points="716,1502 752,1501 788,1501 824,1501 861,1501 897,1501 933,1502 969,1502 1006,1502 1042,1502 1078,1503 1114,1503 1151,1503 1187,1503 1223,1503 1259,1503 1296,1503 1332,1503 1368,1502 1404,1502 1441,1501"/>
                <TextEquiv>
                    <Unicode>das Grün und Rot greller, die Körper</Unicode>
                </TextEquiv>
            </TextLine>
            <TextLine id="r1l37" custom="readingOrder {index:36;}">
                <Coords points="1510,1521 2218,1528 2239,1484 1510,1494"/>
                <Baseline points="1517,1514 1552,1515 1588,1515 1624,1516 1660,1516 1696,1516 1731,1516 1767,1516 1803,1516 1839,1516 1875,1516 1910,1516 1946,1516 1982,1515 2018,1515 2054,1515 2089,1515 2125,1515 2161,1515 2197,1516 2233,1516"/>
                <TextEquiv>
                    <Unicode>nung ist. Nun kommt es aber bei einem</Unicode>
                </TextEquiv>
            </TextLine>
            <TextLine id="r1l38" custom="readingOrder {index:37;}">
                <Coords points="709,1555 1169,1540 1358,1560 1447,1545 1447,1506 1260,1529 1178,1506 709,1514"/>
                <Baseline points="715,1540 751,1540 787,1540 823,1540 860,1540 896,1540 932,1541 969,1541 1005,1541 1041,1541 1078,1541 1114,1541 1150,1541 1186,1541 1223,1541 1259,1541 1295,1541 1332,1540 1368,1540 1404,1539 1441,1538"/>
                <TextEquiv>
                    <Unicode>sehr rund, aber wie von Glas, und bietet</Unicode>
                </TextEquiv>
            </TextLine>
            <TextLine id="r1l39" custom="readingOrder {index:38;}">
                <Coords points="1512,1558 2242,1560 2242,1522 2129,1515 2029,1533 1512,1521"/>
                <Baseline points="1518,1553 1553,1553 1589,1554 1625,1554 1661,1554 1697,1554 1733,1555 1769,1555 1805,1555 1841,1555 1877,1555 1912,1555 1948,1555 1984,1555 2020,1555 2056,1555 2092,1555 2128,1554 2164,1554 2200,1554 2236,1554"/>
                <TextEquiv>
                    <Unicode>Kunstwerk, einem Roman, nicht auf</Unicode>
                </TextEquiv>
            </TextLine>
            <TextLine id="r1l40" custom="readingOrder {index:39;}">
                <Coords points="718,1594 1369,1577 1406,1595 1450,1585 1450,1548 718,1554"/>
                <Baseline points="724,1579 760,1579 796,1579 832,1579 868,1580 904,1580 940,1580 976,1580 1012,1580 1048,1580 1084,1580 1120,1580 1156,1580 1192,1580 1228,1580 1264,1579 1300,1579 1336,1579 1372,1579 1408,1579 1444,1578"/>
                <TextEquiv>
                    <Unicode>so immer mehr das unerfreuliche Bild</Unicode>
                </TextEquiv>
            </TextLine>
            <TextLine id="r1l41" custom="readingOrder {index:40;}">
                <Coords points="1506,1601 2234,1603 2234,1560 1506,1562"/>
                <Baseline points="1512,1591 1547,1592 1583,1593 1619,1593 1655,1594 1691,1594 1726,1594 1762,1594 1798,1594 1834,1594 1870,1594 1905,1594 1941,1594 1977,1594 2013,1594 2049,1593 2084,1593 2120,1593 2156,1593 2192,1593 2228,1593"/>
                <TextEquiv>
                    <Unicode>die Meinung sondern auf das gestaltende</Unicode>
                </TextEquiv>
            </TextLine>
            <TextLine id="r1l42" custom="readingOrder {index:41;}">
                <Coords points="713,1625 1441,1635 1429,1586 713,1597"/>
                <Baseline points="719,1618 754,1618 790,1618 826,1618 862,1619 898,1619 933,1619 969,1619 1005,1619 1041,1619 1077,1619 1112,1619 1148,1619 1184,1619 1220,1619 1256,1618 1291,1618 1327,1618 1363,1618 1399,1618 1435,1617"/>
                <TextEquiv>
                    <Unicode>einer durch ihre Geschicklichkei: ver¬</Unicode>
                </TextEquiv>
            </TextLine>
            <TextLine id="r1l43" custom="readingOrder {index:42;}">
                <Coords points="1515,1649 2212,1647 2246,1643 2247,1611 1515,1598"/>
                <Baseline points="1521,1632 1558,1632 1596,1632 1634,1633 1672,1633 1710,1633 1748,1633 1785,1633 1823,1633 1861,1633 1899,1633 1937,1633 1975,1633 2012,1633 2050,1633 2088,1633 2126,1633 2164,1633 2202,1633 2240,1633"/>
                <TextEquiv>
                    <Unicode>Talent des Schriftstellers an. Glauben</Unicode>
                </TextEquiv>
            </TextLine>
            <TextLine id="r1l44" custom="readingOrder {index:43;}">
                <Coords points="718,1664 748,1673 796,1661 840,1672 884,1660 897,1671 999,1662 999,1634 959,1617 925,1628 865,1622 848,1636 779,1624 718,1629"/>
                <Baseline points="724,1657 750,1658 777,1658 804,1658 831,1658 858,1657 884,1657 911,1657 938,1657 965,1657 992,1657"/>
                <TextEquiv>
                    <Unicode>derbten Manier.</Unicode>
                </TextEquiv>
            </TextLine>
            <TextLine id="r1l45" custom="readingOrder {index:44;}">
                <Coords points="1511,1677 2198,1683 2236,1677 2236,1639 1511,1649"/>
                <Baseline points="1517,1670 1552,1671 1588,1671 1623,1671 1659,1671 1695,1672 1730,1672 1766,1672 1802,1672 1837,1672 1873,1672 1909,1672 1944,1672 1980,1671 2016,1671 2051,1671 2087,1671 2123,1671 2158,1671 2194,1671 2230,1671"/>
                <TextEquiv>
                    <Unicode>wir an die Menschen des Dichters, wei</Unicode>
                </TextEquiv>
            </TextLine>
            <TextLine id="r1l46" custom="readingOrder {index:45;}">
                <Coords points="712,1704 1387,1715 1447,1700 1447,1660 1094,1652 1053,1684 1004,1661 712,1664"/>
                <Baseline points="719,1697 755,1697 791,1697 827,1697 863,1697 899,1697 935,1697 971,1697 1007,1697 1043,1697 1080,1697 1116,1697 1152,1697 1188,1697 1224,1697 1260,1696 1296,1696 1332,1696 1368,1696 1404,1695 1441,1695"/>
                <TextEquiv>
                    <Unicode>In der plastischen Abteilung findet sich</Unicode>
                </TextEquiv>
            </TextLine>
            <TextLine id="r1l47" custom="readingOrder {index:46;}">
                <Coords points="1503,1713 2212,1723 2246,1715 2246,1682 1503,1690"/>
                <Baseline points="1509,1709 1545,1709 1582,1710 1618,1710 1655,1711 1691,1711 1728,1711 1764,1711 1801,1711 1837,1711 1874,1711 1911,1711 1947,1711 1984,1711 2020,1711 2057,1711 2093,1711 2130,1711 2166,1711 2203,1711 2240,1711"/>
                <TextEquiv>
                    <Unicode>er sie uns wahr machte, gut für ihn.</Unicode>
                </TextEquiv>
            </TextLine>
            <TextLine id="r1l48" custom="readingOrder {index:47;}">
                <Coords points="713,1745 1309,1751 1446,1743 1446,1709 712,1704"/>
                <Baseline points="719,1735 755,1735 791,1735 827,1735 863,1735 899,1735 935,1735 971,1735 1007,1735 1043,1735 1079,1736 1115,1736 1151,1736 1187,1736 1223,1735 1259,1735 1295,1735 1331,1734 1367,1734 1403,1732 1439,1731"/>
                <TextEquiv>
                    <Unicode>eine Reihe von Tierfiguren in Holz des</Unicode>
                </TextEquiv>
            </TextLine>
            <TextLine id="r1l49" custom="readingOrder {index:48;}">
                <Coords points="1517,1755 2230,1762 2230,1726 2186,1714 2135,1731 1517,1717"/>
                <Baseline points="1523,1748 1558,1748 1593,1749 1628,1749 1663,1750 1698,1750 1733,1750 1768,1750 1803,1750 1838,1749 1873,1749 1908,1749 1943,1749 1978,1748 2013,1748 2048,1748 2083,1748 2118,1748 2153,1749 2188,1750 2223,1750"/>
                <TextEquiv>
                    <Unicode>Versagen wir seinen Menschen die gläu¬</Unicode>
                </TextEquiv>
            </TextLine>
            <TextLine id="r1l50" custom="readingOrder {index:49;}">
                <Coords points="711,1777 1365,1788 1451,1777 1451,1744 711,1746"/>
                <Baseline points="717,1773 753,1773 789,1773 826,1773 862,1773 899,1773 935,1774 971,1774 1008,1774 1044,1774 1081,1774 1117,1774 1153,1774 1190,1774 1226,1774 1263,1774 1299,1773 1335,1773 1372,1772 1408,1772 1445,1771"/>
                <TextEquiv>
                    <Unicode>Österreichers Franz Barwig. Breit¬</Unicode>
                </TextEquiv>
            </TextLine>
            <TextLine id="r1l51" custom="readingOrder {index:50;}">
                <Coords points="1508,1793 2237,1794 2237,1766 2203,1755 1508,1756"/>
                <Baseline points="1514,1787 1549,1788 1585,1789 1621,1789 1657,1790 1693,1790 1729,1790 1764,1790 1800,1789 1836,1789 1872,1789 1908,1788 1944,1788 1980,1788 2015,1788 2051,1788 2087,1788 2123,1788 2159,1789 2195,1789 2231,1791"/>
                <TextEquiv>
                    <Unicode>bige Gefolgschaft, weil er ihnen nicht das</Unicode>
                </TextEquiv>
            </TextLine>
            <TextLine id="r1l52" custom="readingOrder {index:51;}">
                <Coords points="722,1820 1413,1826 1456,1821 1456,1776 722,1782"/>
                <Baseline points="728,1812 764,1812 800,1813 836,1813 872,1813 908,1813 944,1813 980,1813 1016,1813 1052,1813 1089,1813 1125,1812 1161,1812 1197,1812 1233,1812 1269,1812 1305,1812 1341,1811 1377,1812 1413,1812 1450,1812"/>
                <TextEquiv>
                    <Unicode>flächig, mit energischer Einfachkeit sind</Unicode>
                </TextEquiv>
            </TextLine>
            <TextLine id="r1l53" custom="readingOrder {index:52;}">
                <Coords points="1512,1833 2225,1836 2225,1800 2194,1796 1512,1795"/>
                <Baseline points="1518,1828 1553,1827 1588,1827 1623,1827 1658,1827 1693,1827 1728,1827 1763,1827 1798,1827 1833,1827 1868,1827 1903,1827 1938,1827 1973,1827 2008,1827 2043,1827 2078,1827 2113,1826 2148,1826 2183,1826 2219,1825"/>
                <TextEquiv>
                    <Unicode>Scheinleben der künstlerischen Lebens</Unicode>
                </TextEquiv>
            </TextLine>
            <TextLine id="r1l54" custom="readingOrder {index:53;}">
                <Coords points="712,1862 1450,1856 1434,1816 712,1823"/>
                <Baseline points="718,1852 754,1852 790,1852 826,1852 863,1852 899,1852 935,1852 972,1852 1008,1852 1044,1852 1081,1852 1117,1852 1153,1852 1189,1852 1226,1852 1262,1852 1298,1852 1335,1851 1371,1851 1407,1850 1444,1849"/>
                <TextEquiv>
                    <Unicode>kämpfende Stiere gegeneinander gewor¬</Unicode>
                </TextEquiv>
            </TextLine>
            <TextLine id="r1l55" custom="readingOrder {index:54;}">
                <Coords points="1513,1876 2239,1874 2229,1835 1513,1832"/>
                <Baseline points="1519,1865 1554,1865 1590,1866 1626,1866 1661,1866 1697,1866 1733,1866 1768,1866 1804,1866 1840,1866 1876,1866 1911,1866 1947,1866 1983,1866 2018,1866 2054,1866 2090,1866 2125,1866 2161,1867 2197,1867 2233,1868"/>
                <TextEquiv>
                    <Unicode>wirklichkeit einhauchen konnte, so war</Unicode>
                </TextEquiv>
            </TextLine>
            <TextLine id="r1l56" custom="readingOrder {index:55;}">
                <Coords points="716,1901 1451,1892 1426,1854 716,1862"/>
                <Baseline points="723,1891 759,1891 795,1891 831,1891 867,1891 903,1891 939,1891 975,1891 1011,1891 1047,1891 1083,1891 1119,1891 1155,1891 1191,1891 1227,1891 1263,1890 1299,1890 1335,1890 1371,1890 1407,1889 1444,1889"/>
                <TextEquiv>
                    <Unicode>fen. Die Köpfe an der Erde, die massi¬</Unicode>
                </TextEquiv>
            </TextLine>
            <TextLine id="r1l57" custom="readingOrder {index:56;}">
                <Coords points="1509,1909 1875,1924 2248,1904 2248,1880 2169,1866 1509,1873"/>
                <Baseline points="1515,1905 1551,1905 1587,1906 1624,1906 1660,1906 1696,1906 1733,1906 1769,1906 1805,1906 1842,1906 1878,1906 1914,1905 1951,1905 1987,1905 2023,1905 2060,1905 2096,1904 2132,1904 2169,1904 2205,1904 2242,1905"/>
                <TextEquiv>
                    <Unicode>der prachtvolle Logiker ein miserabler</Unicode>
                </TextEquiv>
            </TextLine>
            <TextLine id="r1l58" custom="readingOrder {index:57;}">
                <Coords points="721,1945 1231,1928 1446,1946 1446,1889 721,1905"/>
                <Baseline points="727,1930 762,1930 798,1930 833,1929 869,1929 905,1929 940,1929 976,1929 1011,1929 1047,1929 1083,1930 1118,1930 1154,1930 1189,1930 1225,1930 1261,1930 1296,1930 1332,1929 1367,1929 1403,1928 1439,1927"/>
                <TextEquiv>
                    <Unicode>gen Körper wie ineinander gebohrt, so</Unicode>
                </TextEquiv>
            </TextLine>
            <TextLine id="r1l59" custom="readingOrder {index:58;}">
                <Coords points="1507,1955 2238,1961 2228,1911 1507,1909"/>
                <Baseline points="1514,1943 1549,1943 1585,1944 1621,1944 1657,1944 1693,1945 1729,1945 1765,1945 1801,1945 1837,1945 1873,1944 1908,1944 1944,1944 1980,1944 2016,1944 2052,1943 2088,1943 2124,1943 2160,1943 2196,1943 2232,1943"/>
                <TextEquiv>
                    <Unicode>Poet. Kassenromane sind also nicht Bü¬</Unicode>
                </TextEquiv>
            </TextLine>
            <TextLine id="r1l60" custom="readingOrder {index:59;}">
                <Coords points="720,1980 1387,1979 1445,1973 1445,1943 720,1944"/>
                <Baseline points="727,1970 762,1970 798,1970 833,1970 869,1969 905,1969 940,1969 976,1969 1011,1969 1047,1969 1083,1969 1118,1969 1154,1969 1189,1969 1225,1969 1261,1968 1296,1968 1332,1968 1367,1968 1403,1967 1439,1967"/>
                <TextEquiv>
                    <Unicode>geht die Urkraft auf den Feind los. Eine</Unicode>
                </TextEquiv>
            </TextLine>
            <TextLine id="r1l61" custom="readingOrder {index:60;}">
                <Coords points="1515,2001 1939,1980 2239,1997 2239,1961 2158,1947 1515,1954"/>
                <Baseline points="1521,1982 1556,1983 1592,1983 1627,1984 1663,1984 1699,1984 1734,1984 1770,1984 1805,1983 1841,1983 1877,1983 1912,1983 1948,1982 1983,1982 2019,1982 2055,1982 2090,1982 2126,1982 2161,1983 2197,1983 2233,1984"/>
                <TextEquiv>
                    <Unicode>cher für oder gegen eine Theorie sondern</Unicode>
                </TextEquiv>
            </TextLine>
            <TextLine id="r1l62" custom="readingOrder {index:61;}">
                <Coords points="713,2022 1449,2021 1457,1974 713,1978"/>
                <Baseline points="719,2010 755,2009 792,2009 828,2008 865,2008 902,2008 938,2007 975,2007 1011,2007 1048,2007 1085,2008 1121,2008 1158,2008 1194,2008 1231,2008 1268,2008 1304,2008 1341,2007 1377,2007 1414,2006 1451,2005"/>
                <TextEquiv>
                    <Unicode>Katze von poliertem Ebenholz, gleich</Unicode>
                </TextEquiv>
            </TextLine>
            <TextLine id="r1l63" custom="readingOrder {index:62;}">
                <Coords points="1505,2030 2244,2039 2244,1993 2178,1988 1862,1984 1762,2007 1505,1991"/>
                <Baseline points="1511,2021 1547,2022 1583,2022 1620,2022 1656,2022 1692,2022 1729,2022 1765,2022 1801,2022 1838,2022 1874,2022 1910,2022 1947,2021 1983,2021 2019,2021 2056,2021 2092,2021 2128,2021 2165,2020 2201,2020 2238,2020"/>
                <TextEquiv>
                    <Unicode>ins Spielende der Kunst emporgehobene</Unicode>
                </TextEquiv>
            </TextLine>
            <TextLine id="r1l64" custom="readingOrder {index:63;}">
                <Coords points="715,2058 1447,2059 1447,2011 715,2020"/>
                <Baseline points="721,2049 757,2048 793,2048 829,2047 865,2047 901,2047 937,2047 973,2047 1009,2047 1045,2047 1081,2047 1117,2047 1153,2047 1189,2047 1225,2047 1261,2047 1297,2046 1333,2046 1369,2045 1405,2045 1441,2043"/>
                <TextEquiv>
                    <Unicode>eindrucksvoll, zeigt spielend gerundeten,</Unicode>
                </TextEquiv>
            </TextLine>
            <TextLine id="r1l65" custom="readingOrder {index:64;}">
                <Coords points="1510,2069 2240,2078 2240,2038 2199,2028 1798,2045 1510,2028"/>
                <Baseline points="1516,2059 1551,2060 1587,2060 1623,2061 1659,2061 1695,2062 1731,2062 1767,2062 1803,2061 1839,2061 1875,2061 1910,2061 1946,2060 1982,2060 2018,2060 2054,2060 2090,2060 2126,2060 2162,2060 2198,2060 2234,2061"/>
                <TextEquiv>
                    <Unicode>Beschreibungen von Menschengruppen,</Unicode>
                </TextEquiv>
            </TextLine>
            <TextLine id="r1l66" custom="readingOrder {index:65;}">
                <Coords points="715,2102 1113,2099 1137,2080 1459,2097 1459,2056 715,2058"/>
                <Baseline points="721,2086 757,2086 794,2086 830,2086 867,2086 904,2086 940,2085 977,2085 1013,2085 1050,2085 1087,2085 1123,2085 1160,2085 1196,2085 1233,2085 1270,2084 1306,2084 1343,2084 1379,2083 1416,2083 1453,2082"/>
                <TextEquiv>
                    <Unicode>geschmeidig bewegten Umriss. Diese</Unicode>
                </TextEquiv>
            </TextLine>
            <TextLine id="r1l67" custom="readingOrder {index:66;}">
                <Coords points="1514,2113 1924,2101 2236,2127 2236,2077 2192,2064 1514,2067"/>
                <Baseline points="1520,2100 1555,2100 1591,2100 1626,2099 1662,2099 1697,2100 1733,2100 1768,2100 1804,2100 1839,2100 1875,2100 1910,2100 1946,2100 1981,2100 2017,2100 2052,2100 2088,2100 2123,2100 2159,2100 2194,2100 2230,2100"/>
                <TextEquiv>
                    <Unicode>deren Schicksale dem Autor ins Allge¬</Unicode>
                </TextEquiv>
            </TextLine>
            <TextLine id="r1l68" custom="readingOrder {index:67;}">
                <Coords points="721,2132 1201,2141 1317,2122 1372,2144 1448,2126 1448,2094 721,2097"/>
                <Baseline points="727,2125 762,2125 798,2125 834,2125 870,2125 905,2125 941,2125 977,2125 1013,2125 1048,2125 1084,2124 1120,2124 1156,2124 1191,2124 1227,2124 1263,2123 1299,2123 1334,2123 1370,2122 1406,2122 1442,2122"/>
                <TextEquiv>
                    <Unicode>Glättung der Oberflächen ist der direkte</Unicode>
                </TextEquiv>
            </TextLine>
            <TextLine id="r1l69" custom="readingOrder {index:68;}">
                <Coords points="1512,2143 1923,2153 2016,2142 2016,2110 1512,2114"/>
                <Baseline points="1518,2137 1543,2138 1569,2138 1595,2138 1621,2139 1647,2139 1673,2139 1699,2139 1725,2139 1751,2139 1776,2139 1802,2139 1828,2139 1854,2139 1880,2139 1906,2139 1932,2138 1958,2138 1984,2138 2010,2138"/>
                <TextEquiv>
                    <Unicode>meine zu wachsen scheinen.</Unicode>
                </TextEquiv>
            </TextLine>
            <TextLine id="r1l70" custom="readingOrder {index:69;}">
                <Coords points="713,2175 1455,2166 1454,2125 713,2134"/>
                <Baseline points="719,2163 755,2163 792,2164 828,2164 865,2164 901,2164 938,2164 974,2163 1011,2163 1047,2163 1084,2163 1120,2162 1157,2162 1193,2162 1230,2162 1266,2161 1303,2161 1339,2161 1376,2161 1412,2161 1449,2161"/>
                <TextEquiv>
                    <Unicode>Gegensatz von Rodins Licht- und</Unicode>
                </TextEquiv>
            </TextLine>
            <TextLine id="r1l71" custom="readingOrder {index:70;}">
                <Coords points="1503,2195 2252,2183 2252,2155 2181,2136 2150,2155 2107,2134 2062,2153 1503,2143"/>
                <Baseline points="1509,2177 1545,2177 1582,2177 1619,2177 1656,2178 1693,2178 1730,2178 1766,2178 1803,2178 1840,2178 1877,2177 1914,2177 1951,2177 1988,2177 2024,2177 2061,2177 2098,2177 2135,2177 2172,2178 2209,2178 2246,2178"/>
                <TextEquiv>
                    <Unicode>Arthur Schnitzler ist der Ansicht,</Unicode>
                </TextEquiv>
            </TextLine>
            <TextLine id="r1l72" custom="readingOrder {index:71;}">
                <Coords points="712,2205 1447,2209 1446,2165 712,2176"/>
                <Baseline points="719,2205 755,2204 791,2204 827,2203 863,2203 899,2203 935,2202 971,2202 1007,2202 1043,2202 1079,2202 1115,2202 1151,2202 1187,2202 1223,2202 1259,2201 1295,2201 1331,2201 1367,2201 1403,2200 1440,2200"/>
                <TextEquiv>
                    <Unicode>Schattenwirkung auf gebuckelter und ge¬</Unicode>
                </TextEquiv>
            </TextLine>
            <TextLine id="r1l73" custom="readingOrder {index:72;}">
                <Coords points="1515,2221 2248,2226 2248,2193 2182,2182 1515,2184"/>
                <Baseline points="1521,2216 1557,2216 1593,2216 1629,2216 1665,2216 1701,2216 1737,2216 1773,2216 1809,2216 1845,2216 1881,2216 1917,2216 1953,2216 1989,2216 2025,2216 2061,2216 2097,2216 2133,2216 2169,2216 2205,2217 2242,2217"/>
                <TextEquiv>
                    <Unicode>dass jede feste Rassentheorie ein vager</Unicode>
                </TextEquiv>
            </TextLine>
            <TextLine id="r1l74" custom="readingOrder {index:73;}">
                <Coords points="721,2253 1438,2250 1449,2208 721,2211"/>
                <Baseline points="727,2242 762,2242 798,2242 834,2242 870,2242 906,2242 941,2242 977,2242 1013,2242 1049,2241 1085,2241 1120,2241 1156,2241 1192,2241 1228,2240 1264,2240 1299,2240 1335,2239 1371,2239 1407,2238 1443,2238"/>
                <TextEquiv>
                    <Unicode>furchter Form, die durch den Torso eines</Unicode>
                </TextEquiv>
            </TextLine>
            <TextLine id="r1l75" custom="readingOrder {index:74;}">
                <Coords points="1509,2267 1703,2272 1757,2247 1828,2272 2242,2264 2242,2224 1509,2218"/>
                <Baseline points="1515,2255 1551,2256 1587,2256 1623,2256 1659,2256 1695,2256 1731,2256 1767,2256 1803,2256 1839,2256 1875,2256 1911,2256 1947,2255 1983,2255 2019,2255 2055,2255 2091,2255 2127,2255 2163,2255 2199,2255 2236,2255"/>
                <TextEquiv>
                    <Unicode>Begriff, dass die Empfindung des yein¬</Unicode>
                </TextEquiv>
            </TextLine>
            <TextLine id="r1l76" custom="readingOrder {index:75;}">
                <Coords points="718,2290 1451,2283 1440,2250 1316,2242 718,2252"/>
                <Baseline points="724,2282 760,2282 796,2281 832,2281 868,2281 904,2280 940,2280 976,2280 1012,2280 1048,2280 1084,2280 1120,2280 1156,2279 1192,2279 1228,2279 1264,2279 1300,2279 1336,2279 1372,2278 1408,2278 1445,2277"/>
                <TextEquiv>
                    <Unicode>schreitenden Mannes mit ihrer ganzen</Unicode>
                </TextEquiv>
            </TextLine>
            <TextLine id="r1l77" custom="readingOrder {index:76;}">
                <Coords points="1510,2304 2186,2306 2240,2301 2240,2264 1510,2267"/>
                <Baseline points="1516,2295 1551,2294 1587,2294 1623,2294 1659,2294 1695,2294 1731,2294 1767,2294 1803,2294 1839,2294 1875,2294 1910,2294 1946,2294 1982,2294 2018,2294 2054,2294 2090,2294 2126,2294 2162,2293 2198,2293 2234,2293"/>
                <TextEquiv>
                    <Unicode>zelnen für die Rasse mehr eine Konse¬</Unicode>
                </TextEquiv>
            </TextLine>
            <TextLine id="r1l78" custom="readingOrder {index:77;}">
                <Coords points="717,2330 787,2322 843,2348 933,2325 1027,2340 1110,2324 1156,2344 1192,2324 1347,2323 1327,2284 717,2289"/>
                <Baseline points="723,2321 753,2320 784,2320 815,2320 846,2320 877,2320 908,2320 939,2320 970,2319 1001,2319 1032,2319 1062,2319 1093,2319 1124,2319 1155,2318 1186,2318 1217,2318 1248,2317 1279,2317 1310,2316 1341,2316"/>
                <TextEquiv>
                    <Unicode>Lebendigkeit veranschaulicht wird.</Unicode>
                </TextEquiv>
            </TextLine>
            <TextLine id="r1l79" custom="readingOrder {index:78;}">
                <Coords points="1517,2342 2250,2349 2250,2295 1980,2316 1777,2291 1629,2322 1517,2307"/>
                <Baseline points="1523,2333 1559,2333 1595,2333 1631,2333 1667,2333 1703,2333 1739,2333 1775,2333 1811,2333 1847,2333 1883,2333 1919,2333 1955,2333 1991,2333 2027,2333 2063,2333 2099,2333 2135,2333 2171,2334 2207,2334 2243,2334"/>
                <TextEquiv>
                    <Unicode>quenz seines Willens als eine seelische</Unicode>
                </TextEquiv>
            </TextLine>
            <TextLine id="r1l80" custom="readingOrder {index:79;}">
                <Coords points="1410,2373 1418,2374 1424,2370 1431,2370 1434,2373 1440,2371 1443,2374 1454,2368 1460,2368 1464,2300 1454,2303 1440,2302 1426,2312 1414,2314"/>
                <Baseline points="1418,2355 1454,2357"/>
                <TextEquiv>
                    <Unicode>X</Unicode>
                </TextEquiv>
            </TextLine>
            <TextLine id="r1l81" custom="readingOrder {index:80;}">
                <Coords points="723,2373 733,2374 744,2365 753,2368 768,2365 766,2325 759,2325 757,2327 756,2325 753,2327 748,2326 744,2328 739,2325 733,2325 732,2327 728,2325 721,2326"/>
                <Baseline points="728,2362 762,2361"/>
                <TextEquiv>
                    <Unicode>X</Unicode>
                </TextEquiv>
            </TextLine>
            <TextLine id="r1l82" custom="readingOrder {index:81;}">
                <Coords points="1512,2379 2254,2381 2254,2351 2216,2338 1902,2355 1512,2338"/>
                <Baseline points="1518,2372 1554,2372 1591,2372 1627,2372 1664,2371 1700,2371 1737,2371 1773,2371 1810,2372 1846,2372 1883,2372 1919,2372 1956,2372 1992,2372 2029,2372 2065,2372 2102,2372 2138,2372 2175,2372 2211,2372 2248,2372"/>
                <TextEquiv>
                    <Unicode>Notwendigkeit seines Blutes sei. Sein</Unicode>
                </TextEquiv>
            </TextLine>
            <TextLine id="r1l83" custom="readingOrder {index:82;}">
                <Coords points="716,2413 1294,2424 1392,2400 1439,2420 1458,2369 1310,2354 1191,2381 1085,2358 1032,2389 991,2361 826,2353 716,2374"/>
                <Baseline points="722,2397 758,2398 795,2399 831,2399 868,2400 904,2401 941,2401 977,2402 1014,2403 1050,2403 1087,2404 1123,2404 1160,2404 1196,2404 1233,2404 1269,2404 1306,2404 1342,2404 1379,2403 1415,2403 1452,2402"/>
                <TextEquiv>
                    <Unicode>Kurze Chronik Ein Wettbewerb für ein</Unicode>
                </TextEquiv>
            </TextLine>
            <TextLine id="r1l84" custom="readingOrder {index:83;}">
                <Coords points="1515,2420 2242,2425 2242,2387 2176,2377 1515,2379"/>
                <Baseline points="1521,2410 1556,2411 1592,2411 1628,2411 1664,2412 1699,2412 1735,2412 1771,2411 1807,2411 1842,2411 1878,2411 1914,2411 1950,2411 1985,2410 2021,2410 2057,2410 2093,2410 2128,2410 2164,2411 2200,2411 2236,2411"/>
                <TextEquiv>
                    <Unicode>jüngster Roman, nach den kleinen, no¬</Unicode>
                </TextEquiv>
            </TextLine>
            <TextLine id="r1l85" custom="readingOrder {index:84;}">
                <Coords points="1214,2455 1246,2452 1258,2459 1274,2448 1311,2450 1318,2443 1365,2451 1431,2448 1453,2438 1452,2419 1424,2412 1413,2417 1391,2401 1373,2411 1362,2404 1349,2411 1326,2408 1312,2418 1249,2409 1214,2414"/>
                <Baseline points="1220,2441 1245,2443 1270,2443 1295,2443 1320,2443 1346,2442 1371,2441 1396,2440 1421,2440 1447,2442"/>
                <TextEquiv>
                    <Unicode>für Völker¬</Unicode>
                </TextEquiv>
            </TextLine>
            <TextLine id="r1l86" custom="readingOrder {index:85;}">
                <Coords points="957,2449 1000,2458 1021,2448 1053,2456 1094,2448 1118,2453 1163,2448 1163,2418 1112,2424 1064,2413 1036,2420 1024,2410 1005,2421 989,2410 957,2413"/>
                <Baseline points="963,2443 990,2443 1018,2443 1046,2444 1073,2444 1101,2444 1129,2443 1157,2443"/>
                <TextEquiv>
                    <Unicode>Museum</Unicode>
                </TextEquiv>
            </TextLine>
            <TextLine id="r1l87" custom="readingOrder {index:86;}">
                <Coords points="1520,2455 2251,2467 2251,2428 2221,2415 1520,2420"/>
                <Baseline points="1526,2449 1563,2449 1601,2450 1639,2450 1677,2450 1715,2450 1753,2450 1790,2450 1828,2450 1866,2450 1904,2450 1942,2450 1980,2450 2017,2449 2055,2449 2093,2449 2131,2449 2169,2449 2207,2450 2245,2450"/>
                <TextEquiv>
                    <Unicode>vellenartigen Erzählungen eigentlich sein</Unicode>
                </TextEquiv>
            </TextLine>
            <TextLine id="r1l88" custom="readingOrder {index:87;}">
                <Coords points="951,2494 1261,2496 1304,2481 1456,2492 1455,2456 1328,2444 1258,2459 1196,2442 1005,2463 951,2454"/>
                <Baseline points="957,2483 982,2483 1008,2483 1034,2483 1060,2483 1086,2483 1112,2483 1138,2483 1164,2482 1190,2482 1216,2482 1242,2482 1268,2482 1294,2481 1320,2481 1346,2481 1372,2481 1398,2481 1424,2481 1450,2481"/>
                <TextEquiv>
                    <Unicode>kunde in Stuttgart ist vom</Unicode>
                </TextEquiv>
            </TextLine>
            <TextLine id="r1l89" custom="readingOrder {index:88;}">
                <Coords points="1511,2496 2252,2500 2252,2466 2199,2453 1511,2460"/>
                <Baseline points="1517,2489 1553,2489 1589,2489 1626,2489 1662,2490 1699,2490 1735,2490 1772,2489 1808,2489 1845,2489 1881,2489 1917,2489 1954,2489 1990,2489 2027,2489 2063,2489 2100,2489 2136,2489 2173,2490 2209,2490 2246,2491"/>
                <TextEquiv>
                    <Unicode>erster, heisst Der Weg ins Freie /Berlin,</Unicode>
                </TextEquiv>
            </TextLine>
            <TextLine id="r1l90" custom="readingOrder {index:89;}">
                <Coords points="727,2539 1428,2527 1448,2491 726,2488"/>
                <Baseline points="732,2524 767,2523 803,2523 838,2523 874,2523 909,2522 945,2522 980,2522 1016,2522 1051,2522 1087,2521 1122,2521 1158,2521 1193,2521 1229,2520 1264,2520 1300,2520 1335,2519 1371,2519 1406,2519 1442,2518"/>
                <TextEquiv>
                    <Unicode>Württembergischen Verein für Handels¬</Unicode>
                </TextEquiv>
            </TextLine>
            <TextLine id="r1l91" custom="readingOrder {index:90;}">
                <Coords points="1513,2542 1702,2546 1752,2522 2246,2551 2246,2500 2221,2496 1513,2493"/>
                <Baseline points="1519,2528 1555,2528 1591,2528 1627,2528 1663,2528 1699,2528 1735,2528 1771,2528 1807,2528 1843,2528 1879,2528 1915,2528 1951,2528 1987,2528 2023,2527 2059,2527 2095,2527 2131,2527 2167,2527 2203,2528 2240,2528"/>
                <TextEquiv>
                    <Unicode>S. Fischer/. Wienen Gesellschaftsroman</Unicode>
                </TextEquiv>
            </TextLine>
            <TextLine id="r1l92" custom="readingOrder {index:91;}">
                <Coords points="1371,2568 1379,2570 1384,2565 1394,2564 1410,2574 1418,2565 1433,2574 1441,2571 1451,2580 1459,2581 1457,2522 1445,2525 1440,2520 1429,2527 1423,2522 1418,2524 1409,2520 1394,2533 1380,2525 1369,2530"/>
                <Baseline points="1376,2560 1401,2559 1426,2557 1452,2558"/>
                <TextEquiv>
                    <Unicode>Es</Unicode>
                </TextEquiv>
            </TextLine>
            <TextLine id="r1l93" custom="readingOrder {index:92;}">
                <Coords points="713,2583 869,2564 1165,2572 1209,2553 1311,2570 1367,2564 1367,2531 712,2528"/>
                <Baseline points="719,2566 751,2565 783,2564 815,2563 847,2563 879,2563 911,2562 943,2562 975,2561 1007,2561 1040,2560 1072,2560 1104,2560 1136,2560 1168,2559 1200,2559 1232,2559 1264,2559 1296,2559 1328,2558 1361,2558"/>
                <TextEquiv>
                    <Unicode>geographie ausgeschrieben worden.</Unicode>
                </TextEquiv>
            </TextLine>
            <TextLine id="r1l94" custom="readingOrder {index:93;}">
                <Coords points="1514,2576 2248,2565 2248,2543 2204,2533 1515,2541"/>
                <Baseline points="1521,2566 1557,2567 1593,2567 1629,2567 1665,2567 1701,2567 1737,2567 1773,2567 1809,2567 1845,2567 1881,2567 1917,2567 1953,2567 1989,2567 2025,2567 2061,2567 2097,2567 2133,2568 2169,2568 2205,2568 2242,2569"/>
                <TextEquiv>
                    <Unicode>würde über dieses Buch ein Autor ge¬</Unicode>
                </TextEquiv>
            </TextLine>
            <TextLine id="r1l95" custom="readingOrder {index:94;}">
                <Coords points="721,2608 1451,2606 1459,2560 721,2575"/>
                <Baseline points="727,2602 763,2602 799,2602 835,2602 872,2602 908,2602 944,2601 981,2601 1017,2600 1053,2600 1090,2600 1126,2599 1162,2599 1198,2598 1235,2598 1271,2598 1307,2597 1344,2597 1380,2597 1416,2596 1453,2596"/>
                <TextEquiv>
                    <Unicode>scheint also, als ob man in Schwaben</Unicode>
                </TextEquiv>
            </TextLine>
            <TextLine id="r1l96" custom="readingOrder {index:95;}">
                <Coords points="727,2649 1460,2643 1459,2604 1434,2602 726,2610"/>
                <Baseline points="733,2641 769,2641 805,2641 841,2641 877,2640 913,2640 949,2639 985,2639 1021,2638 1057,2638 1093,2638 1129,2637 1165,2637 1201,2637 1237,2636 1273,2636 1309,2636 1345,2636 1381,2636 1417,2636 1453,2636"/>
                <TextEquiv>
                    <Unicode>eher ein solches Museum haben wird als</Unicode>
                </TextEquiv>
            </TextLine>
            <TextLine id="r1l97" custom="readingOrder {index:96;}">
                <Coords points="1511,2649 2251,2658 2251,2615 2208,2609 1511,2623"/>
                <Baseline points="1517,2645 1553,2645 1589,2645 1626,2644 1662,2644 1699,2644 1735,2645 1771,2645 1808,2645 1844,2645 1881,2645 1917,2645 1953,2645 1990,2645 2026,2645 2063,2645 2099,2645 2135,2645 2172,2644 2208,2644 2245,2644"/>
                <TextEquiv>
                    <Unicode>zeichnung liebt. Aber Schnitzler, der ins</Unicode>
                </TextEquiv>
            </TextLine>
            <TextLine id="r1l98" custom="readingOrder {index:97;}">
                <Coords points="721,2689 1413,2693 1451,2679 1451,2650 720,2650"/>
                <Baseline points="727,2680 762,2680 798,2680 834,2679 870,2679 906,2679 942,2679 978,2679 1014,2678 1050,2678 1086,2678 1121,2678 1157,2677 1193,2677 1229,2676 1265,2676 1301,2676 1337,2675 1373,2674 1409,2674 1445,2673"/>
                <TextEquiv>
                    <Unicode>Berlin den notwendigen Neubau für die¬</Unicode>
                </TextEquiv>
            </TextLine>
            <TextLine id="r1l99" custom="readingOrder {index:98;}">
                <Coords points="1511,2690 2247,2692 2226,2650 1511,2652"/>
                <Baseline points="1517,2683 1553,2683 1589,2683 1625,2684 1661,2684 1698,2684 1734,2684 1770,2684 1806,2684 1842,2684 1879,2684 1915,2684 1951,2684 1987,2684 2023,2684 2060,2684 2096,2684 2132,2684 2168,2684 2204,2684 2241,2684"/>
                <TextEquiv>
                    <Unicode>Traumhafte und Schwebende dichtet, der</Unicode>
                </TextEquiv>
            </TextLine>
            <TextLine id="r1l100" custom="readingOrder {index:99;}">
                <Coords points="713,2732 1345,2726 1344,2686 1314,2677 840,2699 713,2680"/>
                <Baseline points="719,2718 751,2718 784,2718 816,2718 849,2718 881,2718 914,2718 947,2718 979,2718 1012,2717 1044,2717 1077,2717 1109,2716 1142,2716 1175,2716 1207,2715 1240,2715 1272,2714 1305,2714 1338,2714"/>
                <TextEquiv>
                    <Unicode>ses so zeitgemässe Institut erhält.</Unicode>
                </TextEquiv>
            </TextLine>
            <TextLine id="r1l101" custom="readingOrder {index:100;}">
                <Coords points="1513,2733 2258,2727 2258,2695 2184,2679 2101,2706 1513,2694"/>
                <Baseline points="1519,2722 1555,2722 1592,2722 1628,2722 1665,2722 1702,2722 1738,2722 1775,2722 1812,2722 1848,2722 1885,2722 1922,2722 1958,2722 1995,2722 2032,2722 2068,2722 2105,2722 2142,2722 2178,2722 2215,2722 2252,2723"/>
                <TextEquiv>
                    <Unicode>um keinen Preis reale Gestalten schaffen</Unicode>
                </TextEquiv>
            </TextLine>
            <TextLine id="r1l102" custom="readingOrder {index:101;}">
                <Coords points="1416,2760 1423,2760 1431,2752 1438,2753 1443,2758 1453,2758 1453,2720 1445,2719 1439,2724 1433,2724 1428,2720 1416,2719"/>
                <Baseline points="1422,2752 1446,2752"/>
                <TextEquiv>
                    <Unicode>X</Unicode>
                </TextEquiv>
            </TextLine>
            <TextLine id="r1l103" custom="readingOrder {index:102;}">
                <Coords points="717,2773 723,2774 725,2771 729,2772 731,2770 741,2775 752,2765 758,2763 759,2765 765,2759 771,2759 773,2725 767,2725 757,2720 750,2726 745,2723 741,2727 738,2724 728,2727 719,2726"/>
                <Baseline points="723,2758 765,2760"/>
                <TextEquiv>
                    <Unicode>X</Unicode>
                </TextEquiv>
            </TextLine>
            <TextLine id="r1l104" custom="readingOrder {index:103;}">
                <Coords points="1509,2768 2248,2780 2248,2744 2209,2725 2150,2745 1920,2723 1509,2737"/>
                <Baseline points="1515,2762 1551,2762 1587,2761 1624,2761 1660,2761 1696,2761 1733,2761 1769,2761 1805,2761 1842,2761 1878,2761 1914,2761 1951,2761 1987,2761 2023,2761 2060,2761 2096,2761 2132,2761 2169,2761 2205,2761 2242,2761"/>
                <TextEquiv>
                    <Unicode>möchte sondern nur leis angedeutete Cha¬</Unicode>
                </TextEquiv>
            </TextLine>
            <TextLine id="r1l105" custom="readingOrder {index:104;}">
                <Coords points="724,2816 741,2813 752,2824 757,2820 763,2826 777,2826 787,2818 796,2823 806,2814 827,2820 847,2814 854,2819 862,2811 881,2810 880,2777 862,2768 847,2778 829,2772 822,2777 800,2772 790,2778 774,2771 742,2776 724,2770"/>
                <Baseline points="730,2800 759,2798 788,2797 817,2797 846,2798 875,2797"/>
                <TextEquiv>
                    <Unicode>Literatur</Unicode>
                </TextEquiv>
            </TextLine>
            <TextLine id="r1l106" custom="readingOrder {index:105;}">
                <Coords points="1513,2808 2249,2804 2249,2781 2189,2764 1513,2775"/>
                <Baseline points="1520,2799 1556,2800 1592,2800 1628,2801 1664,2801 1700,2801 1736,2801 1773,2801 1809,2801 1845,2801 1881,2800 1917,2800 1953,2800 1989,2800 2026,2800 2062,2799 2098,2799 2134,2799 2170,2799 2206,2800 2243,2800"/>
                <TextEquiv>
                    <Unicode>raktere, geht solcher realistischen Ge¬</Unicode>
                </TextEquiv>
            </TextLine>
            <TextLine id="r1l107" custom="readingOrder {index:106;}">
                <Coords points="958,2811 1207,2815 1240,2799 1355,2816 1458,2800 1458,2766 1401,2754 1349,2772 1315,2759 1243,2773 1170,2753 1139,2773 1066,2760 1020,2779 957,2772"/>
                <Baseline points="964,2805 989,2804 1015,2803 1041,2803 1066,2802 1092,2802 1118,2802 1143,2802 1169,2802 1195,2802 1220,2802 1246,2801 1272,2801 1297,2801 1323,2801 1349,2800 1374,2799 1400,2798 1426,2797 1452,2796"/>
                <TextEquiv>
                    <Unicode>In Knackfuss' Künstler¬</Unicode>
                </TextEquiv>
            </TextLine>
            <TextLine id="r1l108" custom="readingOrder {index:107;}">
                <Coords points="1515,2843 2216,2850 2255,2844 2255,2803 2166,2796 2090,2825 1971,2802 1515,2807"/>
                <Baseline points="1521,2839 1557,2839 1593,2839 1630,2839 1666,2839 1703,2839 1739,2839 1775,2839 1812,2839 1848,2839 1885,2839 1921,2839 1957,2839 1994,2839 2030,2839 2067,2839 2103,2839 2139,2839 2176,2840 2212,2840 2249,2840"/>
                <TextEquiv>
                    <Unicode>wissenhaftigkeit aus dem Wege. All das</Unicode>
                </TextEquiv>
            </TextLine>
            <TextLine id="r1l109" custom="readingOrder {index:108;}">
                <Coords points="954,2849 990,2861 1023,2845 1076,2861 1090,2846 1121,2858 1151,2844 1446,2853 1446,2808 954,2822"/>
                <Baseline points="960,2843 985,2842 1010,2842 1035,2842 1061,2841 1086,2841 1111,2841 1136,2841 1162,2841 1187,2840 1212,2840 1237,2840 1263,2840 1288,2840 1313,2839 1338,2839 1364,2838 1389,2838 1414,2837 1440,2837"/>
                <TextEquiv>
                    <Unicode>monographieen Leipzig, Vel¬</Unicode>
                </TextEquiv>
            </TextLine>
            <TextLine id="r1l110" custom="readingOrder {index:109;}">
                <Coords points="1517,2885 2252,2889 2252,2843 1517,2843"/>
                <Baseline points="1523,2876 1559,2877 1595,2877 1631,2878 1667,2878 1703,2878 1739,2878 1776,2878 1812,2878 1848,2878 1884,2878 1920,2878 1956,2877 1992,2877 2029,2877 2065,2877 2101,2877 2137,2877 2173,2878 2209,2878 2246,2879"/>
                <TextEquiv>
                    <Unicode>Leben, das in seinem Romane spielt. soll</Unicode>
                </TextEquiv>
            </TextLine>
            <TextLine id="r1l111" custom="readingOrder {index:110;}">
                <Coords points="954,2886 999,2903 1053,2885 1193,2895 1228,2883 1271,2897 1311,2876 1379,2895 1404,2879 1459,2883 1459,2859 1392,2842 1247,2857 1152,2843 1120,2859 1097,2846 1076,2859 954,2848"/>
                <Baseline points="960,2882 985,2882 1011,2881 1037,2881 1063,2880 1089,2880 1115,2880 1141,2880 1167,2880 1193,2880 1219,2880 1245,2879 1271,2879 1297,2879 1323,2879 1349,2879 1375,2879 1401,2878 1427,2878 1453,2877"/>
                <TextEquiv>
                    <Unicode>hagen &amp; Klasing erschien</Unicode>
                </TextEquiv>
            </TextLine>
            <TextLine id="r1l112" custom="readingOrder {index:111;}">
                <Coords points="1514,2928 2260,2924 2260,2893 2189,2882 1926,2880 1874,2907 1514,2887"/>
                <Baseline points="1520,2915 1556,2916 1593,2916 1630,2916 1666,2916 1703,2916 1740,2916 1776,2916 1813,2916 1850,2916 1887,2916 1923,2916 1960,2916 1997,2916 2033,2916 2070,2916 2107,2916 2143,2916 2180,2916 2217,2916 2254,2916"/>
                <TextEquiv>
                    <Unicode>nicht Naturgesetze, soziale Bewegungen</Unicode>
                </TextEquiv>
            </TextLine>
            <TextLine id="r1l113" custom="readingOrder {index:112;}">
                <Coords points="714,2928 1463,2928 1452,2882 994,2902 714,2881"/>
                <Baseline points="720,2922 756,2922 793,2922 830,2922 867,2922 904,2922 941,2921 977,2921 1014,2921 1051,2920 1088,2920 1125,2920 1162,2919 1199,2919 1235,2918 1272,2918 1309,2917 1346,2917 1383,2917 1420,2917 1457,2916"/>
                <TextEquiv>
                    <Unicode>Muguste Rodin von Otto Grautoff.</Unicode>
                </TextEquiv>
            </TextLine>
            <TextLine id="r1l114" custom="readingOrder {index:113;}">
                <Coords points="1511,2965 2252,2965 2252,2921 1511,2928"/>
                <Baseline points="1517,2955 1553,2955 1589,2955 1626,2955 1662,2955 1699,2955 1735,2955 1772,2955 1808,2955 1845,2955 1881,2955 1917,2955 1954,2955 1990,2955 2027,2954 2063,2954 2100,2954 2136,2954 2173,2954 2209,2955 2246,2955"/>
                <TextEquiv>
                    <Unicode>und ideelle Strömungen abspiegeln; es soll</Unicode>
                </TextEquiv>
            </TextLine>
            <TextLine id="r1l115" custom="readingOrder {index:114;}">
                <Coords points="722,2970 1459,2972 1459,2927 1425,2920 722,2928"/>
                <Baseline points="728,2962 764,2962 800,2961 836,2961 873,2961 909,2960 945,2960 981,2960 1018,2960 1054,2959 1090,2959 1126,2959 1163,2958 1199,2958 1235,2958 1271,2957 1308,2957 1344,2956 1380,2956 1416,2956 1453,2955"/>
                <TextEquiv>
                    <Unicode>Das Verdienst dieser Ausgabe an der</Unicode>
                </TextEquiv>
            </TextLine>
            <TextLine id="r1l116" custom="readingOrder {index:115;}">
                <Coords points="1514,3002 1973,2993 2118,3016 2255,3000 2255,2962 1514,2966"/>
                <Baseline points="1520,2993 1556,2994 1592,2994 1629,2994 1665,2994 1702,2994 1738,2994 1774,2994 1811,2994 1847,2994 1884,2994 1920,2994 1956,2993 1993,2993 2029,2993 2066,2993 2102,2993 2138,2993 2175,2993 2211,2993 2248,2993"/>
                <TextEquiv>
                    <Unicode>vielmehr zwischen diesen Elementen des</Unicode>
                </TextEquiv>
            </TextLine>
            <TextLine id="r1l117" custom="readingOrder {index:116;}">
                <Coords points="728,3007 1450,2998 1449,2964 1310,2957 727,2969"/>
                <Baseline points="734,3002 769,3001 805,3000 840,3000 876,2999 911,2999 947,2999 982,2998 1018,2998 1053,2998 1089,2997 1124,2997 1160,2997 1195,2996 1231,2996 1266,2996 1302,2995 1337,2995 1373,2995 1408,2994 1444,2994"/>
                <TextEquiv>
                    <Unicode>Hand eines umfassenden Abbildungs¬</Unicode>
                </TextEquiv>
            </TextLine>
            <TextLine id="r1l118" custom="readingOrder {index:117;}">
                <Coords points="1524,3042 2255,3039 2255,3000 2185,2994 2119,3016 1524,2997"/>
                <Baseline points="1530,3034 1567,3034 1605,3034 1643,3033 1681,3033 1719,3033 1757,3033 1794,3033 1832,3033 1870,3033 1908,3033 1946,3033 1984,3033 2021,3033 2059,3033 2097,3032 2135,3032 2173,3032 2211,3032 2249,3031"/>
                <TextEquiv>
                    <Unicode>Daseins fortgleiten, so etwa wie aus dem</Unicode>
                </TextEquiv>
            </TextLine>
            <TextLine id="r1l119" custom="readingOrder {index:118;}">
                <Coords points="725,3049 1128,3053 1246,3028 1429,3048 1453,3039 1453,3002 1385,3024 1218,2998 961,3020 725,3008"/>
                <Baseline points="731,3039 766,3039 802,3039 838,3038 874,3038 910,3038 945,3037 981,3037 1017,3037 1053,3036 1089,3036 1124,3036 1160,3036 1196,3035 1232,3035 1268,3035 1303,3034 1339,3034 1375,3034 1411,3034 1447,3033"/>
                <TextEquiv>
                    <Unicode>materials in das werdende Wesen des</Unicode>
                </TextEquiv>
            </TextLine>
            <TextLine id="r1l120" custom="readingOrder {index:119;}">
                <Coords points="1522,3081 2258,3080 2238,3041 1522,3041"/>
                <Baseline points="1528,3070 1564,3071 1600,3072 1636,3073 1672,3073 1709,3073 1745,3073 1781,3073 1817,3073 1853,3073 1890,3072 1926,3072 1962,3072 1998,3071 2034,3071 2071,3071 2107,3070 2143,3070 2179,3070 2215,3071 2252,3071"/>
                <TextEquiv>
                    <Unicode>Reden und dem Tun des kultivierten</Unicode>
                </TextEquiv>
            </TextLine>
            <TextLine id="r1l121" custom="readingOrder {index:120;}">
                <Coords points="726,3089 1144,3074 1454,3092 1454,3038 726,3048"/>
                <Baseline points="732,3078 767,3078 803,3077 839,3077 875,3077 911,3077 946,3076 982,3076 1018,3076 1054,3075 1090,3075 1125,3075 1161,3074 1197,3074 1233,3074 1269,3074 1304,3073 1340,3073 1376,3073 1412,3073 1448,3072"/>
                <TextEquiv>
                    <Unicode>behandelten Künstlers einzuführen wird</Unicode>
                </TextEquiv>
            </TextLine>
            <TextLine id="r1l122" custom="readingOrder {index:121;}">
                <Coords points="1514,3118 2240,3115 2224,3078 2186,3097 2069,3075 1792,3094 1514,3076"/>
                <Baseline points="1521,3109 1556,3110 1592,3111 1627,3111 1663,3111 1699,3111 1734,3111 1770,3111 1806,3111 1841,3111 1877,3110 1913,3110 1948,3110 1984,3110 2020,3109 2055,3109 2091,3109 2127,3109 2162,3109 2198,3110 2234,3110"/>
                <TextEquiv>
                    <Unicode>Menschen nur sein Oberflächliches, nie</Unicode>
                </TextEquiv>
            </TextLine>
            <TextLine id="r1l123" custom="readingOrder {index:122;}">
                <Coords points="717,3136 1450,3119 1449,3088 1403,3079 716,3086"/>
                <Baseline points="723,3119 759,3118 795,3118 831,3117 867,3117 903,3116 939,3116 975,3116 1011,3115 1047,3115 1083,3115 1119,3114 1155,3114 1191,3114 1227,3113 1263,3113 1299,3112 1335,3112 1371,3111 1407,3110 1443,3109"/>
                <TextEquiv>
                    <Unicode>durch Grautoffs gründlichen Text unter¬</Unicode>
                </TextEquiv>
            </TextLine>
            <TextLine id="r1l124" custom="readingOrder {index:123;}">
                <Coords points="1515,3168 1803,3148 2254,3161 2254,3123 2226,3114 1515,3118"/>
                <Baseline points="1521,3149 1557,3150 1593,3150 1630,3150 1666,3150 1702,3150 1739,3150 1775,3150 1811,3150 1848,3150 1884,3150 1920,3150 1957,3150 1993,3150 2029,3150 2066,3149 2102,3149 2138,3149 2175,3149 2211,3149 2248,3148"/>
                <TextEquiv>
                    <Unicode>sein Innerliches kund wird. Zwar wird</Unicode>
                </TextEquiv>
            </TextLine>
            <TextLine id="r1l125" custom="readingOrder {index:124;}">
                <Coords points="725,3165 1355,3151 1460,3172 1459,3124 1427,3116 725,3133"/>
                <Baseline points="731,3157 767,3157 803,3156 839,3156 875,3155 911,3155 947,3155 983,3155 1019,3154 1055,3154 1092,3154 1128,3153 1164,3153 1200,3153 1236,3153 1272,3152 1308,3152 1344,3152 1380,3151 1416,3151 1453,3151"/>
                <TextEquiv>
                    <Unicode>stützt. Der Verfasser gibt zugleich einen</Unicode>
                </TextEquiv>
            </TextLine>
            <TextLine id="r1l126" custom="readingOrder {index:125;}">
                <Coords points="1524,3190 1702,3211 1750,3190 2244,3191 2218,3153 1524,3164"/>
                <Baseline points="1530,3189 1565,3189 1600,3189 1636,3189 1671,3189 1707,3188 1742,3188 1777,3188 1813,3188 1848,3188 1884,3188 1919,3187 1954,3187 1990,3187 2025,3187 2061,3187 2096,3187 2131,3187 2167,3187 2202,3187 2238,3187"/>
                <TextEquiv>
                    <Unicode>viel in dem Buch über Rasse und Ab¬</Unicode>
                </TextEquiv>
            </TextLine>
            <TextLine id="r1l127" custom="readingOrder {index:126;}">
                <Coords points="725,3196 1360,3204 1445,3197 1445,3158 725,3165"/>
                <Baseline points="731,3194 766,3194 801,3194 837,3194 872,3194 908,3194 943,3194 978,3193 1014,3193 1049,3193 1085,3193 1120,3192 1155,3192 1191,3192 1226,3191 1262,3191 1297,3190 1332,3190 1368,3190 1403,3189 1439,3189"/>
                <TextEquiv>
                    <Unicode>Oberblick über die Entwickelung franzö</Unicode>
                </TextEquiv>
            </TextLine>
            <TextLine id="r1l128" custom="readingOrder {index:127;}">
                <Coords points="1512,3236 2263,3235 2240,3188 1512,3205"/>
                <Baseline points="1518,3227 1554,3228 1591,3228 1628,3228 1665,3228 1702,3228 1739,3228 1776,3228 1813,3228 1850,3228 1887,3227 1923,3227 1960,3227 1997,3226 2034,3226 2071,3226 2108,3226 2145,3226 2182,3226 2219,3226 2256,3226"/>
                <TextEquiv>
                    <Unicode>stammung gesprochen, aber keinem wird</Unicode>
                </TextEquiv>
            </TextLine>
            <TextLine id="r1l129" custom="readingOrder {index:128;}">
                <Coords points="727,3238 1436,3243 1455,3204 1185,3194 1029,3219 1007,3199 726,3197"/>
                <Baseline points="733,3233 768,3234 804,3234 840,3234 876,3234 912,3234 947,3234 983,3233 1019,3233 1055,3233 1091,3232 1126,3232 1162,3231 1198,3231 1234,3230 1270,3230 1305,3229 1341,3229 1377,3228 1413,3228 1449,3227"/>
                <TextEquiv>
                    <Unicode>sischer Plastik, zeigt, wie auch diesc</Unicode>
                </TextEquiv>
            </TextLine>
            <TextLine id="r1l130" custom="readingOrder {index:129;}">
                <Coords points="1518,3275 1948,3287 2059,3264 2254,3284 2254,3240 2159,3226 1518,3236"/>
                <Baseline points="1524,3267 1560,3267 1596,3268 1632,3268 1668,3268 1705,3268 1741,3267 1777,3267 1813,3267 1849,3267 1886,3266 1922,3266 1958,3266 1994,3265 2030,3265 2067,3265 2103,3265 2139,3265 2175,3266 2211,3266 2248,3267"/>
                <TextEquiv>
                    <Unicode>das Wort zu einer endgültigen Erklärung</Unicode>
                </TextEquiv>
            </TextLine>
            <TextLine id="r1l131" custom="readingOrder {index:130;}">
                <Coords points="717,3276 1413,3271 1471,3291 1460,3233 717,3246"/>
                <Baseline points="723,3272 760,3273 797,3273 834,3273 871,3273 908,3273 945,3273 982,3272 1019,3272 1056,3271 1093,3270 1130,3269 1167,3269 1204,3268 1241,3268 1278,3267 1315,3267 1352,3267 1389,3268 1426,3268 1464,3269"/>
                <TextEquiv>
                    <Unicode>scheinbar ausserordentliche Erscheinung</Unicode>
                </TextEquiv>
            </TextLine>
            <TextLine id="r1l132" custom="readingOrder {index:131;}">
                <Coords points="1509,3318 2254,3320 2232,3276 2058,3264 1948,3286 1748,3265 1509,3286"/>
                <Baseline points="1515,3307 1551,3307 1588,3307 1624,3307 1661,3306 1698,3306 1734,3306 1771,3306 1808,3305 1844,3305 1881,3305 1918,3305 1954,3305 1991,3305 2028,3305 2064,3305 2101,3305 2138,3305 2174,3305 2211,3305 2248,3306"/>
                <TextEquiv>
                    <Unicode>gegeben. Jeder äussert sich bloss nach</Unicode>
                </TextEquiv>
            </TextLine>
            <TextLine id="r1l133" custom="readingOrder {index:132;}">
                <Coords points="729,3322 1457,3309 1456,3282 1413,3271 728,3279"/>
                <Baseline points="734,3312 769,3312 805,3312 841,3312 877,3312 913,3311 949,3311 984,3311 1020,3310 1056,3310 1092,3309 1128,3309 1164,3308 1200,3308 1235,3307 1271,3307 1307,3307 1343,3306 1379,3306 1415,3306 1451,3305"/>
                <TextEquiv>
                    <Unicode>in die allgemeine Entwickelung hinein¬</Unicode>
                </TextEquiv>
            </TextLine>
            <TextLine id="r1l134" custom="readingOrder {index:133;}">
                <Coords points="1509,3350 2256,3347 2256,3325 2206,3309 2141,3333 1955,3306 1509,3318"/>
                <Baseline points="1516,3346 1552,3346 1589,3345 1626,3345 1662,3345 1699,3345 1736,3345 1772,3344 1809,3344 1846,3344 1883,3344 1919,3344 1956,3344 1993,3344 2029,3344 2066,3344 2103,3344 2139,3344 2176,3344 2213,3344 2250,3344"/>
                <TextEquiv>
                    <Unicode>seiner momentanen Eingebung. Man</Unicode>
                </TextEquiv>
            </TextLine>
            <TextLine id="r1l135" custom="readingOrder {index:134;}">
                <Coords points="730,3361 1073,3349 1227,3370 1303,3347 1330,3364 1451,3352 1451,3314 730,3322"/>
                <Baseline points="737,3352 772,3352 807,3351 843,3351 878,3351 914,3351 949,3351 984,3351 1020,3350 1055,3350 1091,3350 1126,3350 1161,3350 1197,3349 1232,3349 1268,3348 1303,3348 1338,3347 1374,3346 1409,3345 1445,3343"/>
                <TextEquiv>
                    <Unicode>gehört, und wie sie sich in den Nachfol¬</Unicode>
                </TextEquiv>
            </TextLine>
            <TextLine id="r1l136" custom="readingOrder {index:135;}">
                <Coords points="1516,3413 1612,3384 2206,3399 2258,3392 2258,3344 1515,3351"/>
                <Baseline points="1522,3384 1558,3385 1595,3385 1631,3385 1668,3386 1704,3386 1741,3386 1777,3386 1814,3386 1850,3386 1887,3385 1923,3385 1960,3385 1996,3385 2033,3385 2069,3384 2106,3384 2142,3384 2179,3384 2215,3384 2252,3384"/>
                <TextEquiv>
                    <Unicode>kann das auch anders ausdrücken, indem</Unicode>
                </TextEquiv>
            </TextLine>
            <TextLine id="r1l137" custom="readingOrder {index:136;}">
                <Coords points="725,3414 806,3391 857,3410 897,3397 920,3411 956,3396 975,3413 1041,3414 1040,3361 1027,3359 987,3367 917,3357 896,3367 884,3358 869,3367 829,3357 810,3368 785,3356 725,3366"/>
                <Baseline points="731,3393 756,3392 781,3391 807,3391 832,3391 857,3391 883,3392 908,3392 933,3392 959,3392 984,3392 1009,3390 1035,3388"/>
                <TextEquiv>
                    <Unicode>gern umgestaltet.</Unicode>
                </TextEquiv>
            </TextLine>
            <TextEquiv>
                <Unicode>box 3/2
23. Der Ner ins Freie
eATTAArAURASSARnNeSeUssensSasm numstensastensrurganrsknden zessürgsttesvrnseesengseaaser


2
BIL.DENDE KUNST IANNA PLEHN
237
WVenn nur das Hervorragende genannt
Dichtkunst Max Hochdorf
wird und demzufolge die Ausbeute wenig
Ressenroman Ur abhängig
von wissen¬
zahlreich erscheint, so kann man sich in
schaftlicher Verständigkeit,
etwas mit dem Ausland trösten. Das
nur
einem sudjektiven
schwächlich empfundene und matt ge¬
Drange folgend, versuchen einige Schrift¬
schene Frauenideal Aman-Jeans,
steller das Problem der Rasse künstlerisch
der oberflächliche, von einer Seite rosa,
zu lösen; sie tun es vielleicht in polemi¬
von der anderen blau belichtete weib¬
scher Absicht, indem sie irgendwelche
liche Halbakt Besnards, die iinmer
Rassenthcorie über den Haufen werfen
greller werdenden Bilder Zorns zeigen,
und an ihren Menschen, deren Schick¬
wie schnell es abwärts geht.
Der
salsverkettungen und Charaktereigen¬
Schwede sicht die Haut immer weisser,
schaften zeigen wollen, welches ihre Mei¬
das Grün und Rot greller, die Körper
nung ist. Nun kommt es aber bei einem
sehr rund, aber wie von Glas, und bietet
Kunstwerk, einem Roman, nicht auf
so immer mehr das unerfreuliche Bild
die Meinung sondern auf das gestaltende
einer durch ihre Geschicklichkei: ver¬
Talent des Schriftstellers an. Glauben
derbten Manier.
wir an die Menschen des Dichters, wei
In der plastischen Abteilung findet sich
er sie uns wahr machte, gut für ihn.
eine Reihe von Tierfiguren in Holz des
Versagen wir seinen Menschen die gläu¬
Österreichers Franz Barwig. Breit¬
bige Gefolgschaft, weil er ihnen nicht das
flächig, mit energischer Einfachkeit sind
Scheinleben der künstlerischen Lebens
kämpfende Stiere gegeneinander gewor¬
wirklichkeit einhauchen konnte, so war
fen. Die Köpfe an der Erde, die massi¬
der prachtvolle Logiker ein miserabler
gen Körper wie ineinander gebohrt, so
Poet. Kassenromane sind also nicht Bü¬
geht die Urkraft auf den Feind los. Eine
cher für oder gegen eine Theorie sondern
Katze von poliertem Ebenholz, gleich
ins Spielende der Kunst emporgehobene
eindrucksvoll, zeigt spielend gerundeten,
Beschreibungen von Menschengruppen,
geschmeidig bewegten Umriss. Diese
deren Schicksale dem Autor ins Allge¬
Glättung der Oberflächen ist der direkte
meine zu wachsen scheinen.
Gegensatz von Rodins Licht- und
Arthur Schnitzler ist der Ansicht,
Schattenwirkung auf gebuckelter und ge¬
dass jede feste Rassentheorie ein vager
furchter Form, die durch den Torso eines
Begriff, dass die Empfindung des yein¬
schreitenden Mannes mit ihrer ganzen
zelnen für die Rasse mehr eine Konse¬
Lebendigkeit veranschaulicht wird.
quenz seines Willens als eine seelische
X
X
Notwendigkeit seines Blutes sei. Sein
Kurze Chronik Ein Wettbewerb für ein
jüngster Roman, nach den kleinen, no¬
für Völker¬
Museum
vellenartigen Erzählungen eigentlich sein
kunde in Stuttgart ist vom
erster, heisst Der Weg ins Freie /Berlin,
Württembergischen Verein für Handels¬
S. Fischer/. Wienen Gesellschaftsroman
Es
geographie ausgeschrieben worden.
würde über dieses Buch ein Autor ge¬
scheint also, als ob man in Schwaben
eher ein solches Museum haben wird als
zeichnung liebt. Aber Schnitzler, der ins
Berlin den notwendigen Neubau für die¬
Traumhafte und Schwebende dichtet, der
ses so zeitgemässe Institut erhält.
um keinen Preis reale Gestalten schaffen
X
X
möchte sondern nur leis angedeutete Cha¬
Literatur
raktere, geht solcher realistischen Ge¬
In Knackfuss' Künstler¬
wissenhaftigkeit aus dem Wege. All das
monographieen Leipzig, Vel¬
Leben, das in seinem Romane spielt. soll
hagen &amp; Klasing erschien
nicht Naturgesetze, soziale Bewegungen
Muguste Rodin von Otto Grautoff.
und ideelle Strömungen abspiegeln; es soll
Das Verdienst dieser Ausgabe an der
vielmehr zwischen diesen Elementen des
Hand eines umfassenden Abbildungs¬
Daseins fortgleiten, so etwa wie aus dem
materials in das werdende Wesen des
Reden und dem Tun des kultivierten
behandelten Künstlers einzuführen wird
Menschen nur sein Oberflächliches, nie
durch Grautoffs gründlichen Text unter¬
sein Innerliches kund wird. Zwar wird
stützt. Der Verfasser gibt zugleich einen
viel in dem Buch über Rasse und Ab¬
Oberblick über die Entwickelung franzö
stammung gesprochen, aber keinem wird
sischer Plastik, zeigt, wie auch diesc
das Wort zu einer endgültigen Erklärung
scheinbar ausserordentliche Erscheinung
gegeben. Jeder äussert sich bloss nach
in die allgemeine Entwickelung hinein¬
seiner momentanen Eingebung. Man
gehört, und wie sie sich in den Nachfol¬
kann das auch anders ausdrücken, indem
gern umgestaltet.</Unicode>
            </TextEquiv>
        </TextRegion>
    </Page>
</PcGts>
