3296 4352
445 222 1286 303 Der Neg ins Freie
1421 223 1819 318 box 3/2
254 230 1288 344 23
934 1354 1477 1442 o —0—
153 1458 1837 1539 beck: das hohe Lied von der Menschen ergreifen und mit sich fortreißen kann, zu
156 1517 1859 1588 Nichts ist natürlicher, als daß Sprache. Wie in einem Kaleidoskon die Figuren, wechseln
183 1555 1858 1621 Brüche ging. Aber die reine in dem Buche vielfarbig die Ideale, die unsere Studenten¬
185 1577 754 1650 notwendig, denn der Roman
765 1597 1873 1669 schaft und weit darüber hinaus auch die breitere Oeffent¬
150 1636 751 1687 sch, so merkwürdig das klingen
759 1643 1861 1722 lichkeit bewegen. Von Naturreligion und Philosophie, von
162 1679 756 1740 Grundstimmung; alles ist auf
753 1678 1867 1751 Kunst jeder Art und Zeit, von Nationalitäten und Rassen¬
158 1720 747 1778 en. Es liegt viel Träumerisches
762 1733 1856 1798 hader, von der Liebe in den verschiedensten Erscheinungen,
157 1767 742 1823 und Ahnungsvolles; und doch
761 1774 1867 1855 von Naturmenschen, von Sozialdemokraten und Ana#chisten,
167 1817 745 1874 In Kantilener und Wigram,
753 1822 1855 1897 von Sanotorien, von Wilhelm dem Zweiten und Uniform¬
147 1845 748 1923 des Romans — deren Namen
763 1864 1855 1941 deutschland und von der „stillen Größe der innerlich freien
155 1890 742 1954 ewählt sind — finden wir den
757 1909 1854 1988 Heimat“, von allem möglichen ist die Rede: ein ganzes
158 1946 733 2005 mäßigen Grundton verkörpert.
751 1955 1855 2014 altes holländisches Kirchweihfest voll Gestalten und Ge¬
158 1985 743 2048 ossen haben viel gärende und
748 1995 1857 2067 danken. Alle Torheiten und Seligkeiten der himmelstürmen¬
194 2037 733 2089 mit all ihren Licht= und
755 2041 1852 2097 den Jugend werden vorgeführt, vom zähen Festhalten an
159 2075 743 2141 ichende und irrende Naturen,
743 2082 1846 2144 der heimatlichen Scholle über Naturmenschentum und Theo¬
154 2124 740 2185 tsleben Riesensprünge machen.
742 2127 1846 2194 sophie hinaus bis zur erhabenen Torheit des Träumers,
175 2163 746 2230 „Vorrechte einer ästhetischen
748 2177 1845 2247 der durch Briefe Wilhelm den Zweiten, „diesen einzigen
170 2206 746 2266 um „engherzige herkömmliche
745 2227 1848 2297 Kaiser, der seit Napoleon dem Ersten die Erde unruhig
154 2248 741 2316 ergebräuche“ nicht viel. Aber
751 2261 1855 2331 macht", in seinen Handlungen belehren und die Welt ver¬
167 2287 741 2360 haltlos, sind keine Verfalls¬
744 2302 1841 2377 befsern zu können glaubt. Wir stehen in einem Sprühregen
147 2332 731 2400 ihere Zeit mit Vorliebe ge¬
741 2349 1859 2422 von Vorwürfen und Gedanken und Gegensätzen. Und das
161 2375 731 2444 zwar auch und fallen, aber sie
746 2392 1847 2470 Ganze wird umfangen von einer glühenden Liebe zur
157 2431 738 2491 in liegt viel Kräftiges, etwas,
742 2438 1842 2505 steierischen Heimat. In kraftvollen, klaren, oft freude¬
181 2473 226 2538 ht.
217 2476 737 2539 Gerade in der Darstellung
740 2483 1844 2552 jauchzenden Worten wird ihre eigentümliche Schönheit ge¬
207 2513 731 2584 Sie ist nicht unverhüllter
739 2532 1839 2596 schildert. Und gerade darin finde ich die Bedeutung und
182 2550 724 2622 Phantasielebens, nicht bloß
747 2574 1837 2641 die Größe des Romans. Denn er gehört zu den schönsten,
166 2601 723 2672 die Abspannung folgt, ob¬
741 2616 1641 2663 die ich seit langem gelesen habe. Der Dichter
1705 2628 1845 2684 einen
164 2646 1849 2709 wird. Sie ist mehr. Sie ist! solchen müssen wir Bartsch nach diesem gehaltreichen Buche
170 2693 738 2755 sündhaft ist. Sie führt zur
729 2700 892 2754 nennen
886 2710 1849 2767 — dringt mit ganzer Seele in die Tiefe des
177 2731 575 2799 innerlichen Einkehr.
633 2743 730 2797 An
742 2748 1847 2819 Minschenherzens ein und holt eine Fülle farbenprächtiger
152 2768 722 2840 fast etwas antik Klares und
743 2791 1841 2861 Bilder daraus hervor. Noch tiefer aber dringt er in die
156 2818 719 2885 ht in den Gedanken, vielmehr
725 2831 1828 2910 Scönheit der Landschaft ein. Wir sehen das wunderbare
146 2868 717 2933 elden. Darin alterdings sind
728 2884 1831 2940 steierische Land sich vor unseren Augen ausbreiten in
142 2913 729 2987 auch in nationaler Beziehung
735 2920 1826 2987 blauende Fernen. Förmlich greifbar wird alles. Und so
159 2954 523 3018 befriedigt bleiben.
730 2972 1836 3024 wird der Roman auch zum hohen Liede des mittel= und
170 2991 736 3062 etwa zwei Jahren durch junge
733 3012 1827 3097 südsteierischen Landes und damit ein Heimatroman ersten
174 3054 725 3107 den verschiedensten Berufen
723 3052 918 3110 Ranges.
154 3084 735 3147 or allem geistige Bedürfnisse,
796 3070 1831 3162 Noch in einer anderen Beziehung ist er bemerkens¬
145 3131 1833 3210 lt des Buches. Dabei kommt wert und hervorragend: in sprachlicher Hinsicht nämlich.
144 3184 1823 3239 s Herz und die Sinne des! Und gerade hier ist heutzutage Besinnung und Hinweis
1872 1462 3295 1519 angebracht, ja notwendig. In einer Zeit, da die sprachliche tieften und bis
1875 1501 3298 1576 Unbildung überhendnimmt und hinaufgreift in die Kreise, gründeten, ja fö
1882 1547 3286 1606 die sprachlich auf den Hönen der Menschheit gehen sollten, gesellschaftliche,
1877 1585 3295 1664 in einer solchen Zeit müssen wir eine kräftige, ursprüng= fragen den nötig
1878 1627 3305 1703 liche und volkstümliche (das heißt von fremden Bei= bildet ungefähr
1876 1670 2984 1743 mengungen freie) Sprache doppelt freudig begrüßen. Da
2980 1689 3305 1747 Pferdebahn fähr
1882 1725 2980 1797 geht nun Bartsch nicht auf ausgetretenem Pfade, er schreitet
2981 1732 3299 1797 noch nicht vorko
1871 1769 2979 1829 selbst wegbahnend voraus: er wird sprachschöpferisch, bei¬
2974 1773 3305 1830 Seiten hin Hie
1871 1811 2969 1874 nahe ließe ich mich verleiten, zu sagen: sprachgewaltig.
2978 1823 3287 1889 des Verfassers
1874 1856 2975 1898 Das ist er im guten Sinne. Seine Neuschöpfungen und
2979 1866 3305 1921 einem Wiener
1872 1884 3293 1961 seine auf den ersten Blick manchmal überraschenden Zu= geordneten, sowi
1866 1943 3286 1998 sammenstellungen und Vergleiche sind wirksam und oft Dies und das
1870 1990 2974 2051 von einer köstlichen Schalkhaftigkeit. Selten nur werden sie
2981 1989 3304 2057 Dichters aus ga
1875 2029 2970 2078 gesucht oder barock und symbolistisch. Hie und da atmen
2978 2041 3288 2100 echtes Zeitbild
1871 2072 2966 2154 sie den kräftigen Waldgeruch des steierischen Landes oder
2978 2082 3296 2145 wie es Schnitzle
1862 2104 2522 2176 sind sie übermütig und burschikos.
2971 2124 3293 2192 mehrere geschaffen
1940 2143 2970 2206 Der Gesamteindruck, den ich von dem Romane mit¬
2968 2174 3286 2228 deutschen
1860 2188 2964 2259 nehme, ist durchaus günstig. Es fließt lebenskräftiges Blut
2976 2208 3300 2279 jüdische Gese
1868 2248 2962 2315 durch die Erzählung; und wie von den zwölf Freunden,
2976 2260 3300 2320 sicht übel aufge
1857 2287 2962 2357 die sich um die lichte, schöne Frau von Karminell sammeln,
2966 2307 3295 2367 kilweise von blei
1857 2326 3297 2410 nur die Tüchtigen und Gesunden übrig bleiben, so möge mal recht schema
1865 2379 3296 2444 das Buch aus der Masse der Neuerscheinungen als Weizen„Hereneinmaleins
1866 2418 3293 2495 ausgesiebt werden und vielen zur Freude gereichen, be= Schnitzler ja aus
1855 2455 3305 2544 sonders aber denen, die „die singende, lachende, helläugige hannte Stellung
1866 2504 2959 2576 Steiermark und die Traumstadt mit ihrer weichen Um¬
2960 2526 3284 2587 haben ihm die
1851 2554 2955 2618 gebung“ ins Herz geschlossen haben wie der Verfasser der
2957 2561 3292 2630 sinnverwandter K
1855 2596 2955 2666 Geschichte, „von der jedes Blatt ein Votivgeschenk der Er¬
2967 2613 3304 2685 Christen vor aller
1853 2633 2699 2702 innetung und des Heimwehs nach ihr ist“
2727 2648 2778 2699 —
2949 2657 3304 2720 Darstellung und
1941 2669 2956 2758 Nach der Provinz die Hauptstadt, nach dem Deutsch¬
2952 2700 3298 2765 Lebenserscheinung
1861 2708 2830 2798 ium das Judentum und dessen dekadenter Dichter!
2959 2746 3281 2808 Grindsätze sind
1931 2777 3297 2851 Arthur Schnitzler kann sich von seinen bereits mehr= das zu bedeuten
1850 2803 3294 2885 fach ausgebeuteten Vorwürfen, den „Liebeleien", nicht eigentümlichen W
1848 2874 2947 2939 trennen. Denn auch in dem vorliegenden Romane „Der
2952 2879 3306 2934 ist nicht unsere W
1851 2912 2944 2972 Weg ins Freie“ behandelt er die gleichen Probleme. Be¬
2953 2923 3292 2987 deutscher Die
1855 2960 2959 3019 ginn, Höhepunkt und Ende (das Endo ist der „Weg ins
2952 2965 3261 3027 jüdischer, der,
1848 3003 2946 3070 Freie", in die Ungebundenheit) eines Liebesverhältnisses
2949 2998 3304 3079 deutscher Sprache
1845 3041 2946 3113 bilden die Haupthandlung und dabei laufen als Neben¬
2962 3051 3299 3120 wir ihm die Kre
1854 3077 2950 3154 handlungen andere Liebeleien, auf verschiedener Grundlage
2951 3093 3300 3154 vielleicht allzu up
1857 3138 2942 3206 entstanden und mit anderem Ausgange, her. Diesen an
2951 3142 3284 3208 dieses Romans i
1849 3181 2940 3245 und für sich nicht neuen — Liebe und Tod sind ewige
2956 3184 3306 3250 auch nicht neiden.
1852 3216 2962 3310 Probleme — hier nur nach ihrem seelischen Verlauf ver¬
