3248 4192
377 212 1164 303 Der Neg ins Frei
1329 215 1737 317 box 3/1
190 220 1212 348 23. Del negans Hiere
175 1237 494 1325 guech
829 1268 2907 1383 A die Menschen mit der sogenanann Wellanscheutes=leinige Zeit vergangen sein wird. Heute hätte ihn
90 1281 851 1382 als ein hohler Klang. Sie trommeln
828 1324 1656 1408 Er ist ja krank wie .. sein Vater..
74 1358 850 1411 s Wiederhall hervorruft, auf Koch¬
1836 1342 2910 1427 Schnitzler doch nur in einem Zukunftsroman in
914 1384 2922 1481 Solche Menschen kennen wir. Die über denssich abgeschlossen zeigen können. Wir sind ja
64 1401 851 1474 nd Judenfrage selbst und halten sich
98 1439 2182 1516 ,weil sie den stärksten Lärm machen Parteien stehen wollen und doch nur bei allen alle jung ...
826 1491 1868 1568 und gegen alle stehen und schließlich nicht
1930 1490 2916 1577 Aber hinter dem Schleier der Zukunft sehen
832 1548 1860 1601 einmal über sich stehen können in all ihrer
1853 1539 2916 1615 wir doch die sympathischen Züge dieses Juden, der
110 1578 1872 1657 Juden hat dieser „Fall“ nur als Objektivität. 7# gerecht scheinen wollen
1858 1613 2900 1673 „in Gesichtsschnitt und Haltung an einen grie¬
87 1604 842 1691 e Bedeutung, daß wir in Zukunft in
840 1648 2908 1726 und doch ger# ingerecht sein möchten, mit schischen Jüngling erinnert, irgendwo im Vatikan
83 1667 834 1723 ang etwas vorsichtiger sein müssens
830 1693 2904 1753 aller Kraft lie#n und hassen wollten, die selbst oder im Museum von Neapel. Wir sehen ihn vor¬
78 1716 839 1779 Charakterzug des Ungeziefers, daß es
837 1748 2905 1829 zum Hasse die Gerechtigkeit des Herzenserst nur im Vollbewußtsein seines und
77 1769 835 1828 neinen warmen Leib drängt, wo es
827 1789 2912 1874 nicht aufbringen, die noch weniger die Ungerech=seines Volkes Wertes gegen Angriffe sich
75 1808 840 1882 Schmarotzen gibt. Und es ist kein
836 1841 1872 1904 tigkeit der Liebe haben. Die sentimental sind
1855 1845 2915 1919 zur Wehr setzen, allerdings in der herkömlichen.
89 1867 844 1929 pf mit ihnen; man trägt immer seine
828 1879 2913 1976 und herzlos, empfindlich und rücksichtslos, unver= Weise mit Pistolen. Das erstemal infolge einer
89 1905 840 1987 Wir müssen uns vorsichtig vor all
834 1935 1869 1984 träglich und doch auf Menschen angewiesen. Von
1859 1951 2919 2010 Frechheit eines antisemitischen Grafen, der die
86 1957 840 2019 hrlichen Freunden hüten und unsere
827 1976 1859 2047 ihrem Volke wollen sie nichts wissen und beschäf¬
1854 1996 2924 2080 Schwester ansprechend, dem Bruder nur so neben¬
88 2018 832 2090 Offener Kampf oder Frieden, aber
827 2032 1858 2099 tigen sich doch unausgesetzt mit ihm, tragen das
1853 2045 2442 2122 bei seinen Namen hinwirft.
81 2060 460 2134 chritt vom Leibe.
826 2079 1871 2145 Solidaritätsgefühl, das sie im Handeh verleugnen,
1937 2104 2881 2167 Leo stellt sich vor: „Jüd aus Krakau ...“
442 2081 818 2190 Thekla Blech.
813 2109 1863 2199 im Lieben nicht kennen wollen, im Fürchten ver¬
1852 2130 2908 2227 Das zweitemal schießt er den Oberleutnant im
825 2171 1853 2242 abschenen — doch im Suchen und Irren in sich¬
1850 2204 2899 2261 Duell tot, der ihn während des gerade abgeschlos¬
919 2227 1863 2313 Verfolgungswahnsinnig sind diese Juden?
1846 2257 2913 2314 senen Freiwilligenjahrs in unerhörter Weise gequält
109 2254 1054 2356 auf dem Weg ins Freie. Ach nein-
1038 2282 1859 2353 — sicherheitswahnsinnig! Und stecken den
1848 2312 2912 2372 hat, weil er leider einen solchen Widerwillen gegen
102 2312 534 2405 Eine Buchbesprechung.
802 2345 1861 2405 Kopf unter den Mantel ihrer Bequemlichkeit und
1854 2353 2907 2413 die Juden hat. „Es stände manches anders in
80 2365 1862 2446 Schnitzlers „Der Weg ins Freie“ ist Schwäche und sträuben sich gegen die ihnen nur
1860 2403 2910 2470 Österreich, wenn alle Juden entsprechenden Falls
80 2446 2905 2501 nd mildes Buch, das an die Tiefensäußerlich scheinende Lösung des Zionismus, als sich so zu benehmen wüßten wie der Leo Golowski.
75 2491 1864 2557 er die Höhen leuchtet. Und uns ist wenn au####m gesunden Boden überhaupt noch
1855 2491 2140 2572 Leider
81 2540 1863 2603 die Welt, die das Allgemein=Mensch=solche haltt###, verzwickte und verschrobene Indivi¬
1929 2531 2911 2633 Die Judenfrage spielt in Schnitzlers Roman
68 2587 1861 2661 cht und findet und sich des Neuen viduen die „innerliche sung" verlangten,
1854 2607 2914 2680 eine wichtige Rolle. Zu oft wird dem Freiherrn
70 2630 1859 2695 alb so viel wie wir junge Juden von als wenn die sich nicht von selbst ergäbe,
1849 2660 2912 2726 Georg von Wergenthin manchmal davon gesprochen.
74 2683 1853 2743 ben könne, weil sie die feinsten, die in einer reinen Atmosphäre, bei einem einheitlichen
1848 2706 2908 2767 Aber Schnitzler hat das Problem künstlerisch sich
80 2737 1852 2797 Züge nicht so ganz verstehen mag. Wollen! Sie glauben ja an keine Assimi¬
1858 2755 2911 2811 in einem schönen Prisma brechen lassen. Wenn er
83 2779 1877 2855 nicht gesehen, sondern erlebt, erlebtslation, sondern höchstens an etwas Mythisches,
1850 2795 2903 2865 auch selbst keine Lösung gezeigt hat, wir fühlen
84 2828 1860 2898 tsch=österreichischen Dichter in Wien, an eine teleologische Mission des Ferments der
1852 2850 2908 2912 genau, wo seine Sympathien zu suchen
84 2883 1866 2950 chen Volke gehört. Und der jüdischen Menschheit, sie reden sich vor, jeder könne seine
1858 2903 2897 2952 sind, wir fühlen, wodurch er sich — abgesehen von
117 2936 837 3009 wenn das auch kein liberaler Re¬
829 2918 1867 3002 Lösung nur mit sich selber abmachen, indem er in
1849 2950 2902 3011 seinem Talent — von den vielen, vielen Literaten
83 2981 284 3053 n wird.
824 2983 1863 3042 seine innersten Winkel hineinleuchtet, unbeirrt. Als
1858 2995 2904 3065 unterscheidet, die nie die Kraft zu solchen Worten
825 3021 1853 3085 wenn man jemals sich allein als ein abgeschlossenes
76 3019 834 3110 ngjuden, die wir gerade diese spe¬
1849 3050 2905 3110 hätten, weil sie sich schämen und nicht daran zu
829 3079 1850 3146 betrachten könnte. Als ob der Mut der eigenen
1846 3094 2909 3160 rühren wagen... Vielleicht wird uns Schnitzler
96 3090 840 3164 ischen Kämpfe durchgemacht haben
833 3104 1753 3201 Natur nicht der Mut zu seinem Volke wäre.
1845 3141 2911 3207 unter anderen gerade den Leo Golowski wieder
85 3148 843 3204 rchmachen, bis wir unser Volk finden,
89 3192 844 3251 uns alle diese Bermanns und Nürn¬
904 3169 1858 3260 Und der arische Freiherr, der mit Verwun¬
1845 3188 2926 3254 einmal vorstellen, reifer und älter geworden und
80 3242 831 3298 Oskar Ehrenbergs und Willy Eyßlers
2660 3238 2852 3324 Elha.
829 3238 1847 3305 derung diesen Gedankengängen lauscht, fühlt gerade,
1844 3244 2581 3318 stärker auf seinem Wege ins Freie.
74 3293 839 3346 den und sich wehren und resigniert
828 3295 1856 3359 wie dieser sich individualistisch Gebärdende, der
70 3339 1870 3402 guntergehen sehen — wir können behauptet, sich mit niemandem zusammengehörig
86 3463 2925 3567 tauration Ehgelbert Nickmann, Zeile Nr. 19.
83 3565 2911 3657 und modern eingerichtet. Zum Ausschanke gelangen: beste Altbrünner Export- u. Märzenbiere,
75 3627 2910 3726 ügliches Pilsner-Urquell, (Bier aus dem bürgerlichen Brauhause Pilsen), sowie ausgezeichnete Weine.
89 3704 2913 3785 wird größte Aufmerksamkeit zugewendet und für aufmerksame, prompte Bedienung gesorgt werden.
