<?xml version="1.0" encoding="UTF-8" standalone="yes"?>
<PcGts xmlns="http://schema.primaresearch.org/PAGE/gts/pagecontent/2013-07-15" xmlns:xsi="http://www.w3.org/2001/XMLSchema-instance" xsi:schemaLocation="http://schema.primaresearch.org/PAGE/gts/pagecontent/2013-07-15 http://schema.primaresearch.org/PAGE/gts/pagecontent/2013-07-15/pagecontent.xsd">
    <Metadata>
        <Creator>prov=University of Rostock/Institute of Mathematics/CITlab/Gundram Leifert/gundram.leifert@uni-rostock.de:name=ONB_Newseye_GT_M1+(htr_id=10810)::::v=2.4.2
prov=University of Rostock/Institute of Mathematics/CITlab/Tobias Gruening/tobias.gruening@uni-rostock.de:name=de.uros.citlab.module.baseline2polygon.B2PSeamMultiOriented:v=2.4.2
prov=University of Rostock/Institute of Mathematics/CITlab/Tobias Gruening/tobias.gruening@uni-rostock.de:name=/net_tf/LA73_249_0mod360.pb:de.uros.citlab.segmentation.CITlab_LA_ML:v=2.4.2
Transkribus</Creator>
        <Created>2019-10-07T10:27:24.204+02:00</Created>
        <LastChange>2019-10-07T16:31:05.167+02:00</LastChange>
        <TranskribusMetadata docId="223898" pageId="9492848" pageNr="213" tsid="16390780" status="IN_PROGRESS" userId="40391" imgUrl="https://files.transkribus.eu/Get?id=XDNPGGOLSAXCQGTOBGABHXZU&amp;fileType=view" xmlUrl="https://files.transkribus.eu/Get?id=FIOWEQGAORNUMNSDBFUZLFSZ" imageId="6183136"/>
    </Metadata>
    <Page imageFilename="223898_0213.jpeg" imageWidth="3248" imageHeight="4384">
        <ReadingOrder>
            <OrderedGroup id="ro_1711445165483" caption="Regions reading order">
                <RegionRefIndexed index="0" regionRef="r1"/>
            </OrderedGroup>
        </ReadingOrder>
        <TextRegion orientation="0.0" id="r1" custom="readingOrder {index:0;}">
            <Coords points="209,217 209,4013 2934,4013 2934,217"/>
            <TextLine id="r1l1" custom="readingOrder {index:0;}">
                <Coords points="911,250 987,256 1007,243 1018,254 1043,247 1095,255 1152,243 1197,255 1197,193 1151,197 1122,181 1099,202 1076,204 1020,184 974,186 936,225 911,229"/>
                <Baseline points="918,241 945,242 972,243 999,243 1026,243 1053,242 1080,242 1107,242 1134,242 1161,243 1189,244"/>
                <TextEquiv>
                    <Unicode>Freie</Unicode>
                </TextEquiv>
            </TextLine>
            <TextLine id="r1l2" custom="readingOrder {index:1;}">
                <Coords points="1369,251 1434,246 1488,260 1547,238 1571,257 1672,248 1731,269 1731,201 1689,182 1586,180 1544,215 1525,196 1438,208 1387,178 1369,181"/>
                <Baseline points="1376,244 1402,243 1429,243 1456,243 1483,243 1509,243 1536,244 1563,244 1590,245 1616,245 1643,244 1670,244 1697,243 1724,241"/>
                <TextEquiv>
                    <Unicode>box 3/2</Unicode>
                </TextEquiv>
            </TextLine>
            <TextLine id="r1l3" custom="readingOrder {index:2;}">
                <Coords points="201,257 912,253 912,197 856,206 802,180 743,207 625,184 513,209 404,190 364,226 201,179"/>
                <Baseline points="209,247 243,247 278,246 313,245 348,245 383,244 417,244 452,244 487,244 522,244 557,244 591,244 626,244 661,244 696,244 731,244 765,244 800,244 835,244 870,244 905,243"/>
                <TextEquiv>
                    <Unicode>23. Der Neg ins</Unicode>
                </TextEquiv>
            </TextLine>
            <TextLine id="r1l4" custom="readingOrder {index:3;}">
                <Coords points="392,284 1200,285 1200,250 1155,245 392,249"/>
                <Baseline points="399,266 438,266 478,266 518,266 557,266 597,266 637,266 676,266 716,266 756,266 796,266 835,266 875,266 915,266 954,266 994,266 1034,266 1073,266 1113,266 1153,265 1193,265"/>
                <TextEquiv>
                    <Unicode>—</Unicode>
                </TextEquiv>
            </TextLine>
            <TextLine id="r1l5" custom="readingOrder {index:4;}">
                <Coords points="2335,547 2352,549 2373,543 2409,553 2442,545 2432,414 2406,416 2385,431 2378,427 2374,432 2357,430 2346,424 2325,427"/>
                <Baseline points="2341,539 2371,532 2402,533 2433,529"/>
                <TextEquiv>
                    <Unicode>7</Unicode>
                </TextEquiv>
            </TextLine>
            <TextLine id="r1l6" custom="readingOrder {index:5;}">
                <Coords points="588,561 640,556 650,563 673,547 699,563 733,546 743,554 764,553 764,507 736,509 723,502 678,515 590,500"/>
                <Baseline points="596,545 622,547 649,548 676,549 702,550 729,550 756,551"/>
                <TextEquiv>
                    <Unicode>Nr. 49.</Unicode>
                </TextEquiv>
            </TextLine>
            <TextLine id="r1l7" custom="readingOrder {index:6;}">
                <Coords points="1438,565 1494,549 1551,565 2001,559 2000,510 1981,504 1667,498 1581,518 1554,496 1511,511 1438,492"/>
                <Baseline points="1445,553 1472,552 1499,551 1527,550 1554,550 1582,549 1609,548 1636,548 1664,548 1691,547 1719,547 1746,547 1773,547 1801,547 1828,547 1856,548 1883,548 1910,549 1938,549 1965,550 1993,551"/>
                <TextEquiv>
                    <Unicode>„Neue National-Zeitung</Unicode>
                </TextEquiv>
            </TextLine>
            <TextLine id="r1l8" custom="readingOrder {index:7;}">
                <Coords points="2686,570 2710,564 2741,569 2781,550 2801,565 2842,568 2912,552 2912,514 2884,514 2870,500 2824,501 2785,489 2761,507 2727,513 2687,500"/>
                <Baseline points="2694,552 2720,552 2746,553 2772,553 2799,553 2825,554 2851,554 2877,555 2904,555"/>
                <TextEquiv>
                    <Unicode>Seite 11.</Unicode>
                </TextEquiv>
            </TextLine>
            <TextLine id="r1l9" custom="readingOrder {index:8;}">
                <Coords points="601,841 761,823 870,777 986,827 1054,794 1142,801 1128,613 1040,624 971,589 918,599 885,633 846,616 717,642 695,627 590,682"/>
                <Baseline points="607,815 633,812 659,810 685,808 711,808 738,807 764,806 790,806 816,806 842,805 869,804 895,803 921,802 947,800 973,797 1000,794 1026,790 1052,785 1078,779 1104,772 1131,762"/>
                <TextEquiv>
                    <Unicode>ADa GO</Unicode>
                </TextEquiv>
            </TextLine>
            <TextLine id="r1l10" custom="readingOrder {index:9;}">
                <Coords points="1466,850 1600,852 1685,880 1974,850 2112,871 2146,861 2147,822 2044,770 1575,763 1467,781"/>
                <Baseline points="1473,835 1506,839 1539,841 1572,844 1606,846 1639,848 1672,849 1706,849 1739,850 1772,850 1806,850 1839,850 1872,850 1905,850 1939,850 1972,850 2005,849 2039,850 2072,850 2105,851 2139,851"/>
                <TextEquiv>
                    <Unicode>ceulleron.</Unicode>
                </TextEquiv>
            </TextLine>
            <TextLine id="r1l11" custom="readingOrder {index:10;}">
                <Coords points="523,1001 879,992 930,1012 967,991 1066,990 1066,943 939,948 857,929 701,957 630,936 523,955"/>
                <Baseline points="530,982 556,983 582,983 609,984 635,985 662,985 688,985 715,986 741,986 768,986 794,986 820,986 847,986 873,985 900,985 926,985 953,985 979,985 1006,984 1032,984 1059,984"/>
                <TextEquiv>
                    <Unicode>Prof. Dr. M. GRUNFELD:</Unicode>
                </TextEquiv>
            </TextLine>
            <TextLine id="r1l12" custom="readingOrder {index:11;}">
                <Coords points="1883,999 2940,1007 2940,962 2836,927 2691,966 1883,947"/>
                <Baseline points="1890,987 1942,988 1994,989 2046,990 2098,991 2150,991 2202,992 2255,993 2307,993 2359,994 2411,994 2463,994 2515,995 2567,995 2620,995 2672,995 2724,995 2776,995 2828,994 2880,994 2933,994"/>
                <TextEquiv>
                    <Unicode>Die deutsche und Weltliteratur ist an Schilde¬</Unicode>
                </TextEquiv>
            </TextLine>
            <TextLine id="r1l13" custom="readingOrder {index:12;}">
                <Coords points="1769,1049 2940,1053 2896,1001 1769,1003"/>
                <Baseline points="1777,1036 1834,1038 1892,1039 1950,1040 2008,1041 2066,1041 2123,1042 2181,1042 2239,1042 2297,1043 2355,1043 2412,1043 2470,1043 2528,1043 2586,1043 2644,1043 2701,1043 2759,1042 2817,1042 2875,1042 2933,1042"/>
                <TextEquiv>
                    <Unicode>rungen von Juden und jüdischen Zuständen nicht</Unicode>
                </TextEquiv>
            </TextLine>
            <TextLine id="r1l14" custom="readingOrder {index:13;}">
                <Coords points="1761,1097 2935,1096 2898,1050 1761,1049"/>
                <Baseline points="1769,1088 1830,1088 1891,1088 1952,1089 2013,1089 2074,1089 2135,1089 2196,1090 2257,1090 2318,1090 2379,1091 2440,1091 2501,1091 2562,1091 2623,1091 2684,1091 2745,1091 2806,1091 2867,1090 2928,1090"/>
                <TextEquiv>
                    <Unicode>arm. Ueber allzuviel Liebenswürdigkeit der Schrift¬</Unicode>
                </TextEquiv>
            </TextLine>
            <TextLine id="r1l15" custom="readingOrder {index:14;}">
                <Coords points="531,1128 769,1095 1105,1120 1203,1080 1270,1113 1681,1111 1722,1052 530,1035"/>
                <Baseline points="538,1101 596,1098 655,1096 714,1095 773,1094 832,1094 891,1094 949,1094 1008,1095 1067,1095 1126,1096 1185,1097 1244,1097 1303,1098 1361,1098 1420,1098 1479,1098 1538,1097 1597,1095 1656,1093 1715,1090"/>
                <TextEquiv>
                    <Unicode>Randbemerkungen zum Romane</Unicode>
                </TextEquiv>
            </TextLine>
            <TextLine id="r1l16" custom="readingOrder {index:15;}">
                <Coords points="1773,1154 2941,1147 2941,1092 1774,1107"/>
                <Baseline points="1781,1136 1838,1136 1896,1137 1953,1137 2011,1138 2069,1138 2126,1138 2184,1139 2242,1139 2299,1140 2357,1140 2415,1140 2472,1140 2530,1141 2588,1141 2645,1141 2703,1140 2761,1140 2818,1140 2876,1139 2934,1138"/>
                <TextEquiv>
                    <Unicode>steller, die sich mit uns beschäftigten, können wir</Unicode>
                </TextEquiv>
            </TextLine>
            <TextLine id="r1l17" custom="readingOrder {index:16;}">
                <Coords points="1768,1194 2894,1211 2941,1195 2941,1148 1768,1157"/>
                <Baseline points="1775,1184 1836,1185 1897,1186 1958,1186 2019,1187 2080,1188 2141,1188 2202,1189 2263,1189 2324,1189 2385,1190 2446,1190 2507,1190 2568,1190 2629,1189 2690,1189 2751,1189 2812,1189 2873,1188 2934,1188"/>
                <TextEquiv>
                    <Unicode>uns nicht beklagen. Spielhagen, Heyse, in dem ja</Unicode>
                </TextEquiv>
            </TextLine>
            <TextLine id="r1l18" custom="readingOrder {index:17;}">
                <Coords points="708,1207 777,1219 898,1176 944,1213 1119,1189 1300,1217 1378,1186 1527,1195 1543,1161 1282,1111 1208,1143 1134,1113 707,1138"/>
                <Baseline points="715,1193 756,1193 797,1192 838,1191 879,1191 920,1190 961,1189 1002,1189 1043,1188 1084,1188 1125,1187 1166,1187 1207,1187 1248,1186 1289,1186 1330,1186 1371,1186 1412,1186 1453,1187 1494,1187 1535,1188"/>
                <TextEquiv>
                    <Unicode>„Der Weg ins Kreie</Unicode>
                </TextEquiv>
            </TextLine>
            <TextLine id="r1l19" custom="readingOrder {index:18;}">
                <Coords points="1757,1239 2929,1254 2929,1203 2840,1194 1757,1208"/>
                <Baseline points="1765,1233 1822,1234 1880,1235 1938,1236 1996,1236 2054,1237 2112,1237 2169,1237 2227,1237 2285,1237 2343,1237 2401,1237 2459,1237 2517,1237 2574,1237 2632,1237 2690,1237 2748,1237 2806,1237 2864,1237 2922,1237"/>
                <TextEquiv>
                    <Unicode>auch ein Tropfen oder mehr jüdischen Blutes fliesst,</Unicode>
                </TextEquiv>
            </TextLine>
            <TextLine id="r1l20" custom="readingOrder {index:19;}">
                <Coords points="903,1263 984,1257 1046,1274 1129,1256 1251,1257 1347,1275 1347,1228 1279,1216 1151,1210 1111,1225 1020,1209 986,1226 904,1215"/>
                <Baseline points="911,1250 936,1251 961,1251 986,1251 1011,1251 1037,1252 1062,1252 1087,1252 1112,1252 1138,1252 1163,1253 1188,1253 1213,1253 1239,1253 1264,1253 1289,1254 1314,1254 1340,1255"/>
                <TextEquiv>
                    <Unicode>Von Arthur Schnitzler.</Unicode>
                </TextEquiv>
            </TextLine>
            <TextLine id="r1l21" custom="readingOrder {index:20;}">
                <Coords points="1768,1302 2937,1304 2913,1246 1768,1243"/>
                <Baseline points="1775,1282 1832,1283 1890,1284 1948,1284 2006,1285 2063,1286 2121,1286 2179,1286 2237,1287 2294,1287 2352,1287 2410,1287 2468,1287 2525,1287 2583,1287 2641,1286 2699,1286 2756,1286 2814,1285 2872,1285 2930,1285"/>
                <TextEquiv>
                    <Unicode>Raabe, man denke nur an den famosen „Hunger.</Unicode>
                </TextEquiv>
            </TextLine>
            <TextLine id="r1l22" custom="readingOrder {index:21;}">
                <Coords points="660,1342 1640,1343 1708,1328 1708,1270 1384,1305 660,1283"/>
                <Baseline points="667,1326 718,1326 770,1327 821,1327 873,1327 925,1328 976,1328 1028,1328 1080,1328 1131,1328 1183,1328 1235,1328 1286,1328 1338,1328 1390,1327 1441,1327 1493,1327 1545,1326 1596,1326 1648,1325 1700,1325"/>
                <TextEquiv>
                    <Unicode>Endlich ein Buch, nach dessen Lektüre man</Unicode>
                </TextEquiv>
            </TextLine>
            <TextLine id="r1l23" custom="readingOrder {index:22;}">
                <Coords points="1773,1355 1932,1318 1998,1354 2933,1345 2892,1299 1773,1299"/>
                <Baseline points="1781,1332 1838,1332 1895,1333 1952,1334 2010,1334 2067,1334 2124,1335 2181,1335 2239,1335 2296,1336 2353,1336 2410,1336 2468,1336 2525,1336 2582,1336 2639,1336 2697,1336 2754,1336 2811,1336 2868,1336 2926,1336"/>
                <TextEquiv>
                    <Unicode>pastor“ bis auf den seichten Stilgebauer, der einen</Unicode>
                </TextEquiv>
            </TextLine>
            <TextLine id="r1l24" custom="readingOrder {index:23;}">
                <Coords points="537,1383 1703,1391 1703,1332 537,1346"/>
                <Baseline points="544,1375 601,1375 659,1375 716,1375 774,1376 832,1376 889,1376 947,1377 1004,1377 1062,1377 1120,1377 1177,1377 1235,1377 1292,1377 1350,1377 1408,1377 1465,1376 1523,1376 1580,1375 1638,1375 1696,1374"/>
                <TextEquiv>
                    <Unicode>sich nicht fragen muss: wozu wurde es geschrie¬</Unicode>
                </TextEquiv>
            </TextLine>
            <TextLine id="r1l25" custom="readingOrder {index:24;}">
                <Coords points="1772,1393 2930,1394 2898,1343 1773,1345"/>
                <Baseline points="1780,1379 1837,1380 1894,1381 1951,1382 2008,1382 2065,1383 2122,1383 2180,1383 2237,1384 2294,1384 2351,1384 2408,1384 2465,1384 2522,1385 2580,1385 2637,1385 2694,1384 2751,1384 2808,1384 2865,1384 2923,1384"/>
                <TextEquiv>
                    <Unicode>jüdischen Märtyrer in seinem dickleibigen „Götz</Unicode>
                </TextEquiv>
            </TextLine>
            <TextLine id="r1l26" custom="readingOrder {index:25;}">
                <Coords points="537,1432 1696,1427 1696,1388 538,1382"/>
                <Baseline points="545,1423 602,1423 659,1423 716,1423 773,1424 831,1424 888,1424 945,1424 1002,1425 1059,1425 1117,1425 1174,1425 1231,1425 1288,1425 1345,1426 1403,1426 1460,1425 1517,1425 1574,1425 1631,1425 1689,1424"/>
                <TextEquiv>
                    <Unicode>ben? Ein Werk wurde der Welt geschenkt, das ge¬</Unicode>
                </TextEquiv>
            </TextLine>
            <TextLine id="r1l27" custom="readingOrder {index:26;}">
                <Coords points="1764,1438 2935,1444 2935,1398 2867,1387 1764,1394"/>
                <Baseline points="1771,1428 1828,1429 1886,1430 1944,1430 2002,1431 2060,1431 2117,1432 2175,1432 2233,1433 2291,1433 2349,1433 2406,1433 2464,1433 2522,1434 2580,1433 2638,1433 2695,1433 2753,1433 2811,1433 2869,1432 2927,1432"/>
                <TextEquiv>
                    <Unicode>Krafft“ leiden und sterben lässt, aber auch mit stil¬</Unicode>
                </TextEquiv>
            </TextLine>
            <TextLine id="r1l28" custom="readingOrder {index:27;}">
                <Coords points="530,1478 1707,1485 1707,1438 1635,1432 530,1435"/>
                <Baseline points="537,1471 595,1471 653,1471 711,1472 769,1472 827,1473 885,1473 943,1473 1001,1474 1059,1474 1118,1474 1176,1474 1234,1474 1292,1474 1350,1474 1408,1474 1466,1474 1524,1474 1582,1473 1640,1473 1699,1472"/>
                <TextEquiv>
                    <Unicode>schrieben werden musste und dass es Schnitzler</Unicode>
                </TextEquiv>
            </TextLine>
            <TextLine id="r1l29" custom="readingOrder {index:28;}">
                <Coords points="1763,1495 2937,1486 2937,1444 2860,1438 1763,1439"/>
                <Baseline points="1771,1478 1832,1478 1893,1479 1954,1480 2015,1480 2076,1481 2137,1481 2198,1482 2259,1482 2320,1482 2381,1482 2442,1482 2503,1482 2564,1482 2625,1482 2686,1482 2747,1482 2808,1481 2869,1481 2930,1481"/>
                <TextEquiv>
                    <Unicode>lem Behagen den Antisemitismus in einer kleinen</Unicode>
                </TextEquiv>
            </TextLine>
            <TextLine id="r1l30" custom="readingOrder {index:29;}">
                <Coords points="535,1533 1688,1538 1703,1482 535,1491"/>
                <Baseline points="543,1521 600,1521 658,1521 715,1521 773,1522 831,1522 888,1522 946,1522 1004,1522 1061,1522 1119,1522 1177,1522 1234,1522 1292,1522 1350,1522 1407,1522 1465,1522 1523,1521 1580,1521 1638,1520 1696,1520"/>
                <TextEquiv>
                    <Unicode>geschrieben, dieser durchdringende Beobachter des</Unicode>
                </TextEquiv>
            </TextLine>
            <TextLine id="r1l31" custom="readingOrder {index:30;}">
                <Coords points="1771,1537 2942,1544 2927,1488 1771,1485"/>
                <Baseline points="1779,1527 1836,1527 1894,1528 1952,1528 2010,1529 2067,1529 2125,1530 2183,1530 2241,1530 2298,1530 2356,1530 2414,1530 2472,1530 2529,1530 2587,1530 2645,1530 2703,1530 2760,1530 2818,1530 2876,1530 2934,1530"/>
                <TextEquiv>
                    <Unicode>deutschen Universitätsstadt schildert, sie alle haben</Unicode>
                </TextEquiv>
            </TextLine>
            <TextLine id="r1l32" custom="readingOrder {index:31;}">
                <Coords points="535,1569 1697,1583 1697,1537 1551,1528 535,1532"/>
                <Baseline points="542,1565 599,1567 656,1568 714,1570 771,1570 828,1571 886,1572 943,1572 1000,1572 1058,1573 1115,1573 1172,1572 1230,1572 1287,1572 1344,1572 1402,1571 1459,1571 1516,1570 1574,1570 1631,1569 1689,1569"/>
                <TextEquiv>
                    <Unicode>Wiener Lebens, der dessen geheimste Tiefen er¬</Unicode>
                </TextEquiv>
            </TextLine>
            <TextLine id="r1l33" custom="readingOrder {index:32;}">
                <Coords points="1773,1590 2935,1604 2906,1540 1773,1536"/>
                <Baseline points="1781,1576 1838,1577 1895,1577 1953,1578 2010,1578 2067,1579 2125,1579 2182,1579 2239,1579 2297,1579 2354,1579 2411,1579 2469,1579 2526,1579 2583,1579 2641,1579 2698,1579 2755,1579 2813,1579 2870,1579 2928,1579"/>
                <TextEquiv>
                    <Unicode>uns mit der eingeborenen teutonischen Gehässigkeit</Unicode>
                </TextEquiv>
            </TextLine>
            <TextLine id="r1l34" custom="readingOrder {index:33;}">
                <Coords points="527,1625 1699,1630 1699,1592 1623,1579 527,1579"/>
                <Baseline points="535,1616 592,1617 650,1618 708,1618 766,1619 824,1619 882,1619 939,1620 997,1620 1055,1620 1113,1620 1171,1620 1229,1620 1287,1620 1344,1620 1402,1619 1460,1619 1518,1619 1576,1619 1634,1618 1692,1618"/>
                <TextEquiv>
                    <Unicode>schaut, wie kein anderer, das freut uns besonders.</Unicode>
                </TextEquiv>
            </TextLine>
            <TextLine id="r1l35" custom="readingOrder {index:34;}">
                <Coords points="1758,1641 2926,1642 2899,1599 2731,1585 1758,1588"/>
                <Baseline points="1765,1625 1822,1626 1880,1627 1938,1627 1995,1628 2053,1628 2111,1628 2168,1628 2226,1628 2284,1628 2342,1628 2399,1628 2457,1628 2515,1628 2572,1628 2630,1628 2688,1628 2745,1628 2803,1629 2861,1629 2919,1630"/>
                <TextEquiv>
                    <Unicode>angefasst und wohl nicht wenig dazu beigetragen,</Unicode>
                </TextEquiv>
            </TextLine>
            <TextLine id="r1l36" custom="readingOrder {index:35;}">
                <Coords points="533,1678 1704,1682 1704,1642 1563,1624 533,1627"/>
                <Baseline points="541,1665 598,1665 656,1666 714,1666 772,1667 829,1667 887,1667 945,1668 1003,1668 1060,1668 1118,1668 1176,1668 1234,1668 1291,1668 1349,1668 1407,1668 1465,1668 1522,1668 1580,1667 1638,1667 1696,1667"/>
                <TextEquiv>
                    <Unicode>Schnitzler, so liest man in Blättern, welche an¬</Unicode>
                </TextEquiv>
            </TextLine>
            <TextLine id="r1l37" custom="readingOrder {index:36;}">
                <Coords points="1776,1686 2941,1682 2908,1635 1777,1633"/>
                <Baseline points="1784,1673 1841,1673 1899,1674 1956,1675 2014,1675 2071,1676 2129,1676 2186,1676 2244,1676 2301,1677 2359,1677 2416,1677 2474,1677 2531,1677 2589,1677 2646,1677 2704,1677 2761,1677 2819,1677 2876,1677 2934,1677"/>
                <TextEquiv>
                    <Unicode>dass Wucherer und Jude in vielen Kreisen, auch</Unicode>
                </TextEquiv>
            </TextLine>
            <TextLine id="r1l38" custom="readingOrder {index:37;}">
                <Coords points="526,1734 1697,1727 1697,1684 1639,1677 526,1674"/>
                <Baseline points="533,1717 590,1716 648,1715 706,1715 764,1715 822,1715 879,1715 937,1715 995,1715 1053,1716 1111,1716 1168,1716 1226,1717 1284,1717 1342,1717 1400,1717 1457,1717 1515,1717 1573,1717 1631,1716 1689,1715"/>
                <TextEquiv>
                    <Unicode>geblich die Weltbeglückung verkünden, für die aber</Unicode>
                </TextEquiv>
            </TextLine>
            <TextLine id="r1l39" custom="readingOrder {index:38;}">
                <Coords points="1773,1740 2827,1744 2938,1732 2938,1682 1773,1687"/>
                <Baseline points="1781,1722 1838,1723 1895,1723 1953,1724 2010,1724 2068,1725 2125,1725 2183,1725 2240,1726 2298,1726 2355,1726 2412,1726 2470,1726 2527,1726 2585,1726 2642,1725 2700,1725 2757,1725 2815,1725 2872,1725 2930,1724"/>
                <TextEquiv>
                    <Unicode>etzt noch, als ziemlich identische Begriffe betrach¬</Unicode>
                </TextEquiv>
            </TextLine>
            <TextLine id="r1l40" custom="readingOrder {index:39;}">
                <Coords points="534,1774 1709,1780 1709,1735 1643,1723 534,1731"/>
                <Baseline points="541,1764 599,1764 657,1764 715,1764 773,1764 831,1765 889,1765 947,1765 1005,1766 1063,1766 1121,1766 1179,1766 1237,1767 1295,1767 1353,1767 1411,1767 1469,1766 1527,1766 1585,1765 1643,1765 1702,1764"/>
                <TextEquiv>
                    <Unicode>die Welt nur aus Arbeitern und getauften Juden zu</Unicode>
                </TextEquiv>
            </TextLine>
            <TextLine id="r1l41" custom="readingOrder {index:40;}">
                <Coords points="1765,1778 2709,1793 2933,1780 2933,1733 1765,1741"/>
                <Baseline points="1772,1771 1829,1772 1887,1772 1945,1773 2002,1773 2060,1774 2118,1774 2175,1774 2233,1774 2291,1775 2349,1775 2406,1775 2464,1775 2522,1775 2579,1775 2637,1775 2695,1775 2752,1774 2810,1774 2868,1774 2926,1773"/>
                <TextEquiv>
                    <Unicode>tet werden. Und doch, wie wenig wissen sie von</Unicode>
                </TextEquiv>
            </TextLine>
            <TextLine id="r1l42" custom="readingOrder {index:41;}">
                <Coords points="538,1824 1700,1822 1700,1781 1610,1769 538,1775"/>
                <Baseline points="546,1811 603,1812 660,1813 718,1813 775,1814 832,1814 890,1814 947,1815 1004,1815 1062,1815 1119,1815 1176,1815 1234,1815 1291,1814 1348,1814 1406,1814 1463,1814 1520,1814 1578,1814 1635,1814 1693,1814"/>
                <TextEquiv>
                    <Unicode>bestehen scheint, hätte den Wiener Roman schrei¬</Unicode>
                </TextEquiv>
            </TextLine>
            <TextLine id="r1l43" custom="readingOrder {index:42;}">
                <Coords points="1764,1829 2914,1832 2938,1785 1764,1790"/>
                <Baseline points="1772,1819 1829,1820 1887,1821 1945,1821 2003,1822 2061,1822 2119,1823 2177,1823 2235,1823 2293,1823 2351,1823 2408,1823 2466,1823 2524,1823 2582,1823 2640,1823 2698,1823 2756,1822 2814,1822 2872,1822 2930,1822"/>
                <TextEquiv>
                    <Unicode>unserem Leben und unserem Leide! Wollen auch</Unicode>
                </TextEquiv>
            </TextLine>
            <TextLine id="r1l44" custom="readingOrder {index:43;}">
                <Coords points="535,1883 1685,1877 1703,1821 535,1824"/>
                <Baseline points="543,1861 600,1862 658,1862 715,1862 773,1863 831,1863 888,1863 946,1864 1003,1864 1061,1864 1119,1864 1176,1864 1234,1864 1291,1864 1349,1864 1407,1864 1464,1864 1522,1864 1579,1863 1637,1863 1695,1862"/>
                <TextEquiv>
                    <Unicode>ben sollen, und siehe, die Berge kreisten und es</Unicode>
                </TextEquiv>
            </TextLine>
            <TextLine id="r1l45" custom="readingOrder {index:44;}">
                <Coords points="1764,1880 2927,1875 2886,1829 1764,1829"/>
                <Baseline points="1771,1870 1828,1870 1885,1870 1943,1871 2000,1871 2058,1871 2115,1872 2173,1872 2230,1872 2288,1872 2345,1872 2402,1872 2460,1872 2517,1872 2575,1872 2632,1872 2690,1872 2747,1871 2805,1871 2862,1871 2920,1870"/>
                <TextEquiv>
                    <Unicode>davon nichts wissen. Sie kennen die jüdische Volks¬</Unicode>
                </TextEquiv>
            </TextLine>
            <TextLine id="r1l46" custom="readingOrder {index:45;}">
                <Coords points="534,1916 1699,1925 1672,1870 534,1882"/>
                <Baseline points="541,1910 598,1910 656,1911 713,1911 771,1911 828,1912 886,1912 943,1912 1001,1913 1058,1913 1116,1913 1174,1913 1231,1913 1289,1913 1346,1913 1404,1913 1461,1912 1519,1912 1576,1912 1634,1911 1692,1910"/>
                <TextEquiv>
                    <Unicode>wurde eine Maus geboren. In gemeinverständliches</Unicode>
                </TextEquiv>
            </TextLine>
            <TextLine id="r1l47" custom="readingOrder {index:46;}">
                <Coords points="1765,1926 2930,1936 2895,1880 1765,1879"/>
                <Baseline points="1773,1918 1830,1918 1887,1919 1945,1919 2002,1920 2060,1920 2117,1921 2175,1921 2232,1921 2290,1921 2347,1921 2404,1922 2462,1922 2519,1922 2577,1922 2634,1922 2692,1921 2749,1921 2807,1921 2864,1921 2922,1921"/>
                <TextEquiv>
                    <Unicode>seele nicht, holen sich Rats bei Juden, die es nur</Unicode>
                </TextEquiv>
            </TextLine>
            <TextLine id="r1l48" custom="readingOrder {index:47;}">
                <Coords points="541,1974 1704,1969 1704,1922 1663,1915 541,1919"/>
                <Baseline points="548,1956 605,1958 662,1959 720,1959 777,1960 835,1961 892,1961 950,1961 1007,1961 1065,1961 1122,1961 1179,1961 1237,1961 1294,1961 1352,1961 1409,1960 1467,1960 1524,1960 1582,1960 1639,1960 1697,1960"/>
                <TextEquiv>
                    <Unicode>Deutsch übertragen: Ist die Wiener Gesellschaft</Unicode>
                </TextEquiv>
            </TextLine>
            <TextLine id="r1l49" custom="readingOrder {index:48;}">
                <Coords points="1769,1975 2937,1987 2937,1938 2750,1919 1769,1928"/>
                <Baseline points="1776,1967 1833,1967 1891,1968 1949,1968 2006,1969 2064,1969 2122,1969 2179,1969 2237,1970 2295,1970 2353,1970 2410,1970 2468,1970 2526,1970 2583,1969 2641,1969 2699,1969 2756,1969 2814,1969 2872,1969 2930,1969"/>
                <TextEquiv>
                    <Unicode>dem Namen nach sind. Das ist aber das Verdienst</Unicode>
                </TextEquiv>
            </TextLine>
            <TextLine id="r1l50" custom="readingOrder {index:49;}">
                <Coords points="533,2018 1702,2024 1682,1964 533,1969"/>
                <Baseline points="541,2006 598,2007 656,2008 714,2008 771,2009 829,2009 887,2010 944,2010 1002,2010 1060,2010 1118,2010 1175,2010 1233,2010 1291,2010 1348,2010 1406,2010 1464,2009 1521,2009 1579,2009 1637,2009 1695,2009"/>
                <TextEquiv>
                    <Unicode>wirklich mit der Judenschaft gleichbedeutend, deckt</Unicode>
                </TextEquiv>
            </TextLine>
            <TextLine id="r1l51" custom="readingOrder {index:50;}">
                <Coords points="1762,2020 2915,2039 2938,1987 1762,1976"/>
                <Baseline points="1770,2015 1828,2016 1886,2016 1944,2016 2002,2016 2060,2017 2118,2017 2176,2017 2234,2017 2292,2018 2350,2018 2408,2018 2466,2018 2524,2018 2582,2018 2640,2018 2698,2018 2756,2018 2814,2018 2872,2018 2930,2018"/>
                <TextEquiv>
                    <Unicode>des Schnitzlerischen Werkes: es zeigt die jüdische</Unicode>
                </TextEquiv>
            </TextLine>
            <TextLine id="r1l52" custom="readingOrder {index:51;}">
                <Coords points="536,2063 1695,2064 1643,2014 536,2019"/>
                <Baseline points="543,2056 600,2057 657,2057 714,2057 771,2057 829,2057 886,2058 943,2058 1000,2058 1057,2058 1115,2058 1172,2058 1229,2058 1286,2058 1343,2058 1401,2058 1458,2058 1515,2058 1572,2058 1629,2057 1687,2057"/>
                <TextEquiv>
                    <Unicode>sie sich mit den Juden der Leopoldstadt? Mit Ver¬</Unicode>
                </TextEquiv>
            </TextLine>
            <TextLine id="r1l53" custom="readingOrder {index:52;}">
                <Coords points="1766,2071 2929,2087 2889,2025 1766,2026"/>
                <Baseline points="1773,2064 1830,2064 1887,2065 1945,2065 2002,2065 2060,2066 2117,2066 2175,2066 2232,2067 2290,2067 2347,2067 2404,2067 2462,2067 2519,2067 2577,2067 2634,2067 2692,2067 2749,2067 2807,2067 2864,2066 2922,2066"/>
                <TextEquiv>
                    <Unicode>Seele und zergliedert sie mit der Kunst des litera¬</Unicode>
                </TextEquiv>
            </TextLine>
            <TextLine id="r1l54" custom="readingOrder {index:53;}">
                <Coords points="535,2124 1702,2101 1687,2064 535,2064"/>
                <Baseline points="542,2105 599,2105 657,2105 714,2105 772,2105 830,2105 887,2105 945,2106 1002,2106 1060,2106 1118,2107 1175,2107 1233,2107 1290,2107 1348,2107 1406,2107 1463,2107 1521,2107 1578,2106 1636,2106 1694,2105"/>
                <TextEquiv>
                    <Unicode>laub, Ihr Herren Kritiker von der getauften Konfes¬</Unicode>
                </TextEquiv>
            </TextLine>
            <TextLine id="r1l55" custom="readingOrder {index:54;}">
                <Coords points="1765,2122 2162,2132 2195,2123 2195,2080 1765,2085"/>
                <Baseline points="1772,2112 1798,2113 1824,2114 1850,2114 1876,2114 1902,2115 1928,2114 1954,2114 1980,2114 2006,2114 2032,2114 2058,2114 2084,2114 2110,2115 2136,2116 2162,2116 2188,2118"/>
                <TextEquiv>
                    <Unicode>rischen Anatomen.</Unicode>
                </TextEquiv>
            </TextLine>
            <TextLine id="r1l56" custom="readingOrder {index:55;}">
                <Coords points="527,2159 1695,2165 1695,2114 527,2120"/>
                <Baseline points="535,2155 592,2155 650,2155 707,2155 765,2155 823,2155 880,2155 938,2156 996,2156 1053,2156 1111,2156 1169,2156 1226,2156 1284,2156 1342,2156 1399,2156 1457,2156 1515,2156 1572,2156 1630,2156 1688,2157"/>
                <TextEquiv>
                    <Unicode>sion. Die Juden der Leopoldstadt wollte Schnitz¬</Unicode>
                </TextEquiv>
            </TextLine>
            <TextLine id="r1l57" custom="readingOrder {index:56;}">
                <Coords points="1890,2178 2927,2171 2918,2120 1890,2121"/>
                <Baseline points="1897,2163 1948,2163 1999,2163 2050,2164 2101,2164 2152,2164 2203,2164 2254,2164 2305,2165 2356,2165 2408,2165 2459,2165 2510,2165 2561,2165 2612,2164 2663,2164 2714,2164 2765,2164 2816,2164 2867,2163 2919,2163"/>
                <TextEquiv>
                    <Unicode>Man merke nur, wie die „jüdischen Witze“, wel¬</Unicode>
                </TextEquiv>
            </TextLine>
            <TextLine id="r1l58" custom="readingOrder {index:57;}">
                <Coords points="539,2210 1700,2221 1700,2163 539,2164"/>
                <Baseline points="547,2203 604,2203 661,2203 718,2203 776,2203 833,2203 890,2203 948,2203 1005,2203 1062,2203 1120,2203 1177,2203 1234,2203 1291,2204 1349,2204 1406,2204 1463,2204 1521,2204 1578,2205 1635,2205 1693,2205"/>
                <TextEquiv>
                    <Unicode>ler nicht schildern, er weicht der Schiffgasse und</Unicode>
                </TextEquiv>
            </TextLine>
            <TextLine id="r1l59" custom="readingOrder {index:58;}">
                <Coords points="1760,2223 2889,2234 2942,2220 2942,2174 1760,2183"/>
                <Baseline points="1767,2211 1825,2210 1883,2210 1942,2210 2000,2210 2058,2211 2117,2211 2175,2212 2233,2212 2292,2213 2350,2213 2408,2214 2467,2214 2525,2214 2583,2215 2642,2215 2700,2215 2758,2214 2817,2214 2875,2214 2934,2213"/>
                <TextEquiv>
                    <Unicode>che das Fräulem Else Ehrenberg gar nicht gerne</Unicode>
                </TextEquiv>
            </TextLine>
            <TextLine id="r1l60" custom="readingOrder {index:59;}">
                <Coords points="538,2260 1703,2261 1684,2211 538,2210"/>
                <Baseline points="546,2250 603,2251 661,2251 718,2251 776,2251 833,2252 891,2252 948,2252 1006,2252 1063,2252 1121,2253 1178,2253 1236,2253 1293,2253 1351,2253 1408,2253 1466,2253 1523,2253 1581,2253 1638,2253 1696,2253"/>
                <TextEquiv>
                    <Unicode>ihrer Umgebung in weitem Bogen aus. Was er uns</Unicode>
                </TextEquiv>
            </TextLine>
            <TextLine id="r1l61" custom="readingOrder {index:60;}">
                <Coords points="1767,2274 2934,2270 2925,2227 1768,2224"/>
                <Baseline points="1775,2259 1832,2260 1890,2260 1947,2260 2005,2260 2062,2261 2120,2261 2177,2261 2235,2261 2292,2261 2350,2262 2408,2262 2465,2262 2523,2262 2580,2262 2638,2262 2695,2262 2753,2262 2810,2261 2868,2261 2926,2261"/>
                <TextEquiv>
                    <Unicode>hört, Schnitzler dazu dienen, um gewisse unserer</Unicode>
                </TextEquiv>
            </TextLine>
            <TextLine id="r1l62" custom="readingOrder {index:61;}">
                <Coords points="533,2310 1705,2311 1705,2261 1664,2258 533,2259"/>
                <Baseline points="541,2300 598,2300 656,2300 714,2300 772,2300 830,2300 888,2300 945,2300 1003,2300 1061,2300 1119,2300 1177,2300 1235,2300 1293,2300 1350,2300 1408,2300 1466,2301 1524,2301 1582,2301 1640,2302 1698,2302"/>
                <TextEquiv>
                    <Unicode>zeigt, das ist der Modernismus des heutigen Juden¬</Unicode>
                </TextEquiv>
            </TextLine>
            <TextLine id="r1l63" custom="readingOrder {index:62;}">
                <Coords points="1770,2317 2928,2324 2907,2265 2231,2266 2163,2297 1770,2269"/>
                <Baseline points="1777,2308 1834,2308 1891,2309 1948,2309 2005,2310 2062,2310 2119,2310 2177,2310 2234,2310 2291,2310 2348,2310 2405,2310 2462,2310 2519,2310 2577,2310 2634,2310 2691,2310 2748,2310 2805,2309 2862,2309 2920,2309"/>
                <TextEquiv>
                    <Unicode>Charakterzüge zu erklären. Unsere Respektlosigkeit</Unicode>
                </TextEquiv>
            </TextLine>
            <TextLine id="r1l64" custom="readingOrder {index:63;}">
                <Coords points="539,2356 1703,2370 1679,2318 540,2313"/>
                <Baseline points="547,2348 604,2348 661,2349 719,2349 776,2349 834,2350 891,2350 949,2350 1006,2350 1064,2350 1121,2350 1178,2350 1236,2350 1293,2350 1351,2350 1408,2350 1466,2351 1523,2351 1581,2352 1638,2352 1696,2353"/>
                <TextEquiv>
                    <Unicode>tums, und wie sich dieser mit, möchte man sagen,</Unicode>
                </TextEquiv>
            </TextLine>
            <TextLine id="r1l65" custom="readingOrder {index:64;}">
                <Coords points="536,2409 1703,2409 1661,2357 536,2356"/>
                <Baseline points="543,2397 600,2397 658,2397 715,2397 773,2397 831,2398 888,2398 946,2398 1004,2398 1061,2398 1119,2399 1177,2399 1234,2399 1292,2399 1350,2399 1407,2400 1465,2400 1523,2400 1580,2400 1638,2400 1696,2400"/>
                <TextEquiv>
                    <Unicode>naturgeschichtlicher Notwendigkeit entwickelt hat.</Unicode>
                </TextEquiv>
            </TextLine>
            <TextLine id="r1l66" custom="readingOrder {index:65;}">
                <Coords points="1768,2414 2706,2430 2931,2419 2932,2370 1768,2370"/>
                <Baseline points="1775,2406 1832,2406 1889,2407 1947,2407 2004,2408 2062,2408 2119,2408 2177,2408 2234,2408 2292,2409 2349,2409 2406,2409 2464,2409 2521,2409 2579,2409 2636,2408 2694,2408 2751,2408 2809,2408 2866,2408 2924,2408"/>
                <TextEquiv>
                    <Unicode>das viel zu denken gibt und über das man viel</Unicode>
                </TextEquiv>
            </TextLine>
            <TextLine id="r1l67" custom="readingOrder {index:66;}">
                <Coords points="531,2455 1703,2461 1703,2417 1656,2405 531,2405"/>
                <Baseline points="539,2444 596,2445 654,2445 712,2446 770,2446 828,2447 886,2447 943,2447 1001,2447 1059,2447 1117,2448 1175,2448 1233,2448 1291,2448 1348,2448 1406,2448 1464,2448 1522,2449 1580,2449 1638,2449 1696,2450"/>
                <TextEquiv>
                    <Unicode>Den Mittelpunkt des Romans bildet nicht der Jude,</Unicode>
                </TextEquiv>
            </TextLine>
            <TextLine id="r1l68" custom="readingOrder {index:67;}">
                <Coords points="1764,2467 2932,2466 2932,2418 2813,2409 1764,2414"/>
                <Baseline points="1771,2454 1828,2455 1886,2455 1943,2456 2001,2456 2059,2456 2116,2457 2174,2457 2232,2457 2289,2457 2347,2457 2405,2457 2462,2457 2520,2456 2578,2456 2635,2456 2693,2456 2751,2456 2808,2456 2866,2456 2924,2456"/>
                <TextEquiv>
                    <Unicode>schreiben und sprechenkönnte. Nur, dass man damit</Unicode>
                </TextEquiv>
            </TextLine>
            <TextLine id="r1l69" custom="readingOrder {index:68;}">
                <Coords points="538,2506 1704,2503 1704,2467 1529,2455 538,2462"/>
                <Baseline points="545,2494 602,2494 660,2495 717,2495 775,2496 832,2496 890,2496 947,2497 1005,2497 1062,2497 1120,2497 1178,2497 1235,2497 1293,2497 1350,2497 1408,2497 1465,2497 1523,2497 1580,2497 1638,2497 1696,2497"/>
                <TextEquiv>
                    <Unicode>sondern der arische Adelige, der nicht weiss, was</Unicode>
                </TextEquiv>
            </TextLine>
            <TextLine id="r1l70" custom="readingOrder {index:69;}">
                <Coords points="1769,2507 2924,2526 2906,2461 1769,2469"/>
                <Baseline points="1777,2502 1836,2503 1896,2504 1956,2505 2016,2505 2076,2505 2136,2506 2196,2506 2256,2506 2316,2505 2376,2505 2436,2505 2496,2505 2556,2504 2616,2504 2676,2504 2736,2504 2796,2504 2856,2504 2916,2504"/>
                <TextEquiv>
                    <Unicode>viele geheime Interieurs, die lieber verschlossen blei¬</Unicode>
                </TextEquiv>
            </TextLine>
            <TextLine id="r1l71" custom="readingOrder {index:70;}">
                <Coords points="529,2549 1588,2562 1710,2552 1710,2505 529,2515"/>
                <Baseline points="537,2543 595,2543 653,2543 711,2543 770,2544 828,2544 886,2544 944,2544 1003,2545 1061,2545 1119,2545 1177,2545 1236,2545 1294,2545 1352,2545 1410,2545 1469,2546 1527,2546 1585,2546 1643,2546 1702,2545"/>
                <TextEquiv>
                    <Unicode>er will, von Blume zu Blume flattert, geniesst und</Unicode>
                </TextEquiv>
            </TextLine>
            <TextLine id="r1l72" custom="readingOrder {index:71;}">
                <Coords points="1766,2557 2931,2560 2931,2526 2723,2507 2268,2544 1766,2510"/>
                <Baseline points="1774,2551 1831,2552 1888,2553 1946,2554 2003,2554 2061,2555 2118,2555 2176,2555 2233,2555 2291,2555 2348,2555 2405,2554 2463,2554 2520,2554 2578,2554 2635,2553 2693,2553 2750,2553 2808,2553 2865,2553 2923,2554"/>
                <TextEquiv>
                    <Unicode>ben, öffnen müsste .... Diese Respektlosigkeit uns</Unicode>
                </TextEquiv>
            </TextLine>
            <TextLine id="r1l73" custom="readingOrder {index:72;}">
                <Coords points="534,2608 1703,2603 1678,2547 534,2549"/>
                <Baseline points="541,2591 598,2591 656,2592 714,2592 771,2592 829,2593 887,2593 944,2593 1002,2593 1060,2594 1118,2594 1175,2594 1233,2594 1291,2594 1348,2594 1406,2594 1464,2594 1521,2594 1579,2594 1637,2594 1695,2594"/>
                <TextEquiv>
                    <Unicode>die Vorrechte des Adeligen für sich in Anspruch</Unicode>
                </TextEquiv>
            </TextLine>
            <TextLine id="r1l74" custom="readingOrder {index:73;}">
                <Coords points="1764,2611 2936,2614 2936,2576 2881,2563 1764,2557"/>
                <Baseline points="1771,2601 1828,2602 1886,2603 1944,2603 2002,2603 2060,2603 2118,2603 2176,2602 2234,2602 2292,2602 2350,2602 2407,2601 2465,2601 2523,2601 2581,2601 2639,2601 2697,2602 2755,2602 2813,2603 2871,2604 2929,2606"/>
                <TextEquiv>
                    <Unicode>selbst gegenüber die sich in dem klassischen „Ae</Unicode>
                </TextEquiv>
            </TextLine>
            <TextLine id="r1l75" custom="readingOrder {index:74;}">
                <Coords points="529,2652 1701,2647 1614,2600 529,2612"/>
                <Baseline points="536,2642 593,2642 651,2642 709,2642 767,2642 825,2642 883,2642 941,2642 999,2642 1057,2642 1115,2642 1172,2642 1230,2642 1288,2642 1346,2642 1404,2642 1462,2642 1520,2642 1578,2642 1636,2642 1694,2641"/>
                <TextEquiv>
                    <Unicode>nimmt. Und um ihn schart sich der Kreis der ver¬</Unicode>
                </TextEquiv>
            </TextLine>
            <TextLine id="r1l76" custom="readingOrder {index:75;}">
                <Coords points="1764,2656 2934,2647 2904,2606 1764,2612"/>
                <Baseline points="1772,2650 1829,2650 1887,2650 1945,2650 2002,2650 2060,2650 2118,2650 2175,2651 2233,2651 2291,2651 2349,2651 2406,2651 2464,2651 2522,2651 2579,2651 2637,2651 2695,2651 2752,2651 2810,2650 2868,2650 2926,2649"/>
                <TextEquiv>
                    <Unicode>soi“ des Juden offenbart, wenn er in seinem Gegen¬</Unicode>
                </TextEquiv>
            </TextLine>
            <TextLine id="r1l77" custom="readingOrder {index:76;}">
                <Coords points="532,2695 1707,2698 1679,2649 532,2661"/>
                <Baseline points="539,2689 597,2690 655,2690 713,2691 771,2691 829,2691 887,2691 945,2692 1003,2692 1061,2692 1119,2692 1177,2692 1235,2692 1293,2692 1351,2691 1409,2691 1467,2691 1525,2691 1583,2690 1641,2690 1700,2689"/>
                <TextEquiv>
                    <Unicode>schiedenartigsten jüdischen Typen, welche die Li¬</Unicode>
                </TextEquiv>
            </TextLine>
            <TextLine id="r1l78" custom="readingOrder {index:77;}">
                <Coords points="1767,2706 2932,2714 2917,2654 1767,2658"/>
                <Baseline points="1774,2697 1831,2698 1889,2699 1946,2699 2004,2700 2061,2700 2119,2700 2176,2700 2234,2700 2291,2700 2349,2700 2406,2700 2464,2700 2521,2700 2579,2699 2636,2699 2694,2700 2751,2700 2809,2700 2866,2700 2924,2701"/>
                <TextEquiv>
                    <Unicode>über einen „Glaubensgenossen“ erkennt, der ihn</Unicode>
                </TextEquiv>
            </TextLine>
            <TextLine id="r1l79" custom="readingOrder {index:78;}">
                <Coords points="533,2756 994,2724 1704,2748 1674,2696 533,2706"/>
                <Baseline points="540,2737 597,2738 655,2738 713,2739 771,2739 829,2739 887,2739 944,2739 1002,2739 1060,2739 1118,2739 1176,2739 1234,2739 1292,2739 1349,2739 1407,2739 1465,2739 1523,2739 1581,2739 1639,2740 1697,2740"/>
                <TextEquiv>
                    <Unicode>teratenkaffechäuser und Salons bevölkern: die</Unicode>
                </TextEquiv>
            </TextLine>
            <TextLine id="r1l80" custom="readingOrder {index:79;}">
                <Coords points="1766,2756 2939,2757 2939,2712 2885,2706 1766,2708"/>
                <Baseline points="1773,2747 1834,2747 1895,2748 1956,2748 2017,2748 2078,2748 2139,2748 2200,2748 2261,2748 2322,2748 2383,2748 2444,2748 2505,2748 2566,2748 2627,2748 2688,2748 2749,2749 2810,2749 2871,2750 2932,2750"/>
                <TextEquiv>
                    <Unicode>fragt, wann wir in diesem Jahre Pessach feiern, ist</Unicode>
                </TextEquiv>
            </TextLine>
            <TextLine id="r1l81" custom="readingOrder {index:80;}">
                <Coords points="526,2792 1702,2807 1702,2749 1629,2743 526,2763"/>
                <Baseline points="533,2788 591,2788 649,2788 707,2788 765,2788 823,2789 881,2789 939,2789 997,2789 1055,2789 1114,2789 1172,2789 1230,2789 1288,2789 1346,2789 1404,2789 1462,2789 1520,2789 1578,2789 1636,2788 1695,2788"/>
                <TextEquiv>
                    <Unicode>Auch-Juden, die Zionisten, die verschämten und un¬</Unicode>
                </TextEquiv>
            </TextLine>
            <TextLine id="r1l82" custom="readingOrder {index:81;}">
                <Coords points="1757,2802 2931,2805 2871,2751 1758,2761"/>
                <Baseline points="1765,2795 1826,2795 1887,2795 1948,2796 2009,2796 2070,2796 2131,2796 2192,2796 2253,2797 2314,2797 2375,2797 2436,2797 2497,2797 2558,2797 2619,2797 2680,2797 2741,2797 2802,2797 2863,2797 2924,2797"/>
                <TextEquiv>
                    <Unicode>ein Stück von der Sklavenkette, die wir, Kinder des</Unicode>
                </TextEquiv>
            </TextLine>
            <TextLine id="r1l83" custom="readingOrder {index:82;}">
                <Coords points="529,2835 1705,2844 1657,2794 529,2807"/>
                <Baseline points="537,2834 595,2835 653,2836 711,2836 769,2837 827,2837 885,2837 943,2838 1001,2838 1059,2838 1117,2838 1175,2838 1233,2838 1291,2838 1349,2838 1407,2838 1465,2837 1523,2837 1581,2837 1639,2837 1698,2837"/>
                <TextEquiv>
                    <Unicode>verschämten Juden, die Konfessionslosen und die</Unicode>
                </TextEquiv>
            </TextLine>
            <TextLine id="r1l84" custom="readingOrder {index:83;}">
                <Coords points="1763,2855 2934,2856 2934,2805 1763,2805"/>
                <Baseline points="1771,2842 1828,2843 1886,2844 1944,2844 2002,2845 2059,2845 2117,2845 2175,2846 2233,2846 2290,2846 2348,2846 2406,2846 2464,2846 2521,2846 2579,2846 2637,2846 2695,2846 2752,2846 2810,2846 2868,2846 2926,2846"/>
                <TextEquiv>
                    <Unicode>Golus, ob wir esnun gelten lassen, oder nicht, noch</Unicode>
                </TextEquiv>
            </TextLine>
            <TextLine id="r1l85" custom="readingOrder {index:84;}">
                <Coords points="534,2899 1560,2909 1697,2887 1698,2850 534,2845"/>
                <Baseline points="541,2883 598,2883 655,2884 713,2884 770,2885 828,2885 885,2886 943,2886 1000,2886 1058,2886 1115,2886 1172,2886 1230,2886 1287,2886 1345,2886 1402,2886 1460,2886 1517,2886 1575,2886 1632,2886 1690,2886"/>
                <TextEquiv>
                    <Unicode>Volksbeglücker. Eine Naturgeschichte des Juden¬</Unicode>
                </TextEquiv>
            </TextLine>
            <TextLine id="r1l86" custom="readingOrder {index:85;}">
                <Coords points="1770,2899 1994,2915 2025,2900 2100,2913 2157,2901 2172,2915 2258,2904 2258,2870 2203,2856 2125,2864 2094,2849 2040,2865 1980,2849 1881,2869 1770,2856"/>
                <Baseline points="1778,2891 1804,2891 1830,2892 1856,2892 1882,2892 1909,2893 1935,2893 1961,2893 1987,2893 2014,2893 2040,2893 2066,2893 2092,2893 2118,2894 2145,2894 2171,2894 2197,2894 2223,2895 2250,2895"/>
                <TextEquiv>
                    <Unicode>immer nachschleppen.</Unicode>
                </TextEquiv>
            </TextLine>
            <TextLine id="r1l87" custom="readingOrder {index:86;}">
                <Coords points="2264,2907 2269,2908 2273,2911 2278,2909 2281,2910 2286,2909 2291,2911 2300,2880 2295,2878 2291,2879 2288,2878 2287,2876 2284,2876 2281,2870 2274,2868"/>
                <Baseline points="2274,2897 2286,2900"/>
                <TextEquiv>
                    <Unicode>*</Unicode>
                </TextEquiv>
            </TextLine>
            <TextLine id="r1l88" custom="readingOrder {index:87;}">
                <Coords points="537,2951 1643,2947 1705,2941 1705,2887 537,2899"/>
                <Baseline points="544,2933 601,2933 659,2933 717,2933 774,2934 832,2934 890,2934 947,2934 1005,2934 1063,2934 1121,2935 1178,2935 1236,2935 1294,2935 1351,2935 1409,2935 1467,2935 1524,2935 1582,2935 1640,2935 1698,2935"/>
                <TextEquiv>
                    <Unicode>tums unserer Zeit möchte ich diesen Roman mit</Unicode>
                </TextEquiv>
            </TextLine>
            <TextLine id="r1l89" custom="readingOrder {index:88;}">
                <Coords points="1887,2948 2939,2945 2939,2901 2890,2897 1888,2900"/>
                <Baseline points="1895,2940 1946,2941 1998,2941 2050,2941 2102,2941 2154,2942 2205,2942 2257,2942 2309,2942 2361,2942 2413,2942 2464,2943 2516,2943 2568,2943 2620,2943 2672,2943 2723,2943 2775,2943 2827,2943 2879,2943 2931,2943"/>
                <TextEquiv>
                    <Unicode>Und dann der berühmte Familiensinn der Ju¬</Unicode>
                </TextEquiv>
            </TextLine>
            <TextLine id="r1l90" custom="readingOrder {index:89;}">
                <Coords points="537,2993 1703,2996 1703,2943 537,2952"/>
                <Baseline points="544,2981 601,2982 659,2983 716,2983 774,2984 832,2984 889,2984 947,2984 1004,2984 1062,2984 1120,2984 1177,2984 1235,2984 1292,2984 1350,2984 1408,2984 1465,2984 1523,2984 1580,2984 1638,2984 1696,2984"/>
                <TextEquiv>
                    <Unicode>seiner feinen psychologischen Kleinmalerei nennen</Unicode>
                </TextEquiv>
            </TextLine>
            <TextLine id="r1l91" custom="readingOrder {index:90;}">
                <Coords points="1755,2999 2759,3010 2930,3000 2930,2951 1755,2962"/>
                <Baseline points="1763,2990 1824,2990 1885,2990 1946,2990 2007,2990 2068,2990 2129,2990 2190,2991 2251,2991 2312,2991 2373,2991 2434,2992 2495,2992 2556,2992 2617,2992 2678,2992 2739,2992 2800,2992 2861,2991 2922,2991"/>
                <TextEquiv>
                    <Unicode>den. Heinrich Beermann, Leo Golowski und</Unicode>
                </TextEquiv>
            </TextLine>
            <TextLine id="r1l92" custom="readingOrder {index:91;}">
                <Coords points="538,3038 1698,3056 1698,2999 1616,2987 538,3004"/>
                <Baseline points="545,3030 602,3030 659,3031 716,3031 774,3032 831,3032 888,3032 946,3033 1003,3033 1060,3033 1118,3033 1175,3034 1232,3034 1289,3034 1347,3034 1404,3034 1461,3033 1519,3033 1576,3033 1633,3032 1691,3032"/>
                <TextEquiv>
                    <Unicode>und wünschte, dass er, als Volksbuch, weiteste Ver¬</Unicode>
                </TextEquiv>
            </TextLine>
            <TextLine id="r1l93" custom="readingOrder {index:92;}">
                <Coords points="1761,3044 2933,3052 2916,2999 1761,2997"/>
                <Baseline points="1768,3039 1825,3039 1883,3038 1941,3038 1999,3038 2057,3039 2115,3039 2173,3039 2231,3039 2289,3040 2347,3040 2404,3040 2462,3040 2520,3041 2578,3041 2636,3041 2694,3041 2752,3041 2810,3041 2868,3041 2926,3040"/>
                <TextEquiv>
                    <Unicode>seine Schwester Therese, die Sozialdemokratin, die</Unicode>
                </TextEquiv>
            </TextLine>
            <TextLine id="r1l94" custom="readingOrder {index:93;}">
                <Coords points="536,3088 580,3103 664,3085 708,3104 813,3085 875,3093 875,3053 812,3038 793,3052 758,3033 726,3054 712,3044 662,3054 635,3040 537,3038"/>
                <Baseline points="544,3079 571,3079 598,3080 625,3080 652,3080 679,3080 706,3081 733,3081 760,3081 787,3082 814,3082 841,3082 868,3082"/>
                <TextEquiv>
                    <Unicode>breitung fände.</Unicode>
                </TextEquiv>
            </TextLine>
            <TextLine id="r1l95" custom="readingOrder {index:94;}">
                <Coords points="1764,3098 2929,3101 2929,3055 2855,3043 1764,3056"/>
                <Baseline points="1772,3088 1829,3087 1886,3087 1944,3087 2001,3087 2059,3088 2116,3088 2174,3088 2231,3089 2289,3089 2346,3089 2403,3090 2461,3090 2518,3090 2576,3090 2633,3090 2691,3090 2748,3089 2806,3088 2863,3088 2921,3087"/>
                <TextEquiv>
                    <Unicode>mit Demeter Stanzides einen Ausflug nach dem Gar¬</Unicode>
                </TextEquiv>
            </TextLine>
            <TextLine id="r1l96" custom="readingOrder {index:95;}">
                <Coords points="1768,3142 2926,3145 2926,3101 2825,3090 1768,3095"/>
                <Baseline points="1775,3136 1832,3136 1889,3137 1946,3137 2003,3138 2060,3138 2117,3138 2175,3138 2232,3138 2289,3138 2346,3138 2403,3138 2460,3138 2517,3138 2575,3138 2632,3137 2689,3137 2746,3137 2803,3137 2860,3137 2918,3137"/>
                <TextEquiv>
                    <Unicode>dasee macht, und (sich dort an den Aristokraten</Unicode>
                </TextEquiv>
            </TextLine>
            <TextLine id="r1l97" custom="readingOrder {index:96;}">
                <Coords points="648,3148 1700,3154 1700,3098 1522,3110 1482,3080 1407,3111 649,3087"/>
                <Baseline points="656,3135 707,3136 759,3137 811,3137 863,3138 915,3138 966,3138 1018,3139 1070,3139 1122,3139 1174,3139 1225,3139 1277,3139 1329,3139 1381,3139 1433,3139 1484,3139 1536,3139 1588,3139 1640,3139 1692,3139"/>
                <TextEquiv>
                    <Unicode>Die Wahrheit über das Judentum unserer Zeit,</Unicode>
                </TextEquiv>
            </TextLine>
            <TextLine id="r1l98" custom="readingOrder {index:97;}">
                <Coords points="1766,3194 2926,3195 2926,3145 1766,3142"/>
                <Baseline points="1773,3186 1830,3186 1887,3186 1944,3186 2002,3186 2059,3186 2116,3187 2173,3187 2231,3187 2288,3187 2345,3187 2402,3187 2460,3187 2517,3187 2574,3187 2631,3187 2689,3186 2746,3186 2803,3186 2860,3186 2918,3185"/>
                <TextEquiv>
                    <Unicode>Georg Wergenthin sehr intim anbiedert, Jassen</Unicode>
                </TextEquiv>
            </TextLine>
            <TextLine id="r1l99" custom="readingOrder {index:98;}">
                <Coords points="524,3202 1699,3193 1658,3146 524,3148"/>
                <Baseline points="532,3185 590,3185 648,3186 706,3186 764,3187 822,3187 880,3188 938,3188 996,3188 1054,3188 1112,3189 1170,3189 1228,3189 1286,3189 1344,3189 1402,3188 1460,3188 1518,3188 1576,3187 1634,3186 1692,3186"/>
                <TextEquiv>
                    <Unicode>besonders in den grossen Städten, kündet dieses ein¬</Unicode>
                </TextEquiv>
            </TextLine>
            <TextLine id="r1l100" custom="readingOrder {index:99;}">
                <Coords points="1766,3243 2797,3257 2926,3239 2926,3195 1766,3206"/>
                <Baseline points="1773,3234 1830,3234 1887,3235 1944,3235 2002,3235 2059,3236 2116,3236 2173,3236 2231,3236 2288,3236 2345,3236 2402,3236 2460,3236 2517,3235 2574,3235 2631,3235 2689,3235 2746,3235 2803,3234 2860,3234 2918,3234"/>
                <TextEquiv>
                    <Unicode>wenig davon spüren. Jüdischer Familiensinn, auch</Unicode>
                </TextEquiv>
            </TextLine>
            <TextLine id="r1l101" custom="readingOrder {index:100;}">
                <Coords points="529,3241 1697,3253 1685,3195 529,3205"/>
                <Baseline points="537,3237 594,3236 652,3236 709,3235 767,3235 825,3235 882,3235 940,3235 998,3236 1055,3236 1113,3236 1171,3236 1228,3236 1286,3236 1344,3237 1401,3237 1459,3237 1517,3236 1574,3236 1632,3236 1690,3235"/>
                <TextEquiv>
                    <Unicode>zige Werk. Wie ein Volk zu dem wurde, was es</Unicode>
                </TextEquiv>
            </TextLine>
            <TextLine id="r1l102" custom="readingOrder {index:101;}">
                <Coords points="1762,3287 2931,3293 2931,3247 2861,3240 1762,3246"/>
                <Baseline points="1769,3283 1826,3283 1884,3283 1942,3283 2000,3283 2057,3284 2115,3284 2173,3284 2231,3284 2288,3284 2346,3284 2404,3284 2462,3284 2519,3284 2577,3284 2635,3284 2693,3283 2750,3283 2808,3283 2866,3282 2924,3282"/>
                <TextEquiv>
                    <Unicode>ein altes Erbe, das ein junges Geschlecht, welches</Unicode>
                </TextEquiv>
            </TextLine>
            <TextLine id="r1l103" custom="readingOrder {index:102;}">
                <Coords points="532,3297 1656,3302 1690,3250 532,3261"/>
                <Baseline points="540,3285 597,3285 654,3285 711,3284 768,3284 825,3284 882,3284 939,3284 996,3285 1053,3285 1111,3285 1168,3285 1225,3285 1282,3286 1339,3286 1396,3286 1453,3286 1510,3286 1567,3287 1624,3287 1682,3287"/>
                <TextEquiv>
                    <Unicode>ist. Das hat die Gesellschaft aus den Juden ge</Unicode>
                </TextEquiv>
            </TextLine>
            <TextLine id="r1l104" custom="readingOrder {index:103;}">
                <Coords points="1758,3342 2912,3347 2930,3292 1758,3296"/>
                <Baseline points="1766,3334 1823,3334 1881,3333 1939,3333 1997,3332 2055,3332 2113,3332 2170,3332 2228,3332 2286,3332 2344,3332 2402,3332 2460,3332 2518,3332 2575,3332 2633,3331 2691,3331 2749,3331 2807,3331 2865,3331 2923,3331"/>
                <TextEquiv>
                    <Unicode>den „Weg ins Freie“ beschreitet, wie eine leere</Unicode>
                </TextEquiv>
            </TextLine>
            <TextLine id="r1l105" custom="readingOrder {index:104;}">
                <Coords points="531,3349 1702,3352 1702,3310 1611,3293 531,3295"/>
                <Baseline points="538,3332 595,3333 653,3333 711,3334 769,3334 827,3334 884,3334 942,3334 1000,3335 1058,3335 1116,3335 1173,3335 1231,3334 1289,3334 1347,3334 1405,3334 1462,3334 1520,3334 1578,3333 1636,3333 1694,3333"/>
                <TextEquiv>
                    <Unicode>macht, zürnend klingt es aus jedem Worte des Men¬</Unicode>
                </TextEquiv>
            </TextLine>
            <TextLine id="r1l106" custom="readingOrder {index:105;}">
                <Coords points="1761,3391 2917,3400 2917,3345 2859,3336 1761,3338"/>
                <Baseline points="1769,3380 1826,3380 1883,3380 1940,3379 1997,3379 2054,3380 2111,3380 2168,3380 2225,3380 2282,3380 2339,3380 2396,3380 2453,3380 2510,3380 2567,3380 2624,3380 2681,3380 2738,3380 2795,3381 2852,3381 2910,3381"/>
                <TextEquiv>
                    <Unicode>Schale hinwirft. Diese Alten mit ihrer Vergangen¬</Unicode>
                </TextEquiv>
            </TextLine>
            <TextLine id="r1l107" custom="readingOrder {index:106;}">
                <Coords points="537,3394 1687,3398 1702,3353 537,3350"/>
                <Baseline points="544,3381 601,3381 659,3382 716,3382 774,3382 831,3382 889,3383 946,3383 1004,3383 1061,3384 1119,3384 1176,3384 1234,3385 1291,3385 1349,3385 1406,3385 1464,3385 1521,3385 1579,3384 1636,3384 1694,3383"/>
                <TextEquiv>
                    <Unicode>schenschilderers. Schnitzlers Juden-Roman</Unicode>
                </TextEquiv>
            </TextLine>
            <TextLine id="r1l108" custom="readingOrder {index:107;}">
                <Coords points="1760,3437 2932,3436 2916,3396 2801,3387 1760,3390"/>
                <Baseline points="1767,3429 1824,3429 1882,3428 1940,3428 1998,3428 2056,3428 2114,3428 2171,3429 2229,3429 2287,3429 2345,3429 2403,3429 2461,3429 2519,3429 2576,3429 2634,3429 2692,3429 2750,3429 2808,3429 2866,3429 2924,3429"/>
                <TextEquiv>
                    <Unicode>heit! Als wäre es ein Verdienst, alt geworden zu</Unicode>
                </TextEquiv>
            </TextLine>
            <TextLine id="r1l109" custom="readingOrder {index:108;}">
                <Coords points="532,3447 1707,3440 1707,3401 1586,3389 532,3394"/>
                <Baseline points="539,3433 597,3432 655,3432 713,3431 771,3431 829,3431 887,3431 945,3431 1003,3432 1061,3432 1119,3432 1177,3432 1235,3432 1293,3433 1351,3433 1409,3432 1467,3432 1525,3431 1583,3431 1641,3430 1699,3429"/>
                <TextEquiv>
                    <Unicode>ist in der Tat der Wiener Roman; er bedeutet</Unicode>
                </TextEquiv>
            </TextLine>
            <TextLine id="r1l110" custom="readingOrder {index:109;}">
                <Coords points="1767,3492 2919,3493 2919,3438 1767,3440"/>
                <Baseline points="1774,3479 1830,3478 1887,3478 1944,3478 2001,3477 2058,3477 2115,3477 2171,3477 2228,3477 2285,3477 2342,3477 2399,3477 2456,3478 2513,3478 2569,3478 2626,3478 2683,3478 2740,3477 2797,3477 2854,3477 2911,3476"/>
                <TextEquiv>
                    <Unicode>sein. Die Gegenwartsleute wollen von der Vergan¬</Unicode>
                </TextEquiv>
            </TextLine>
            <TextLine id="r1l111" custom="readingOrder {index:110;}">
                <Coords points="534,3494 1671,3499 1705,3446 534,3452"/>
                <Baseline points="541,3479 598,3479 656,3479 714,3480 772,3480 830,3480 887,3480 945,3481 1003,3481 1061,3481 1119,3481 1176,3481 1234,3481 1292,3481 1350,3481 1408,3481 1465,3480 1523,3480 1581,3479 1639,3479 1697,3478"/>
                <TextEquiv>
                    <Unicode>echte Heimatskunst und der Erdgeruch des Wiener¬</Unicode>
                </TextEquiv>
            </TextLine>
            <TextLine id="r1l112" custom="readingOrder {index:111;}">
                <Coords points="1760,3544 2898,3545 2929,3495 1760,3500"/>
                <Baseline points="1767,3529 1824,3528 1882,3528 1940,3527 1997,3527 2055,3527 2113,3526 2170,3526 2228,3526 2286,3526 2344,3526 2401,3526 2459,3526 2517,3526 2574,3526 2632,3527 2690,3527 2747,3527 2805,3527 2863,3527 2921,3526"/>
                <TextEquiv>
                    <Unicode>genheit nichts wissen mit ihren verstaubten Idealen</Unicode>
                </TextEquiv>
            </TextLine>
            <TextLine id="r1l113" custom="readingOrder {index:112;}">
                <Coords points="526,3541 1697,3543 1697,3492 1612,3484 526,3491"/>
                <Baseline points="533,3528 590,3528 648,3529 706,3529 764,3529 822,3529 879,3529 937,3529 995,3529 1053,3530 1111,3530 1168,3530 1226,3530 1284,3530 1342,3530 1400,3529 1457,3529 1515,3529 1573,3529 1631,3528 1689,3528"/>
                <TextEquiv>
                    <Unicode>tums weht uns hier mit seltener Schärfe an. Dies</Unicode>
                </TextEquiv>
            </TextLine>
            <TextLine id="r1l114" custom="readingOrder {index:113;}">
                <Coords points="1756,3590 2726,3594 2906,3585 2924,3541 1756,3548"/>
                <Baseline points="1763,3575 1820,3575 1878,3576 1936,3576 1993,3576 2051,3576 2109,3576 2166,3576 2224,3576 2282,3576 2340,3575 2397,3575 2455,3575 2513,3575 2570,3575 2628,3575 2686,3575 2743,3575 2801,3575 2859,3575 2917,3574"/>
                <TextEquiv>
                    <Unicode>und fadenscheinigen Tugenden. Tugenden, von die¬</Unicode>
                </TextEquiv>
            </TextLine>
            <TextLine id="r1l115" custom="readingOrder {index:114;}">
                <Coords points="531,3583 1702,3587 1702,3545 1649,3540 531,3541"/>
                <Baseline points="539,3577 596,3577 654,3577 712,3577 770,3577 827,3577 885,3578 943,3578 1001,3578 1058,3578 1116,3578 1174,3578 1232,3578 1289,3578 1347,3578 1405,3578 1463,3577 1520,3577 1578,3577 1636,3577 1694,3577"/>
                <TextEquiv>
                    <Unicode>sind noch immer die Wiener Phäaken, die vor uns</Unicode>
                </TextEquiv>
            </TextLine>
            <TextLine id="r1l116" custom="readingOrder {index:115;}">
                <Coords points="1753,3630 2930,3643 2930,3593 2808,3581 1753,3596"/>
                <Baseline points="1761,3624 1819,3624 1877,3625 1935,3625 1993,3625 2051,3625 2109,3625 2167,3624 2225,3624 2283,3624 2341,3624 2399,3624 2457,3624 2515,3624 2573,3624 2631,3624 2689,3624 2747,3625 2805,3625 2863,3625 2922,3626"/>
                <TextEquiv>
                    <Unicode>sem Worte spricht man heute lieber gar nicht, es</Unicode>
                </TextEquiv>
            </TextLine>
            <TextLine id="r1l117" custom="readingOrder {index:116;}">
                <Coords points="536,3630 1710,3636 1710,3598 1555,3581 536,3585"/>
                <Baseline points="544,3625 601,3625 659,3626 717,3626 775,3626 833,3626 891,3626 949,3626 1007,3626 1065,3626 1123,3626 1180,3626 1238,3626 1296,3626 1354,3626 1412,3626 1470,3626 1528,3625 1586,3625 1644,3625 1702,3625"/>
                <TextEquiv>
                    <Unicode>hier erscheinen. Es ist die Wiener-Stadt, bei deren</Unicode>
                </TextEquiv>
            </TextLine>
            <TextLine id="r1l118" custom="readingOrder {index:117;}">
                <Coords points="1761,3680 2929,3683 2929,3644 2860,3630 1761,3634"/>
                <Baseline points="1769,3674 1826,3674 1884,3674 1941,3673 1999,3673 2057,3673 2114,3673 2172,3673 2230,3673 2287,3673 2345,3673 2403,3674 2460,3674 2518,3674 2576,3674 2633,3674 2691,3674 2749,3674 2806,3674 2864,3674 2922,3674"/>
                <TextEquiv>
                    <Unicode>klingt so altväterlich, muffig und erinnert an das</Unicode>
                </TextEquiv>
            </TextLine>
            <TextLine id="r1l119" custom="readingOrder {index:118;}">
                <Coords points="529,3683 1706,3697 1706,3644 1625,3629 529,3633"/>
                <Baseline points="537,3673 595,3674 653,3674 711,3674 769,3675 827,3675 885,3675 943,3675 1001,3675 1059,3675 1117,3675 1175,3675 1233,3675 1291,3675 1349,3675 1407,3675 1465,3674 1523,3674 1581,3674 1639,3674 1698,3673"/>
                <TextEquiv>
                    <Unicode>Nennung, im Reiche draussen, gewisse andere</Unicode>
                </TextEquiv>
            </TextLine>
            <TextLine id="r1l120" custom="readingOrder {index:119;}">
                <Coords points="1761,3742 2828,3743 2935,3736 2935,3680 1761,3688"/>
                <Baseline points="1769,3723 1830,3722 1891,3722 1952,3722 2013,3722 2074,3722 2135,3722 2196,3722 2257,3722 2318,3722 2379,3722 2440,3721 2501,3721 2562,3721 2623,3721 2684,3722 2745,3722 2806,3722 2867,3722 2928,3722"/>
                <TextEquiv>
                    <Unicode>alte jüdische Familienhaus, in dem der Vater befahl</Unicode>
                </TextEquiv>
            </TextLine>
            <TextLine id="r1l121" custom="readingOrder {index:120;}">
                <Coords points="539,3735 1705,3727 1670,3686 539,3681"/>
                <Baseline points="546,3719 603,3720 661,3721 718,3722 776,3722 834,3723 891,3723 949,3723 1006,3723 1064,3723 1122,3723 1179,3723 1237,3723 1294,3723 1352,3723 1410,3723 1467,3723 1525,3723 1582,3723 1640,3723 1698,3723"/>
                <TextEquiv>
                    <Unicode>Worte mitzuschwingen beginnen, auch ohne dass sie</Unicode>
                </TextEquiv>
            </TextLine>
            <TextLine id="r1l122" custom="readingOrder {index:121;}">
                <Coords points="1760,3789 2891,3788 2929,3735 1760,3743"/>
                <Baseline points="1767,3770 1824,3771 1882,3771 1940,3771 1997,3771 2055,3771 2113,3771 2170,3771 2228,3771 2286,3770 2344,3770 2401,3770 2459,3770 2517,3770 2574,3770 2632,3770 2690,3770 2747,3770 2805,3770 2863,3771 2921,3771"/>
                <TextEquiv>
                    <Unicode>und die Kinder auf seine Worte lauschten, es erin¬</Unicode>
                </TextEquiv>
            </TextLine>
            <TextLine id="r1l123" custom="readingOrder {index:122;}">
                <Coords points="531,3774 1606,3783 1606,3738 1540,3729 1294,3759 1155,3729 531,3740"/>
                <Baseline points="539,3771 594,3771 650,3770 706,3770 761,3770 817,3770 873,3771 929,3771 984,3771 1040,3772 1096,3772 1152,3772 1207,3773 1263,3773 1319,3773 1375,3773 1430,3772 1486,3772 1542,3771 1598,3770"/>
                <TextEquiv>
                    <Unicode>ausgesprochen werden: Walzer. Kaffechaus</Unicode>
                </TextEquiv>
            </TextLine>
            <TextLine id="r1l124" custom="readingOrder {index:123;}">
                <Coords points="539,3827 632,3836 671,3821 685,3833 730,3826 782,3839 839,3829 839,3781 715,3778 689,3793 651,3781 624,3796 576,3778 539,3793"/>
                <Baseline points="546,3817 572,3818 598,3818 624,3819 650,3819 676,3819 702,3819 728,3819 754,3818 780,3818 806,3818 832,3818"/>
                <TextEquiv>
                    <Unicode>süsses Mädel</Unicode>
                </TextEquiv>
            </TextLine>
            <TextLine id="r1l125" custom="readingOrder {index:124;}">
                <Coords points="1756,3825 2933,3830 2933,3786 2846,3777 1756,3787"/>
                <Baseline points="1764,3819 1822,3820 1880,3820 1938,3820 1996,3820 2054,3820 2112,3821 2170,3821 2228,3820 2286,3820 2345,3820 2403,3820 2461,3820 2519,3820 2577,3820 2635,3819 2693,3819 2751,3819 2809,3819 2867,3819 2926,3819"/>
                <TextEquiv>
                    <Unicode>nert an die alte „Schul“, in der man noch auf Got¬</Unicode>
                </TextEquiv>
            </TextLine>
            <TextLine id="r1l126" custom="readingOrder {index:125;}">
                <Coords points="968,3833 1697,3818 1697,3790 1618,3778 1522,3799 1467,3779 1353,3777 1319,3799 968,3781"/>
                <Baseline points="976,3817 1011,3818 1047,3818 1082,3819 1118,3819 1154,3820 1189,3820 1225,3821 1261,3821 1296,3822 1332,3822 1368,3822 1403,3822 1439,3822 1475,3822 1510,3822 1546,3822 1582,3821 1617,3821 1653,3820 1689,3819"/>
                <TextEquiv>
                    <Unicode>Backhendel. Fiaker Par-</Unicode>
                </TextEquiv>
            </TextLine>
            <TextLine id="r1l127" custom="readingOrder {index:126;}">
                <Coords points="865,3853 891,3858 905,3852 912,3860 917,3857 925,3859 936,3851 948,3853 952,3796 929,3793 922,3785 902,3797 891,3796 876,3805 869,3805"/>
                <Baseline points="874,3823 908,3826 943,3828"/>
                <TextEquiv>
                    <Unicode>44 </Unicode>
                </TextEquiv>
            </TextLine>
            <TextLine id="r1l128" custom="readingOrder {index:127;}">
                <Coords points="539,3877 1692,3884 1683,3826 539,3827"/>
                <Baseline points="546,3867 605,3867 665,3868 725,3868 785,3868 845,3868 905,3868 965,3868 1025,3868 1085,3868 1145,3868 1205,3868 1265,3868 1325,3868 1385,3868 1445,3868 1505,3869 1565,3870 1625,3871 1685,3872"/>
                <TextEquiv>
                    <Unicode>lamentsskandal.“ Dieses Wien hat Schnitzler ge¬</Unicode>
                </TextEquiv>
            </TextLine>
            <TextLine id="r1l129" custom="readingOrder {index:128;}">
                <Coords points="1763,3883 2932,3876 2932,3831 2867,3823 1763,3828"/>
                <Baseline points="1770,3867 1827,3867 1885,3868 1943,3868 2000,3869 2058,3869 2116,3869 2173,3869 2231,3869 2289,3868 2347,3868 2404,3868 2462,3868 2520,3868 2577,3868 2635,3868 2693,3868 2750,3868 2808,3868 2866,3868 2924,3869"/>
                <TextEquiv>
                    <Unicode>tes Wort horchte. Was gilt dies alles einem moder¬</Unicode>
                </TextEquiv>
            </TextLine>
            <TextLine id="r1l130" custom="readingOrder {index:129;}">
                <Coords points="532,3928 1703,3938 1691,3882 532,3881"/>
                <Baseline points="540,3915 597,3915 655,3915 713,3916 771,3916 829,3916 886,3916 944,3916 1002,3916 1060,3916 1118,3916 1175,3916 1233,3916 1291,3916 1349,3916 1407,3917 1464,3917 1522,3917 1580,3917 1638,3918 1696,3919"/>
                <TextEquiv>
                    <Unicode>schildert, das Wien des „Walzertraums“, und, wenn</Unicode>
                </TextEquiv>
            </TextLine>
            <TextLine id="r1l131" custom="readingOrder {index:130;}">
                <Coords points="1757,3928 2929,3942 2929,3889 2887,3877 1757,3886"/>
                <Baseline points="1764,3917 1821,3917 1879,3917 1937,3917 1995,3917 2053,3917 2111,3917 2169,3917 2227,3917 2285,3917 2343,3917 2400,3917 2458,3917 2516,3917 2574,3917 2632,3917 2690,3918 2748,3918 2806,3918 2864,3918 2922,3919"/>
                <TextEquiv>
                    <Unicode>nen Geschlechte? Der Dr. Stauber, der den</Unicode>
                </TextEquiv>
            </TextLine>
            <TextLine id="r1l132" custom="readingOrder {index:131;}">
                <Coords points="533,3984 1645,3987 1705,3979 1706,3936 533,3927"/>
                <Baseline points="541,3962 598,3963 656,3964 714,3964 772,3964 830,3965 888,3965 945,3965 1003,3965 1061,3965 1119,3965 1177,3965 1235,3965 1293,3965 1350,3966 1408,3966 1466,3966 1524,3966 1582,3966 1640,3966 1698,3966"/>
                <TextEquiv>
                    <Unicode>die luden in dieser Stadt eine so bedeutende Rolle</Unicode>
                </TextEquiv>
            </TextLine>
            <TextLine id="r1l133" custom="readingOrder {index:132;}">
                <Coords points="1761,3981 2927,3972 2927,3940 2792,3922 1761,3926"/>
                <Baseline points="1769,3966 1826,3966 1884,3966 1941,3966 1999,3966 2056,3965 2114,3965 2171,3965 2229,3965 2286,3965 2344,3965 2402,3966 2459,3966 2517,3966 2574,3966 2632,3966 2689,3966 2747,3966 2804,3966 2862,3966 2920,3966"/>
                <TextEquiv>
                    <Unicode>Leuten, auch dem Hermn Aristokraten, der von Blume</Unicode>
                </TextEquiv>
            </TextLine>
            <TextLine id="r1l134" custom="readingOrder {index:133;}">
                <Coords points="2862,3998 2877,3999 2880,4004 2888,4004 2894,4011 2898,4008 2900,4010 2905,4008 2915,4009 2920,3976 2909,3974 2906,3971 2900,3973 2896,3971 2888,3973 2883,3970 2878,3972 2866,3971"/>
                <Baseline points="2870,3993 2910,3999"/>
                <TextEquiv>
                    <Unicode> 4</Unicode>
                </TextEquiv>
            </TextLine>
            <TextLine id="r1l135" custom="readingOrder {index:134;}">
                <Coords points="2246,4025 2285,4029 2335,4007 2350,4019 2365,4011 2386,4023 2426,4018 2465,4031 2475,4029 2477,3981 2431,3973 2365,3973 2357,3980 2319,3971 2309,3980 2290,3971 2247,3971"/>
                <Baseline points="2254,3993 2280,3995 2307,3996 2334,3997 2361,3997 2388,3998 2415,3998 2442,3999 2469,4000"/>
                <TextEquiv>
                    <Unicode>##r. 11</Unicode>
                </TextEquiv>
            </TextLine>
            <TextLine id="r1l136" custom="readingOrder {index:135;}">
                <Coords points="2578,4025 2622,4024 2642,4037 2696,4036 2717,4026 2740,4026 2756,4012 2770,4011 2771,3984 2759,3984 2744,3973 2697,3978 2637,3971 2618,3983 2578,3985"/>
                <Baseline points="2586,4003 2611,4000 2636,3998 2662,3997 2687,3997 2713,3998 2738,3999 2764,3999"/>
                <TextEquiv>
                    <Unicode>—LIL</Unicode>
                </TextEquiv>
            </TextLine>
            <TextEquiv>
                <Unicode>Freie
box 3/2
23. Der Neg ins
—
7
Nr. 49.
„Neue National-Zeitung
Seite 11.
ADa GO
ceulleron.
Prof. Dr. M. GRUNFELD:
Die deutsche und Weltliteratur ist an Schilde¬
rungen von Juden und jüdischen Zuständen nicht
arm. Ueber allzuviel Liebenswürdigkeit der Schrift¬
Randbemerkungen zum Romane
steller, die sich mit uns beschäftigten, können wir
uns nicht beklagen. Spielhagen, Heyse, in dem ja
„Der Weg ins Kreie
auch ein Tropfen oder mehr jüdischen Blutes fliesst,
Von Arthur Schnitzler.
Raabe, man denke nur an den famosen „Hunger.
Endlich ein Buch, nach dessen Lektüre man
pastor“ bis auf den seichten Stilgebauer, der einen
sich nicht fragen muss: wozu wurde es geschrie¬
jüdischen Märtyrer in seinem dickleibigen „Götz
ben? Ein Werk wurde der Welt geschenkt, das ge¬
Krafft“ leiden und sterben lässt, aber auch mit stil¬
schrieben werden musste und dass es Schnitzler
lem Behagen den Antisemitismus in einer kleinen
geschrieben, dieser durchdringende Beobachter des
deutschen Universitätsstadt schildert, sie alle haben
Wiener Lebens, der dessen geheimste Tiefen er¬
uns mit der eingeborenen teutonischen Gehässigkeit
schaut, wie kein anderer, das freut uns besonders.
angefasst und wohl nicht wenig dazu beigetragen,
Schnitzler, so liest man in Blättern, welche an¬
dass Wucherer und Jude in vielen Kreisen, auch
geblich die Weltbeglückung verkünden, für die aber
etzt noch, als ziemlich identische Begriffe betrach¬
die Welt nur aus Arbeitern und getauften Juden zu
tet werden. Und doch, wie wenig wissen sie von
bestehen scheint, hätte den Wiener Roman schrei¬
unserem Leben und unserem Leide! Wollen auch
ben sollen, und siehe, die Berge kreisten und es
davon nichts wissen. Sie kennen die jüdische Volks¬
wurde eine Maus geboren. In gemeinverständliches
seele nicht, holen sich Rats bei Juden, die es nur
Deutsch übertragen: Ist die Wiener Gesellschaft
dem Namen nach sind. Das ist aber das Verdienst
wirklich mit der Judenschaft gleichbedeutend, deckt
des Schnitzlerischen Werkes: es zeigt die jüdische
sie sich mit den Juden der Leopoldstadt? Mit Ver¬
Seele und zergliedert sie mit der Kunst des litera¬
laub, Ihr Herren Kritiker von der getauften Konfes¬
rischen Anatomen.
sion. Die Juden der Leopoldstadt wollte Schnitz¬
Man merke nur, wie die „jüdischen Witze“, wel¬
ler nicht schildern, er weicht der Schiffgasse und
che das Fräulem Else Ehrenberg gar nicht gerne
ihrer Umgebung in weitem Bogen aus. Was er uns
hört, Schnitzler dazu dienen, um gewisse unserer
zeigt, das ist der Modernismus des heutigen Juden¬
Charakterzüge zu erklären. Unsere Respektlosigkeit
tums, und wie sich dieser mit, möchte man sagen,
naturgeschichtlicher Notwendigkeit entwickelt hat.
das viel zu denken gibt und über das man viel
Den Mittelpunkt des Romans bildet nicht der Jude,
schreiben und sprechenkönnte. Nur, dass man damit
sondern der arische Adelige, der nicht weiss, was
viele geheime Interieurs, die lieber verschlossen blei¬
er will, von Blume zu Blume flattert, geniesst und
ben, öffnen müsste .... Diese Respektlosigkeit uns
die Vorrechte des Adeligen für sich in Anspruch
selbst gegenüber die sich in dem klassischen „Ae
nimmt. Und um ihn schart sich der Kreis der ver¬
soi“ des Juden offenbart, wenn er in seinem Gegen¬
schiedenartigsten jüdischen Typen, welche die Li¬
über einen „Glaubensgenossen“ erkennt, der ihn
teratenkaffechäuser und Salons bevölkern: die
fragt, wann wir in diesem Jahre Pessach feiern, ist
Auch-Juden, die Zionisten, die verschämten und un¬
ein Stück von der Sklavenkette, die wir, Kinder des
verschämten Juden, die Konfessionslosen und die
Golus, ob wir esnun gelten lassen, oder nicht, noch
Volksbeglücker. Eine Naturgeschichte des Juden¬
immer nachschleppen.
*
tums unserer Zeit möchte ich diesen Roman mit
Und dann der berühmte Familiensinn der Ju¬
seiner feinen psychologischen Kleinmalerei nennen
den. Heinrich Beermann, Leo Golowski und
und wünschte, dass er, als Volksbuch, weiteste Ver¬
seine Schwester Therese, die Sozialdemokratin, die
breitung fände.
mit Demeter Stanzides einen Ausflug nach dem Gar¬
dasee macht, und (sich dort an den Aristokraten
Die Wahrheit über das Judentum unserer Zeit,
Georg Wergenthin sehr intim anbiedert, Jassen
besonders in den grossen Städten, kündet dieses ein¬
wenig davon spüren. Jüdischer Familiensinn, auch
zige Werk. Wie ein Volk zu dem wurde, was es
ein altes Erbe, das ein junges Geschlecht, welches
ist. Das hat die Gesellschaft aus den Juden ge
den „Weg ins Freie“ beschreitet, wie eine leere
macht, zürnend klingt es aus jedem Worte des Men¬
Schale hinwirft. Diese Alten mit ihrer Vergangen¬
schenschilderers. Schnitzlers Juden-Roman
heit! Als wäre es ein Verdienst, alt geworden zu
ist in der Tat der Wiener Roman; er bedeutet
sein. Die Gegenwartsleute wollen von der Vergan¬
echte Heimatskunst und der Erdgeruch des Wiener¬
genheit nichts wissen mit ihren verstaubten Idealen
tums weht uns hier mit seltener Schärfe an. Dies
und fadenscheinigen Tugenden. Tugenden, von die¬
sind noch immer die Wiener Phäaken, die vor uns
sem Worte spricht man heute lieber gar nicht, es
hier erscheinen. Es ist die Wiener-Stadt, bei deren
klingt so altväterlich, muffig und erinnert an das
Nennung, im Reiche draussen, gewisse andere
alte jüdische Familienhaus, in dem der Vater befahl
Worte mitzuschwingen beginnen, auch ohne dass sie
und die Kinder auf seine Worte lauschten, es erin¬
ausgesprochen werden: Walzer. Kaffechaus
süsses Mädel
nert an die alte „Schul“, in der man noch auf Got¬
Backhendel. Fiaker Par-
44 
lamentsskandal.“ Dieses Wien hat Schnitzler ge¬
tes Wort horchte. Was gilt dies alles einem moder¬
schildert, das Wien des „Walzertraums“, und, wenn
nen Geschlechte? Der Dr. Stauber, der den
die luden in dieser Stadt eine so bedeutende Rolle
Leuten, auch dem Hermn Aristokraten, der von Blume
 4
##r. 11
—LIL</Unicode>
            </TextEquiv>
        </TextRegion>
    </Page>
</PcGts>
