3296 4384
243 166 1183 260 23. Der Nec ins Frei
458 182 1210 284 41
1426 162 1781 258 box 3/2
1694 897 2207 961 Neue Romane und Novellen
1174 892 1274 984 552
1177 1024 2719 1101 ich oben gezeichnet habe, aber es ist auf ihr freilich endlich wieder ein starkes
1177 1080 2720 1153 und ungewöhnliches Werk, wie wir es von Frau Viebig so lange schon er¬
1179 1128 2722 1198 wartet haben. Auch sie ist keine Heimatkünstlerin im engen Sinn, aber sie kann
1181 1168 2711 1235 sich zur großen Kunst nur emporschwingen von dem Boden ihres Heimatlandes
1181 1222 2720 1292 her. Wie es bezeichnend war, daß in „Einer Mutter Sohn“ die Schwäche
1186 1274 2717 1340 einsetzte, nachdem das Venn verlassen war, so hatte sie in Absolvo te vollends
1184 1321 2708 1395 den Boden unter den Füßen verloren und war an Konflikten gescheitert, zu
1168 1362 2720 1438 deren Darstellung ihr äußere und innere Maßstäbe fehlten. Hier, wo sie wieder
1188 1413 2715 1485 in jedem Sinne ganz zu Hause ist, bringt sie eine Fülle echter Menschen, ein
1176 1461 2711 1533 Stück großer Natur. Ich habe vor der Schilderung der Gestalten des Dorfes
1183 1511 2718 1568 Heckenbroich gelegentlich an Millets Bauern und Feldarbeiter denken müssen,
1169 1566 2722 1622 wie sie sich in großen Linien, menschlich und dennoch über gewöhnliches Maß
1178 1607 2713 1682 erhöht, von Feld und Himmel abheben. So ist denn das Venn wirklich Angel¬
1180 1666 2722 1730 punkt und nicht nur Milieu dieses Romans geworden, und Clara Viebig er¬
1186 1705 2707 1777 scheint, indem sie da anknüpft, wo sie einst aufhörte, wieder wegesgewiß auf
1171 1754 2711 1819 den Spuren, die sie einst zur „Wacht am Rhein“ führten. Ja, das geht bis
1180 1802 2714 1861 in Einzelheiten: die Schilderung des polnischen Katholizismus in Absolvo te
1173 1849 2717 1925 konnte ich einst an dieser Stelle nicht als echt gelten lassen — die Echternacher
1171 1900 2708 1969 Springprozession und die Gläubigkeit dieser Eifelbewohner macht den Eindruck
1169 1953 2715 2023 unbedingter Lebenstreue. Das Zolasche Element, das Clara Viebig ohne Zweifel
1170 1996 2712 2058 hat, kommt ihr hier zugute, wo ihre Verwachsenheit mit dem Boden doch der
1170 2058 2698 2120 exakten Schilderung die Wärme gibt, ohne die wir selbst vor einem Werk nicht
1169 2090 1614 2148 warm werden können.
1274 2141 2709 2218 Noch ein drittesmal sei Theodor Fontane genannt. Der Verlag von S. Fischer
1175 2193 2703 2267 veröffentlicht eine Bibliothek zeitgenössischer Romane zu dem außerordentlich
1167 2237 2703 2307 billigen Preis von einer Mark für den zehn Bogen starken, gut gedruckten und
1171 2289 2700 2358 gebundnen Band. Als erstes Werk bringt der Verlag Fontanes „L'Adultera“,
1172 2338 2705 2413 sicherlich nicht sein stärkstes, aber eines seiner interessantesten Bücher. Es zeigt
1167 2386 2708 2466 Fontane im Übergang von den Kriminalromanen früherer Jahre zu den Berliner
1169 2435 2701 2504 Romanen seiner Altersreife; und wir bewundern schon hier die Feinheit im
1172 2481 2701 2556 Detail, den Reiz der Gespräche, die Kunst, durch Andeutung zu malen. Und
1172 2531 2699 2605 typisch tritt hier schon die Frage auf, die dann bis heute immer wieder unsre
1161 2584 2703 2649 Literatur durchdringt: wohin treiben wir? Es ist gewiß merkwürdig, daß sie
1177 2628 2706 2701 sich in den Büchern immer noch nicht in die Frage: wie handeln wir? umsetzt;
1170 2684 2693 2749 und auch in diesem Sinne wird man sagen müssen, daß die Prosaepik des
1165 2724 2701 2788 industriellen Deutschlands schwächere Muskeln und schmächtigern Bau hat als
1174 2776 2702 2854 die des viel verspotteten Volks der Dichter und Denker. Die Frage aber,
1166 2820 2705 2899 inwiefern diese Gegensätze zwischen Wirklichkeit und Literatur einem ursächlichen
1164 2869 2705 2957 Zusammenhang entspringen, wird vielleicht ein andrer — am Ende versucht es
1173 2921 2627 2997 Carl Jentsch einmal — an dieser Stelle besser beantworten können als ich.
