3248 4192
690 129 747 192 C
165 117 692 220 23. Der Nee
934 121 1093 208 Fre
1341 126 1724 235 box 3/1
386 152 1207 258 Di geg ins Aeie
2424 968 2728 1062 „
449 1047 2405 1105 tarischen Traditionen zu widersprechen scheinen;sie waren des Landes“ ist eben seine Herrschaft.
70 1025 449 1120 r sollte es Herr
2165 1082 2290 1137 —
66 1091 1604 1162 Freiheitlichkeit er= nur der Ausdruck des Selbstbewußtseins der Oligarchen,
1580 1114 2733 1229 benun sind aie heien in Aisen henen sel
446 1005 1601 1252 Tetelteretentene
1589 1212 2732 1271 Berthold Auerbach hätte sie nicht edler malen können. Da ist der
450 1224 1587 1296 Im höchsten Sinne repräsentativ war Goethe, in dem naivstes Volks¬
1578 1255 2728 1344 Schriftsteller Heinrich Bermann, ein Jude, eminent geistreich, ein
442 1267 1589 1348 gefühl und intellektuellstes Forschertum, Götzens derbe Männlichkeit
1582 1301 2729 1386 psychologischer Bohrer und doch voll Phantasie, noch dazu mit
443 1320 1587 1379 und Tassos zitternde Seelenhaftigkeit zu dichterischen Stimmen
1595 1351 2732 1419 einer interessanten, immer wieder aufbrechenden Seelenwunde!
454 1372 1585 1433 kamen. Auch Gerhart Hauptmann, was man auch wider ihn
1592 1402 2736 1472 Da ist der Schriftsteller Nürnberger, Jude und also der abselut
135 1400 455 1479 ist ein Wiener
457 1416 1591 1495 sagen möge, ist repräsentativ für die Nation. Der Fuhrmann
1589 1456 2732 1520 weise Mensch, erhaben über alle Eitelkeiten der kleinen Welt,
65 1459 457 1531 ch hineinverirrt, aber
451 1465 1588 1537 Henschel, die Webersleut' das arme Hannele, aber auch Pippa,
1590 1488 2740 1561 unschöpferisch aus Tiessinn, menschenverächtlich, weil angefüllt
74 1509 453 1578 . Alle Männer von
458 1515 1585 1576 die Elfin, und Vockerath, der Ringer, und Michael Kramer, der
1583 1554 2733 1627 mit Menschenkenntnis, mit einem kleinen Licht im dunklen
62 1555 457 1618 moderne und un¬
451 1555 1590 1629 Künstler, sind in seiner Seele. Möglich, daß Hauptmann kein
1589 1582 2732 1662 Herzen: der Erinnerung an eine früh verstorbene Schwefter...
66 1602 459 1671 weniger assimilierte
459 1607 1589 1682 starker Repräsentant der Deutschen ist, umfassend genug wäre
1589 1636 2732 1712 Da ist ein alter, menschenfreundlicher Arzt, Doktor Stauber, die
60 1650 460 1718 n, jüdische Gigerln
459 1650 1592 1732 er! Er ist nicht nur das niedrige Gewächs einer kleinen Klasse.
1598 1690 2731 1757 personifizierte jüdische Güte, ein Cousin Nathans des Weisen.
52 1697 471 1768 n und sozialistische
562 1699 1593 1764 Was soll man, von solchen Gedanken ausgehend, zum
1590 1730 2733 1796 Sein Sohn, der junge Stauber, das ist der jüdische Idealismus,
55 1748 467 1808 oman geworden, den
455 1752 1589 1819 neuen Roman Arthur Schnitzlers sagen? Das ist die Repräsen¬
1595 1797 2735 1849 der zwischen wissenschaftlicher Hingabe und öffentlicher Werk¬
49 1796 454 1860 Als Repräsentant des
457 1797 1591 1861 tation eines ganz kleinen Kreises: des wohlhabenden Wiener
1591 1846 2734 1898 tätigkeit schwankt. Da ist ein junger Zionist, Golowsky, zu ver¬
58 1841 458 1909 n bloß der Leopold¬
460 1856 1597 1910 Judentums. Von einem Dichter, der immer wieder für die
1596 1872 2743 1943 stehen als die jüdische Tapferkeit in Person. Schießt einen grau¬
62 1887 461 1953 haftig, es fehlt der
465 1892 1593 1966 höchste Dichterehrung des Reiches vorgeschlagen wird, war zu
1591 1928 2737 1991 samen antisemitischen Hauptmann im Zweikampf mausetot. Aber
46 1939 458 2005 n Kunstwerken, die
462 1955 1602 2009 erhoffen, daß sein Gesichtskreis weniger eng ummauert sei. Was
1591 1962 2741 2027 auch alle anderen Juden sind edel. Ein alter Finanzmann Ehren¬
45 1983 463 2061 Hirschfeld hat daran
459 1989 1599 2058 soll man denn dem Typus Adolf Bartels erwidern, wenn einem
1601 2021 2741 2091 berg würde gern die Hälfte seiner Millionen hingeben, wenn er
73 2031 466 2094 darauf seinen Ruhm
470 2029 1599 2099 Arthur Schnitzler der Wiener Roman bloß zu einem Bilde
1597 2063 2737 2133 ein paar rohe Antisemiten aus der Welt schaffen könnte. Die
67 2077 463 2143 Problem in seinem
468 2074 1601 2149 jüdischen Literaten= und Jourlebens wird? Und wie steht
1596 2117 2753 2189 Sehnsucht sitzt auch in diesem Schnitzlerschen Bankier so tief,
62 2120 460 2187 harolais“ beschwatzt.
465 2132 1599 2199 Arthur Schnitzler mitten drin in seiner Gesellschaft! Als
1602 2161 2749 2223 daß er im Frühjahr nach Jerusalem wandert. Nicht alle
66 2173 465 2247 res „Jettchen Gebert“
461 2174 1602 2247 Georg Hirschfeld seine Judendramen schrieb, da konnte man
1595 2214 2741 2279 jüdischen Financiers gehen zur Erholung nach Palästina. Im
55 2219 467 2295 ungen, die Richard
465 2216 1605 2283 den Adolf Bartels zurufen: Ihr Tauben, ihr verstopften
1602 2253 2739 2321 Anfang des Romans wird wenigstens der Sohn des
55 2267 467 2338 pft, möchte ich in
460 2274 1611 2345 Ohren, ihr blind Gebornen, seht ihr denn nicht, daß diese
1600 2318 2750 2382 alten Ehrenberg als flacher Assimilationsstreber gezeichnet,
58 2305 470 2377 en. Also genug, mehr
463 2318 1600 2391 Dichtungen eines jungen Deutschen jüdischer Abstammung vor
1602 2355 2742 2417 der sich seines Judentums schämt und sehnsüchtig zum
64 2365 463 2427 sie Judenfrage! Kurz¬
467 2368 1603 2442 allem Darstellungen der Distanz sind, die zwischen dem
1602 2400 2742 2464 Jockeyklub äugt. Kaum aber hat der alte Ehren¬
61 2413 473 2483 en Heine=Haß berühmte
466 2412 1603 2474 alten, unassimilierten, ewig nur an Zwecke denkenden Judentum
1605 2432 2742 2527 berg dem jungen einmal eine Ohrfeige gegeben, so
59 2462 471 2528 greiflicher, wenn man
467 2462 1604 2523 und dem jungen, vom Zweckdenken schon befreiten, rein und
1598 2481 2754 2560 erwacht schon die stolze jüdische Seele in ihm, der Oberflächliche
64 2505 473 2568 entlich Berliner und
464 2504 1611 2586 künf lerisch schauenden, unwillkürlich deutschen Wesen der Juden¬
1605 2547 2752 2615 wird tragisch und versucht Selbstmos! ... Vergebens wird
67 2552 476 2615 nur mit den Juden¬
479 2562 1605 2630 söhne besteht? Die jüdischen Anklagedramen Georg Hirschfelds
1604 2595 2747 2657 man das ganze Buch nach einem einzigen gemeinen Juden, ja
61 2598 473 2661 Dichter (und sogar ein
469 2608 1609 2669 waren Abschiedsrufe der deutschen Judenjünglinge an das nur
1598 2634 2758 2706 auch nur nach einer gemeinen Regung durchsuchen, die doch die
64 2643 480 2710 ig und am Ende auch
480 2647 1610 2717 nüchterne, im tiefsten kaufmännische Judentum! Doch dieser
1606 2683 2756 2753 psychologische Belletristik selbst den Helden gelegentlich gestattet.
72 2679 497 2776 entant bestimmter
477 2695 1614 2760 Roman Schnitzlers? Der Dichter hat gar keine Distanz zu
80 2727 2748 2812 Roman von Arthur seinen Juden, steht vielmehr mitten drin und sein Auge ver= Wobei unter gemein keine sittliche Charakteristik, sondern nur
447 2782 2760 2866 wellt auf ihnen mit wahrhaft Güdemannischem Wohlgefallen. der allezeit praktische, allezeit nüchterne, stets nur auf Zwecke
501 2877 2429 3085 „trbach heihmg, Wn /1 Seite (5
