3248 4064
240 97 1241 177 23. Der Neg ins Freie
1413 101 1749 191 box 3/3
1060 673 1111 733 84
1066 806 1848 863 dermanischen Geistes, eine im innersten unsoziale
1068 849 1848 895 unpolitische, höchst singuläre, willkürliche, aber
1062 892 1857 943 verinnerlichte Einzelkultur sein vorschwebendes
1058 929 1848 991 Ideal. Idealität im Sinne einer Verklärung und
1063 977 1853 1026 Erhöhung des einzelnen Lebensgehaltes und Aus¬
1060 1018 1853 1073 drucks ist dieser germanischen Kunst eigenste
1063 1064 1851 1119 Natur. Ihr Lebenskreis, wie ihn am erhabensten
1064 1110 1851 1160 Goethe in seinen erzählenden Werken umschrieben,
1055 1151 1847 1219 wäre etwa als „Wunschkultur“ zu bezeichnen.
1068 1196 1852 1257 Eine eigentliche Gesellschaft, eine geistig
1060 1234 1853 1300 fruchtbare Realität des sozialen, politischen
1059 1286 1852 1335 Körpers besteht bisher noch nicht, der Deutsche
1064 1324 1851 1375 kennt keinen Gesellschaftsroman, wie auch seine
1058 1367 1852 1436 höchsten Interessen und Wünsche nicht gesell¬
1064 1416 1692 1469 schaftliche, sondern individuelle bleiben.
1143 1461 1846 1522 Dagegen ist der Romane das politische Ge
1065 1504 1849 1555 schöpf von Natur aus und ganz auf eine natio¬
1058 1552 1850 1600 nale Gesamtheit verwiesen, aufs engste mit allen
1054 1590 1848 1648 ihren fein gegliederten Schichten verbunden. Durch
1061 1639 1852 1697 das Medium des genialen Geistes fahren alle
1055 1681 1846 1730 Schläge, die den Leib der Nation als ungeheure
1062 1723 1847 1786 Nervenströme der Geschichte durchzucken und
1056 1769 1844 1814 lösen in seiner einzigen Außerung den repräsen¬
1064 1815 1849 1868 ativen Refler aus. So enthält Balzacs Deupre,
1059 1860 1852 1907 das räumlich und sachlich ungeheuerste, das ein
1057 1901 1849 1962 Dichter hinterließ, eine getreue Abfocmung seines
1061 1940 1852 1999 Dolkes, das Bild einer einzig durchgedachten und
1062 1993 1851 2042 verwirklichten sozialen Organisation von feinster
1062 2032 1844 2087 Anfühlung und innerster Zugehörigkeit. Die
1058 2080 1852 2132 soziale Natur einer Rasse arbeitet eine gesell¬
1064 2126 1845 2177 schaftliche Kultur aus, deren Ausdruck solche
1049 2165 1844 2220 epische Darstellungen werden. Balzacs schöpferische
1058 2210 1841 2269 Dämonie geht mit einer unverlierbaren Dolks¬
1052 2248 1841 2307 tümlichkeit zusammen. Er witterte das eigentliche
1050 2290 1845 2355 Zentrum der modernen Lebenskräfte, die heroisch
1051 2341 1848 2398 in Leidenschaften, Instinkten, Plänen, Taten,
1052 2390 1841 2442 auch einem homerischen Zeitalter nichts nach¬
1052 2435 1843 2480 geben, er sah das Geld als Spmbol und Aus¬
1054 2478 1849 2537 druck des Urwunsches der Menschenvereinigung
1056 2519 1847 2571 nach Macht, als erster und größter moderner
1055 2554 1847 2623 Epiker anerkannte er das Geld als primum mo¬
1059 2605 1837 2657 vens der Geschicke. Seine rasende, dabei folge¬
1061 2650 1842 2708 richtige und geistesgegenwärtige Phantasie, das
1057 2696 1844 2744 Herz seiner Droduktion bedient sich in höchstem
1062 2738 1845 2786 Feuer der Erregung, des Hathos, der zusammen¬
1059 2782 1836 2840 chlagenden Konflikte, der einfältigen und gelassenen
1056 2827 1847 2877 dreisten und natürlichen Rede eines Rhapsoden,
1064 2867 1847 2918 pricht Worte von erhabenster Einsicht, streut
1062 2917 1841 2967 Blitze einer Erkenntnis, die nur einem Olpmpier
1044 2958 1839 3028 zugehören, mit der Gleichgiltigkeit eines Kindes
1047 3000 1591 3059 aus, das einen Riesel schleudert.
1126 3046 1850 3093 So läßt er einmal einen Künstler zu seiner
1047 3083 1839 3153 Mutter, die ihr Herz an einen bösen Sohn ge¬
1049 3131 1844 3182 hängt hat, während sie den genialen und groß¬
1059 3187 1837 3249 herzigen nicht einmal würdigt, diese Worte
1059 3223 1205 3277 prechen:
1129 3247 1844 3326 „O, Mutter, du bist Mutter, wie Raffael
1045 3311 1844 3368 Maler war“, und für das treue Verständnis des
1048 3357 1838 3418 Künstlers findet er gelegentlich die schlichte Er¬
1045 3398 1834 3473 klärung: „alle großen Talente achten und be¬
1906 800 2701 865 greifen wahre Leidenschaften, sie erklären sie sich
1909 850 2702 916 und finden die Wurzeln zu ihnen in der eigenen
1903 891 2274 956 Brust, oder im Kopf.“
1976 911 2704 999 Das ist im Grunde auch der schlichte Aus¬
1904 982 2708 1052 druck für Balzacs Größe, er trug die Wurzel
1906 1030 2597 1084 aller Leidenschaften in der eigenen Brust.
2415 1067 2669 1142 Otto Stoessl.
1910 1142 2416 1205 Kalenderfelte und Seelenfelte.
1985 1183 2701 1254 Die Kalenderfeste sind wie alle starren Ein¬
1912 1245 2708 1300 richtungen die Ursache einer besonderen Art von
1909 1289 2700 1338 Seelenstörungen. Unwillkürlich sucht ein jeder mit
1914 1332 2701 1383 dem äußerlichen Fest innerlich im Einklang zu
1916 1385 2702 1434 ein. Wer möchte nicht zu Ostern eine Erneuerung
1921 1420 2701 1469 eines Wesens verspüren, zu Ofingsten mit Er¬
1908 1470 2696 1524 leuchtung beschenkt werden, zu Weihnachten ge¬
1902 1512 2704 1573 rührt sein, zu Neujahr einen Markstein in seinem
1906 1550 2699 1623 Leben setzen können? Alles das wird uns ja
1910 1596 2692 1652 gelegentlich zuteil; aber es wäre doch zu schön,
1903 1650 2688 1704 wenn der äußere Anlaß und die innère Not
1909 1688 2695 1741 wendigkeit zusammenträfen. Der Kalender ver¬
1908 1726 2703 1783 leitet zu unzeitgemäßen Wünschen. Er führt zu
1901 1775 2691 1837 Unzufriedenheit mit dem jeweiligen Seelenzustand
1901 1817 2691 1878 man sucht sich zu einer Stimmung zu zwingen,
1912 1860 2690 1927 ie ein reines Gnadengeschenk ist. Erneuerung,
1908 1903 2693 1970 Erleuchtung, Rührung und andere bedeutsame
1909 1950 2691 2007 Empfindungen haben in jedem Leben eine ganz
1903 1993 2700 2047 bestimmte Stelle, von der sie nicht zu verrücken
1903 2042 2691 2101 sind. Sie verschaffen der Seele jene denkwür¬
1902 2081 2701 2140 digen Feiertage, die durch die schwerste Arbeit
1905 2125 2351 2193 nicht beeinträchtigt werden.
1977 2149 2702 2236 Ohne Kalenderfeste würde niemand darauf
1906 2205 2704 2265 achten, daß seine Seele eben einen Wochentag
1898 2256 2692 2311 hat. Aber von dem farbigen bewegten Außern
1898 2301 2692 2353 hebt sich das graue, träge Innere ab und da
1897 2347 2690 2400 beginnt die Auflehnung gegen die Unerbittlich¬
1894 2387 2685 2450 keit der Kaunen. Es gibt übrigens zwei Menschen¬
1904 2433 2697 2489 tppen. Der Mensch, der im allgemeinen leicht zu
1899 2471 2691 2547 beeinflussen ist, läßt sich auch durch Glocken¬
1900 2521 2685 2587 geläute, Lichter und frohe Wienen in die pas¬
1901 2561 2685 2619 sende Stimmung bringen. Der Unabhängige hin¬
1905 2618 2693 2667 gegen, der Mensch mit starren Launen, ist in
1892 2646 2687 2720 einer sehr unangenehmen Tage: Die Festlichkeit
1900 2700 2690 2756 vermag ihn nicht zu ändern und er vermag an
1903 2742 2690 2793 der Festlichkeit nichts zu ändern. Daher kommt
1893 2787 2694 2839 es dann, daß viele, mit feinem Gefühl für diesen
1895 2828 2688 2886 unausbleiblichen Konflikt, die Festfreuden fliehen
1897 2874 2691 2938 und in die Einsamkeit gehen, wo sie ohne Störung
1900 2920 2688 2967 nachdenklich, traurig, langweilig, alltäglich sein
1901 2961 2693 3023 können. Eine schlechte Laune ist noch nicht das
1899 3005 2688 3073 Argste; ärger ist eine gestörte Laune. Die schlechte
1899 3055 2692 3123 Laune, wenn sie von innen gerade gefordert
1892 3091 2362 3154 wird, ist durchaus erträglich.
1967 3135 2684 3208 Nicht alle freilich verfallen auf das probate
1899 3182 2680 3237 Mittel der Isolierung. Diele versuchen es doch
1890 3227 2686 3278 mit innerem Zwang und fügen sich auf diese
1896 3275 2671 3320 Weise noch das Unbehagen vergeblicher An
1908 3307 2676 3371 trengung zu. Diese seufzen dann befreit auf,
1897 3365 2689 3411 wenn die Feiertage vorüber sind. Was hilft ein
1890 3408 2690 3475 Kalenderfeiertag, wenn die Seele keinen Feiertag
