<?xml version="1.0" encoding="UTF-8" standalone="yes"?>
<PcGts xmlns="http://schema.primaresearch.org/PAGE/gts/pagecontent/2013-07-15" xmlns:xsi="http://www.w3.org/2001/XMLSchema-instance" xsi:schemaLocation="http://schema.primaresearch.org/PAGE/gts/pagecontent/2013-07-15 http://schema.primaresearch.org/PAGE/gts/pagecontent/2013-07-15/pagecontent.xsd">
    <Metadata>
        <Creator>prov=University of Rostock/Institute of Mathematics/CITlab/Gundram Leifert/gundram.leifert@uni-rostock.de:name=ONB_Newseye_GT_M1+(htr_id=10810)::::v=2.4.2
prov=University of Rostock/Institute of Mathematics/CITlab/Tobias Gruening/tobias.gruening@uni-rostock.de:name=de.uros.citlab.module.baseline2polygon.B2PSeamMultiOriented:v=2.4.2
prov=University of Rostock/Institute of Mathematics/CITlab/Tobias Gruening/tobias.gruening@uni-rostock.de:name=/net_tf/LA73_249_0mod360.pb:de.uros.citlab.segmentation.CITlab_LA_ML:v=2.4.2
Transkribus</Creator>
        <Created>2019-10-07T10:27:44.775+02:00</Created>
        <LastChange>2019-10-07T18:35:29.978+02:00</LastChange>
        <TranskribusMetadata docId="223898" pageId="9492921" pageNr="286" tsid="16397329" status="IN_PROGRESS" userId="40391" imgUrl="https://files.transkribus.eu/Get?id=REMIMSIGJICPWVVCGPKVTRLQ&amp;fileType=view" xmlUrl="https://files.transkribus.eu/Get?id=ALQFTTIPFGDAGQJUZNNVXIAD" imageId="6183209"/>
    </Metadata>
    <Page imageFilename="223898_0286.jpeg" imageWidth="3248" imageHeight="4096">
        <ReadingOrder>
            <OrderedGroup id="ro_1711445228063" caption="Regions reading order">
                <RegionRefIndexed index="0" regionRef="r1"/>
            </OrderedGroup>
        </ReadingOrder>
        <TextRegion orientation="0.0" id="r1" custom="readingOrder {index:0;}">
            <Coords points="190,155 190,4090 2380,4090 2380,155"/>
            <TextLine id="r1l1" custom="readingOrder {index:0;}">
                <Coords points="1348,187 1387,194 1403,179 1427,193 1508,174 1550,196 1576,186 1606,198 1632,179 1677,191 1703,180 1704,110 1588,98 1479,138 1446,125 1402,139 1380,118 1349,124"/>
                <Baseline points="1356,175 1382,176 1408,176 1434,177 1460,178 1486,179 1512,180 1539,181 1565,181 1591,181 1617,181 1643,180 1669,178 1696,176"/>
                <TextEquiv>
                    <Unicode>box 3/3</Unicode>
                </TextEquiv>
            </TextLine>
            <TextLine id="r1l2" custom="readingOrder {index:1;}">
                <Coords points="715,183 1184,180 1183,135 1109,118 1045,146 951,123 906,154 806,145 773,124 715,154"/>
                <Baseline points="723,181 748,181 773,181 798,181 823,181 848,180 873,180 898,180 923,179 949,179 974,179 999,178 1024,178 1049,178 1074,178 1099,178 1124,178 1149,178 1175,179"/>
                <TextEquiv>
                    <Unicode>ins Freie</Unicode>
                </TextEquiv>
            </TextLine>
            <TextLine id="r1l3" custom="readingOrder {index:2;}">
                <Coords points="355,187 485,194 539,166 572,192 661,189 660,128 613,123 592,133 563,122 541,137 518,131 460,148 355,124"/>
                <Baseline points="363,185 389,184 415,182 442,181 468,181 494,181 521,181 547,181 573,181 600,181 626,181 653,181"/>
                <TextEquiv>
                    <Unicode>Der We</Unicode>
                </TextEquiv>
            </TextLine>
            <TextLine id="r1l4" custom="readingOrder {index:3;}">
                <Coords points="181,202 1034,227 1172,219 1173,185 391,189 280,131 181,139"/>
                <Baseline points="190,182 238,188 287,193 336,197 385,201 433,203 482,204 531,206 580,206 628,206 677,206 726,205 775,204 823,203 872,202 921,201 970,201 1018,200 1067,200 1116,200 1165,201"/>
                <TextEquiv>
                    <Unicode>23  nnenene e te eeee</Unicode>
                </TextEquiv>
            </TextLine>
            <TextLine id="r1l5" custom="readingOrder {index:4;}">
                <Coords points="1770,539 1850,538 1886,553 1949,533 2106,538 2105,473 2084,481 1929,467 1917,480 1876,482 1850,466 1770,466"/>
                <Baseline points="1778,523 1804,527 1831,530 1857,531 1884,532 1910,532 1937,531 1964,530 1990,530 2017,528 2043,528 2070,527 2097,528"/>
                <TextEquiv>
                    <Unicode>2 2 AU6 1900</Unicode>
                </TextEquiv>
            </TextLine>
            <TextLine id="r1l6" custom="readingOrder {index:5;}">
                <Coords points="1052,611 1111,605 1129,612 1170,612 1176,605 1216,601 1231,614 1241,613 1238,555 1211,568 1150,541 1144,547 1117,545 1099,557 1076,545 1065,552 1049,549"/>
                <Baseline points="1060,602 1088,601 1117,600 1146,598 1174,596 1203,595 1232,596"/>
                <TextEquiv>
                    <Unicode>Datum:</Unicode>
                </TextEquiv>
            </TextLine>
            <TextLine id="r1l7" custom="readingOrder {index:6;}">
                <Coords points="1480,852 1635,832 1674,852 1743,827 1817,852 1896,831 2011,851 2010,754 1984,767 1927,736 1884,751 1845,722 1709,706 1587,753 1533,704 1478,714"/>
                <Baseline points="1488,838 1513,835 1539,833 1565,831 1591,829 1616,827 1642,826 1668,825 1694,824 1719,824 1745,824 1771,824 1797,824 1822,824 1848,825 1874,825 1900,826 1925,826 1951,827 1977,827 2003,828"/>
                <TextEquiv>
                    <Unicode>Feuilleton.</Unicode>
                </TextEquiv>
            </TextLine>
            <TextLine id="r1l8" custom="readingOrder {index:7;}">
                <Coords points="1372,936 1870,960 2336,933 2336,889 2189,907 2105,875 1960,901 1807,872 1372,884"/>
                <Baseline points="1379,931 1426,930 1473,930 1521,929 1568,930 1616,930 1663,930 1710,931 1758,931 1805,932 1853,933 1900,934 1947,935 1995,935 2042,936 2090,936 2137,937 2184,937 2232,937 2279,937 2327,936"/>
                <TextEquiv>
                    <Unicode>Der Charakter des Menschen sitzt nicht im Ver¬</Unicode>
                </TextEquiv>
            </TextLine>
            <TextLine id="r1l9" custom="readingOrder {index:8;}">
                <Coords points="1306,1000 1404,987 1478,1002 1591,991 1632,1010 1732,990 1758,1007 1805,990 1839,1000 1838,940 1617,937 1574,957 1530,936 1480,955 1306,937"/>
                <Baseline points="1314,986 1339,987 1365,987 1391,987 1417,987 1443,987 1469,987 1494,986 1520,986 1546,986 1572,986 1598,986 1624,986 1650,986 1675,986 1701,986 1727,986 1753,986 1779,987 1805,987 1831,988"/>
                <TextEquiv>
                    <Unicode>stande, sondern im Herzen.</Unicode>
                </TextEquiv>
            </TextLine>
            <TextLine id="r1l10" custom="readingOrder {index:9;}">
                <Coords points="2072,1005 2106,1011 2119,1003 2138,1008 2160,997 2169,1007 2203,1012 2232,996 2273,1005 2273,964 2237,956 2229,962 2191,944 2166,942 2142,965 2123,965 2100,947 2073,943"/>
                <Baseline points="2080,993 2106,993 2132,993 2158,993 2185,993 2211,993 2237,994 2264,995"/>
                <TextEquiv>
                    <Unicode>Jacobi.</Unicode>
                </TextEquiv>
            </TextLine>
            <TextLine id="r1l11" custom="readingOrder {index:10;}">
                <Coords points="1692,1050 1702,1052 1715,1047 1720,1052 1725,1050 1734,1052 1741,1048 1747,1053 1757,1053 1758,998 1748,1000 1739,991 1732,991 1726,997 1722,995 1719,998 1708,993 1705,996 1695,996"/>
                <Baseline points="1701,1036 1749,1038"/>
                <TextEquiv>
                    <Unicode>N</Unicode>
                </TextEquiv>
            </TextLine>
            <TextLine id="r1l12" custom="readingOrder {index:11;}">
                <Coords points="1615,1126 1651,1116 1676,1133 1704,1134 1728,1121 1747,1130 1774,1118 1804,1129 1817,1118 1844,1131 1846,1073 1809,1069 1770,1079 1741,1062 1718,1076 1679,1050 1638,1056 1617,1047"/>
                <Baseline points="1623,1106 1649,1107 1676,1108 1702,1109 1729,1110 1756,1110 1782,1111 1809,1112 1836,1113"/>
                <TextEquiv>
                    <Unicode>Bücher.</Unicode>
                </TextEquiv>
            </TextLine>
            <TextLine id="r1l13" custom="readingOrder {index:12;}">
                <Coords points="1534,1175 1582,1181 1626,1165 1760,1185 1799,1171 1904,1180 1914,1117 1851,1139 1817,1118 1752,1138 1728,1127 1678,1135 1651,1115 1633,1126 1534,1117"/>
                <Baseline points="1542,1166 1568,1165 1594,1165 1620,1165 1646,1165 1672,1165 1698,1165 1724,1165 1750,1166 1776,1166 1802,1166 1828,1167 1854,1167 1880,1167 1906,1168"/>
                <TextEquiv>
                    <Unicode>Von Herman Bang.</Unicode>
                </TextEquiv>
            </TextLine>
            <TextLine id="r1l14" custom="readingOrder {index:13;}">
                <Coords points="1579,1212 2325,1219 2389,1199 2319,1166 2077,1171 2032,1146 1901,1182 1580,1178"/>
                <Baseline points="1587,1203 1626,1203 1666,1203 1705,1203 1745,1203 1785,1203 1824,1204 1864,1204 1904,1204 1943,1205 1983,1205 2023,1206 2062,1206 2102,1207 2142,1207 2181,1207 2221,1207 2261,1207 2300,1207 2340,1207 2380,1206"/>
                <TextEquiv>
                    <Unicode>Herman Bang, der berühmte dänksche Ro¬</Unicode>
                </TextEquiv>
            </TextLine>
            <TextLine id="r1l15" custom="readingOrder {index:14;}">
                <Coords points="1486,1239 2316,1260 2379,1258 2380,1221 1582,1211 1487,1184"/>
                <Baseline points="1494,1235 1537,1235 1581,1235 1625,1236 1669,1236 1713,1236 1757,1236 1801,1237 1845,1237 1889,1237 1933,1238 1976,1238 2020,1239 2064,1240 2108,1240 2152,1241 2196,1241 2240,1242 2284,1242 2328,1243 2372,1243"/>
                <TextEquiv>
                    <Unicode>mancier, zeigt in seinem dem „Leipziger Tageblatt“ zur,</Unicode>
                </TextEquiv>
            </TextLine>
            <TextLine id="r1l16" custom="readingOrder {index:15;}">
                <Coords points="1480,1274 2099,1284 2137,1272 2138,1249 1480,1240"/>
                <Baseline points="1489,1266 1521,1267 1553,1267 1585,1268 1617,1268 1649,1269 1681,1269 1713,1269 1745,1270 1777,1270 1809,1270 1841,1270 1873,1271 1905,1271 1937,1271 1969,1272 2001,1272 2033,1272 2065,1273 2097,1274 2129,1274"/>
                <TextEquiv>
                    <Unicode>Verfügung gestellten Aufsatz „Bücher",</Unicode>
                </TextEquiv>
            </TextLine>
            <TextLine id="r1l17" custom="readingOrder {index:16;}">
                <Coords points="2140,1281 2172,1275 2219,1283 2230,1274 2271,1287 2306,1275 2314,1283 2389,1277 2389,1235 2376,1235 2358,1253 2329,1249 2316,1260 2271,1244 2192,1251 2140,1244"/>
                <Baseline points="2148,1271 2173,1273 2199,1274 2225,1275 2251,1275 2276,1275 2302,1275 2328,1275 2354,1275 2380,1276"/>
                <TextEquiv>
                    <Unicode>wie sich die</Unicode>
                </TextEquiv>
            </TextLine>
            <TextLine id="r1l18" custom="readingOrder {index:17;}">
                <Coords points="1475,1307 2378,1322 2379,1280 1476,1278"/>
                <Baseline points="1483,1300 1527,1300 1571,1301 1616,1301 1660,1301 1704,1301 1749,1302 1793,1302 1837,1303 1882,1303 1926,1303 1970,1304 2015,1304 2059,1305 2103,1305 2148,1306 2192,1306 2236,1307 2281,1307 2325,1307 2370,1308"/>
                <TextEquiv>
                    <Unicode>Literatur unserer Zeit und vor allem der Deutschen im</Unicode>
                </TextEquiv>
            </TextLine>
            <TextLine id="r1l19" custom="readingOrder {index:18;}">
                <Coords points="1483,1340 2378,1347 2378,1308 1483,1304"/>
                <Baseline points="1491,1334 1537,1334 1583,1334 1629,1334 1676,1334 1722,1335 1768,1335 1814,1336 1861,1336 1907,1337 1953,1337 1999,1338 2046,1338 2092,1339 2138,1339 2184,1340 2231,1340 2277,1340 2323,1341 2370,1341"/>
                <TextEquiv>
                    <Unicode>Urteil eines nichtdeutschen Dichters spiegeln kann. Man</Unicode>
                </TextEquiv>
            </TextLine>
            <TextLine id="r1l20" custom="readingOrder {index:19;}">
                <Coords points="1479,1378 2360,1387 2377,1346 1479,1341"/>
                <Baseline points="1487,1366 1531,1366 1575,1367 1619,1367 1663,1367 1707,1367 1751,1368 1795,1368 1839,1369 1883,1369 1927,1369 1971,1370 2015,1370 2059,1371 2103,1371 2147,1372 2191,1372 2235,1373 2279,1374 2323,1374 2368,1375"/>
                <TextEquiv>
                    <Unicode>wird ihm nicht überall beistimmen, aber seine Meinung</Unicode>
                </TextEquiv>
            </TextLine>
            <TextLine id="r1l21" custom="readingOrder {index:20;}">
                <Coords points="1483,1405 2197,1407 2269,1432 2371,1417 2372,1383 1483,1376"/>
                <Baseline points="1491,1400 1534,1400 1578,1400 1621,1400 1665,1400 1709,1400 1752,1401 1796,1401 1840,1401 1883,1402 1927,1402 1971,1403 2014,1403 2058,1404 2102,1404 2145,1405 2189,1405 2233,1406 2276,1406 2320,1406 2364,1407"/>
                <TextEquiv>
                    <Unicode>auch dort, wo Widerspruch rege wird, als die eines inter¬</Unicode>
                </TextEquiv>
            </TextLine>
            <TextLine id="r1l22" custom="readingOrder {index:21;}">
                <Coords points="1477,1440 1777,1439 1872,1466 2110,1442 2147,1460 2202,1442 2203,1404 1477,1408"/>
                <Baseline points="1485,1434 1520,1434 1555,1433 1591,1433 1626,1433 1662,1433 1697,1434 1733,1434 1768,1434 1804,1435 1839,1436 1874,1436 1910,1437 1945,1437 1981,1438 2016,1438 2052,1439 2087,1439 2123,1439 2158,1439 2194,1439"/>
                <TextEquiv>
                    <Unicode>essanten Betrachters hören wollen. Die Red.</Unicode>
                </TextEquiv>
            </TextLine>
            <TextLine id="r1l23" custom="readingOrder {index:22;}">
                <Coords points="1147,1489 1766,1493 1766,1457 1727,1441 1583,1457 1436,1437 1301,1457 1147,1433"/>
                <Baseline points="1155,1484 1185,1484 1215,1484 1245,1484 1275,1484 1305,1484 1335,1485 1366,1485 1396,1485 1426,1485 1456,1485 1486,1485 1516,1486 1546,1486 1577,1486 1607,1486 1637,1486 1667,1485 1697,1485 1727,1485 1758,1485"/>
                <TextEquiv>
                    <Unicode>Ein junger Däne sagte zu mir:</Unicode>
                </TextEquiv>
            </TextLine>
            <TextLine id="r1l24" custom="readingOrder {index:23;}">
                <Coords points="1153,1532 2369,1537 2316,1470 1153,1497"/>
                <Baseline points="1162,1524 1225,1524 1288,1524 1351,1524 1414,1524 1477,1524 1540,1524 1603,1524 1666,1524 1729,1524 1793,1525 1856,1525 1919,1525 1982,1526 2045,1527 2108,1527 2171,1528 2234,1529 2297,1530 2361,1531"/>
                <TextEquiv>
                    <Unicode>„Herr Bang, Sie müssen gleich Gustav Wieds „Die Väter essen</Unicode>
                </TextEquiv>
            </TextLine>
            <TextLine id="r1l25" custom="readingOrder {index:24;}">
                <Coords points="1079,1564 2366,1581 2366,1535 2271,1526 1079,1512"/>
                <Baseline points="1087,1560 1150,1560 1214,1561 1277,1561 1341,1561 1404,1561 1468,1562 1531,1562 1595,1562 1658,1563 1722,1563 1785,1563 1849,1564 1912,1564 1976,1565 2039,1565 2103,1566 2166,1566 2230,1567 2293,1568 2357,1568"/>
                <TextEquiv>
                    <Unicode>Trauben“ lesen. Es ist merkwürdig. Wieds übrige Bücher habe ich</Unicode>
                </TextEquiv>
            </TextLine>
            <TextLine id="r1l26" custom="readingOrder {index:25;}">
                <Coords points="1080,1615 2364,1608 2314,1564 1080,1567"/>
                <Baseline points="1087,1600 1150,1600 1213,1600 1277,1600 1340,1601 1404,1601 1467,1601 1531,1601 1594,1602 1658,1602 1721,1602 1784,1603 1848,1603 1911,1603 1975,1604 2038,1604 2102,1604 2165,1604 2229,1605 2292,1605 2356,1605"/>
                <TextEquiv>
                    <Unicode>gelesen und darüber gelacht. Und bei den „Vätern“ habe ich auch gleich¬</Unicode>
                </TextEquiv>
            </TextLine>
            <TextLine id="r1l27" custom="readingOrder {index:26;}">
                <Coords points="1082,1650 2358,1658 2358,1609 1082,1609"/>
                <Baseline points="1090,1638 1153,1639 1216,1639 1279,1639 1342,1640 1405,1640 1468,1640 1531,1641 1594,1641 1657,1641 1720,1642 1783,1642 1846,1642 1909,1642 1972,1643 2035,1643 2098,1643 2161,1644 2224,1644 2287,1645 2350,1645"/>
                <TextEquiv>
                    <Unicode>sam eine Art Andacht gefühlt . . . Dieses Buch ist ganz gewiß ein Werk.“</Unicode>
                </TextEquiv>
            </TextLine>
            <TextLine id="r1l28" custom="readingOrder {index:27;}">
                <Coords points="1152,1704 2373,1684 2320,1646 1152,1641"/>
                <Baseline points="1161,1678 1221,1678 1281,1678 1341,1678 1401,1678 1462,1679 1522,1679 1582,1679 1642,1680 1702,1680 1763,1680 1823,1681 1883,1681 1943,1681 2003,1682 2064,1682 2124,1682 2184,1682 2244,1682 2304,1682 2365,1682"/>
                <TextEquiv>
                    <Unicode>Wenn es sich um Bücher handelt, macht mir nichts so starken Ein¬</Unicode>
                </TextEquiv>
            </TextLine>
            <TextLine id="r1l29" custom="readingOrder {index:28;}">
                <Coords points="1073,1718 2372,1725 2314,1685 1074,1680"/>
                <Baseline points="1082,1715 1146,1715 1210,1716 1274,1716 1338,1716 1402,1717 1466,1717 1530,1717 1594,1718 1658,1718 1722,1719 1786,1719 1850,1720 1914,1720 1978,1720 2042,1721 2106,1721 2170,1721 2234,1722 2298,1722 2363,1722"/>
                <TextEquiv>
                    <Unicode>druck wie die einfachen Worte eines klugen Menschen außerhalb des</Unicode>
                </TextEquiv>
            </TextLine>
            <TextLine id="r1l30" custom="readingOrder {index:29;}">
                <Coords points="1080,1759 2369,1779 2369,1724 1081,1719"/>
                <Baseline points="1088,1754 1151,1754 1215,1754 1278,1755 1342,1755 1406,1756 1469,1756 1533,1757 1597,1757 1660,1758 1724,1758 1788,1759 1851,1759 1915,1760 1979,1760 2042,1760 2106,1761 2170,1761 2233,1761 2297,1761 2361,1760"/>
                <TextEquiv>
                    <Unicode>Fachs — Worte, die selbst, wenn sie tasten, einem unmittelbaren Gefühl</Unicode>
                </TextEquiv>
            </TextLine>
            <TextLine id="r1l31" custom="readingOrder {index:30;}">
                <Coords points="1078,1814 1169,1796 1193,1806 1209,1796 1230,1807 1253,1796 1267,1808 1280,1798 1316,1808 1364,1798 1364,1766 1352,1761 1327,1767 1306,1756 1258,1775 1232,1757 1208,1769 1182,1759 1079,1762"/>
                <Baseline points="1087,1794 1113,1793 1140,1793 1167,1793 1194,1794 1221,1794 1248,1794 1275,1794 1302,1794 1329,1794 1356,1793"/>
                <TextEquiv>
                    <Unicode>Ausdruck geben.</Unicode>
                </TextEquiv>
            </TextLine>
            <TextLine id="r1l32" custom="readingOrder {index:31;}">
                <Coords points="1143,1833 2372,1848 2330,1783 1143,1797"/>
                <Baseline points="1151,1832 1211,1832 1272,1833 1332,1833 1393,1833 1454,1834 1514,1834 1575,1834 1636,1835 1696,1835 1757,1835 1818,1836 1878,1836 1939,1836 2000,1837 2060,1837 2121,1837 2182,1838 2242,1838 2303,1838 2364,1839"/>
                <TextEquiv>
                    <Unicode>Und ich nahm also die „Trauben“ mit nach Posen und las sie dort</Unicode>
                </TextEquiv>
            </TextLine>
            <TextLine id="r1l33" custom="readingOrder {index:32;}">
                <Coords points="1067,1873 2374,1886 2343,1842 1068,1832"/>
                <Baseline points="1075,1870 1139,1870 1204,1871 1268,1871 1333,1872 1397,1872 1462,1873 1526,1873 1591,1873 1655,1874 1720,1874 1784,1874 1849,1874 1913,1875 1978,1875 2042,1875 2107,1876 2171,1876 2236,1876 2300,1877 2365,1877"/>
                <TextEquiv>
                    <Unicode>weit draußen in Ostpreußen auf dem Wege nach Königsberg, der, wie</Unicode>
                </TextEquiv>
            </TextLine>
            <TextLine id="r1l34" custom="readingOrder {index:33;}">
                <Coords points="1076,1930 1090,1928 1093,1932 1097,1932 1101,1927 1110,1925 1129,1907 1135,1904 1137,1906 1148,1904 1148,1881 1132,1883 1122,1878 1118,1883 1105,1872 1101,1872 1093,1880 1085,1875 1076,1875"/>
                <Baseline points="1084,1910 1112,1908 1140,1910"/>
                <TextEquiv>
                    <Unicode>die</Unicode>
                </TextEquiv>
            </TextLine>
            <TextLine id="r1l35" custom="readingOrder {index:34;}">
                <Coords points="1143,1915 2214,1922 2214,1883 2177,1878 1144,1873"/>
                <Baseline points="1151,1909 1203,1910 1256,1911 1309,1911 1362,1912 1414,1912 1467,1912 1520,1912 1573,1913 1625,1913 1678,1913 1731,1913 1784,1913 1836,1913 1889,1913 1942,1914 1995,1914 2047,1914 2100,1914 2153,1915 2206,1915"/>
                <TextEquiv>
                    <Unicode>Leute yier sagen, der Weg zum Ende der Zivilisation' ist.</Unicode>
                </TextEquiv>
            </TextLine>
            <TextLine id="r1l36" custom="readingOrder {index:35;}">
                <Coords points="1147,1953 2361,1963 2361,1911 2316,1905 1147,1914"/>
                <Baseline points="1155,1949 1214,1949 1274,1949 1334,1949 1394,1949 1454,1949 1514,1950 1574,1950 1634,1950 1694,1951 1754,1951 1813,1952 1873,1952 1933,1952 1993,1953 2053,1953 2113,1954 2173,1954 2233,1954 2293,1955 2353,1955"/>
                <TextEquiv>
                    <Unicode>Ach, es ist ja natürlich im allgemeinen mein großer Fehler, daß ich</Unicode>
                </TextEquiv>
            </TextLine>
            <TextLine id="r1l37" custom="readingOrder {index:36;}">
                <Coords points="1072,2000 2372,1997 2311,1954 1072,1951"/>
                <Baseline points="1081,1988 1145,1988 1209,1987 1273,1987 1337,1987 1402,1987 1466,1988 1530,1988 1594,1988 1658,1988 1723,1989 1787,1989 1851,1990 1915,1990 1979,1991 2044,1991 2108,1991 2172,1992 2236,1992 2300,1993 2365,1993"/>
                <TextEquiv>
                    <Unicode>allzu wenig dänische Bücher lese. Aber mein Verbrechen ist vielleicht</Unicode>
                </TextEquiv>
            </TextLine>
            <TextLine id="r1l38" custom="readingOrder {index:37;}">
                <Coords points="1077,2028 2374,2039 2350,1995 1077,1991"/>
                <Baseline points="1085,2026 1149,2026 1213,2026 1277,2026 1341,2026 1405,2026 1469,2026 1533,2027 1597,2027 1661,2027 1725,2028 1789,2028 1853,2029 1917,2029 1981,2030 2045,2030 2109,2031 2173,2031 2237,2032 2301,2032 2366,2033"/>
                <TextEquiv>
                    <Unicode>nicht unverzeihlich. Man leht in einem fremden Lande, und man muß</Unicode>
                </TextEquiv>
            </TextLine>
            <TextLine id="r1l39" custom="readingOrder {index:38;}">
                <Coords points="1070,2068 2374,2074 2374,2038 2272,2031 1071,2030"/>
                <Baseline points="1078,2065 1142,2065 1206,2065 1271,2066 1335,2066 1399,2066 1464,2066 1528,2067 1592,2067 1657,2067 1721,2067 1785,2068 1850,2068 1914,2068 1978,2069 2043,2069 2107,2069 2171,2069 2236,2069 2300,2070 2365,2070"/>
                <TextEquiv>
                    <Unicode>in seinen vier Wänden leben. Da sucht man wenigstens durch die</Unicode>
                </TextEquiv>
            </TextLine>
            <TextLine id="r1l40" custom="readingOrder {index:39;}">
                <Coords points="1073,2112 2374,2118 2374,2074 2295,2069 1073,2069"/>
                <Baseline points="1081,2104 1145,2104 1209,2104 1273,2105 1338,2105 1402,2105 1466,2105 1530,2105 1595,2105 1659,2106 1723,2106 1787,2106 1852,2106 1916,2106 1980,2106 2044,2107 2109,2107 2173,2107 2237,2107 2301,2108 2366,2108"/>
                <TextEquiv>
                    <Unicode>Bücher jenes fremde Land kennen zu lernen, in das einen eine freiwillige</Unicode>
                </TextEquiv>
            </TextLine>
            <TextLine id="r1l41" custom="readingOrder {index:40;}">
                <Coords points="1073,2145 1088,2145 1092,2150 1112,2146 1130,2147 1134,2150 1146,2149 1147,2107 1133,2110 1100,2108 1092,2115 1074,2111"/>
                <Baseline points="1082,2141 1110,2141 1138,2143"/>
                <TextEquiv>
                    <Unicode>und</Unicode>
                </TextEquiv>
            </TextLine>
            <TextLine id="r1l42" custom="readingOrder {index:41;}">
                <Coords points="1177,2153 2374,2157 2374,2122 2290,2110 1177,2111"/>
                <Baseline points="1185,2142 1244,2143 1303,2143 1362,2144 1421,2144 1480,2144 1539,2144 1598,2144 1657,2145 1716,2145 1775,2145 1834,2145 1893,2145 1952,2146 2011,2146 2070,2146 2129,2147 2188,2147 2247,2148 2306,2148 2366,2149"/>
                <TextEquiv>
                    <Unicode>ausschließlich selbst gewollte Landesflucht geführt hat. Man</Unicode>
                </TextEquiv>
            </TextLine>
            <TextLine id="r1l43" custom="readingOrder {index:42;}">
                <Coords points="1068,2192 1082,2192 1087,2187 1093,2193 1105,2196 1121,2188 1126,2192 1135,2192 1142,2187 1145,2190 1158,2187 1158,2143 1143,2141 1135,2150 1127,2150 1124,2146 1093,2151 1087,2145 1068,2148"/>
                <Baseline points="1076,2180 1113,2180 1150,2180"/>
                <TextEquiv>
                    <Unicode>kehrt</Unicode>
                </TextEquiv>
            </TextLine>
            <TextLine id="r1l44" custom="readingOrder {index:43;}">
                <Coords points="1176,2194 2371,2205 2371,2158 2300,2149 1176,2154"/>
                <Baseline points="1184,2183 1243,2182 1302,2182 1361,2182 1420,2182 1479,2182 1538,2182 1597,2183 1656,2183 1715,2183 1774,2184 1833,2184 1892,2184 1951,2185 2010,2185 2069,2185 2128,2185 2187,2185 2246,2185 2305,2185 2364,2185"/>
                <TextEquiv>
                    <Unicode>zu Goethe zuruck und zu Hermann Grimm lder ein freier Geist</Unicode>
                </TextEquiv>
            </TextLine>
            <TextLine id="r1l45" custom="readingOrder {index:44;}">
                <Coords points="1067,2228 1078,2228 1082,2225 1086,2229 1090,2225 1108,2224 1115,2229 1125,2225 1133,2228 1138,2224 1148,2224 1149,2188 1139,2188 1136,2191 1125,2191 1122,2188 1105,2197 1100,2193 1092,2193 1084,2186 1079,2191 1068,2189"/>
                <Baseline points="1076,2217 1108,2220 1140,2219"/>
                <TextEquiv>
                    <Unicode>war</Unicode>
                </TextEquiv>
            </TextLine>
            <TextLine id="r1l46" custom="readingOrder {index:45;}">
                <Coords points="1173,2225 2327,2255 2373,2204 1173,2193"/>
                <Baseline points="1180,2219 1239,2220 1298,2220 1357,2220 1416,2221 1476,2221 1535,2222 1594,2222 1653,2223 1712,2223 1772,2223 1831,2224 1890,2224 1949,2225 2008,2225 2068,2225 2127,2226 2186,2226 2245,2226 2304,2226 2364,2227"/>
                <TextEquiv>
                    <Unicode>und einer der lebendigsten Prosakünstler, die je gelebt haben),</Unicode>
                </TextEquiv>
            </TextLine>
            <TextLine id="r1l47" custom="readingOrder {index:46;}">
                <Coords points="1173,2267 1225,2270 1260,2257 1299,2273 1314,2260 1373,2272 1394,2262 1514,2271 1543,2262 1543,2229 1236,2222 1173,2235"/>
                <Baseline points="1181,2259 1206,2259 1231,2259 1256,2259 1281,2259 1307,2259 1332,2259 1357,2259 1382,2259 1407,2259 1433,2259 1458,2259 1483,2259 1508,2258 1534,2258"/>
                <TextEquiv>
                    <Unicode>ucht die Neuen auf.</Unicode>
                </TextEquiv>
            </TextLine>
            <TextLine id="r1l48" custom="readingOrder {index:47;}">
                <Coords points="1072,2277 1082,2277 1090,2271 1100,2272 1103,2269 1111,2269 1122,2279 1134,2274 1151,2274 1151,2230 1142,2230 1131,2224 1124,2225 1116,2232 1101,2224 1092,2230 1072,2232"/>
                <Baseline points="1081,2260 1112,2258 1143,2260"/>
                <TextEquiv>
                    <Unicode>man</Unicode>
                </TextEquiv>
            </TextLine>
            <TextLine id="r1l49" custom="readingOrder {index:48;}">
                <Coords points="1141,2304 2370,2304 2332,2252 1141,2254"/>
                <Baseline points="1149,2297 1209,2297 1270,2298 1330,2298 1391,2298 1452,2298 1512,2299 1573,2299 1634,2299 1694,2300 1755,2300 1816,2300 1876,2301 1937,2301 1998,2301 2058,2302 2119,2302 2180,2302 2240,2303 2301,2303 2362,2303"/>
                <TextEquiv>
                    <Unicode>Es gibt jetzt in der deutschen Literatur viel zu erfahren. Sie hat</Unicode>
                </TextEquiv>
            </TextLine>
            <TextLine id="r1l50" custom="readingOrder {index:49;}">
                <Coords points="1061,2344 2366,2358 2366,2308 2297,2303 1062,2298"/>
                <Baseline points="1069,2337 1133,2337 1197,2337 1262,2337 1326,2337 1391,2337 1455,2337 1520,2337 1584,2337 1649,2338 1713,2338 1777,2339 1842,2339 1906,2340 1971,2340 2035,2340 2100,2341 2164,2341 2229,2342 2293,2342 2358,2342"/>
                <TextEquiv>
                    <Unicode>keinen einzigen Großmeister. Aber sie ist mannigfaltig wie das Land</Unicode>
                </TextEquiv>
            </TextLine>
            <TextLine id="r1l51" custom="readingOrder {index:50;}">
                <Coords points="1078,2386 2361,2395 2362,2356 1078,2339"/>
                <Baseline points="1086,2375 1149,2375 1212,2375 1276,2376 1339,2376 1403,2376 1466,2376 1529,2377 1593,2377 1656,2377 1720,2377 1783,2377 1846,2377 1910,2378 1973,2378 2037,2379 2100,2379 2163,2380 2227,2381 2290,2382 2354,2383"/>
                <TextEquiv>
                    <Unicode>selbst für den, der es kennt, mannigfaltig ist. Es führt ein langer Weg</Unicode>
                </TextEquiv>
            </TextLine>
            <TextLine id="r1l52" custom="readingOrder {index:51;}">
                <Coords points="1067,2425 2354,2426 2324,2382 1067,2384"/>
                <Baseline points="1075,2412 1138,2413 1202,2413 1265,2414 1329,2414 1392,2414 1456,2414 1519,2415 1583,2415 1646,2415 1710,2415 1774,2416 1837,2416 1901,2416 1964,2417 2028,2417 2091,2417 2155,2418 2218,2418 2282,2419 2346,2419"/>
                <TextEquiv>
                    <Unicode>mit weiten Ausblicken und wechselnden Menschengesichtern am Weges¬</Unicode>
                </TextEquiv>
            </TextLine>
            <TextLine id="r1l53" custom="readingOrder {index:52;}">
                <Coords points="1073,2456 1104,2458 1110,2455 1115,2459 1123,2454 1134,2463 1152,2460 1154,2410 1133,2414 1113,2428 1106,2428 1103,2424 1093,2427 1089,2422 1074,2424"/>
                <Baseline points="1081,2450 1113,2452 1145,2452"/>
                <TextEquiv>
                    <Unicode>rand</Unicode>
                </TextEquiv>
            </TextLine>
            <TextLine id="r1l54" custom="readingOrder {index:53;}">
                <Coords points="1210,2455 2371,2465 2349,2420 1210,2423"/>
                <Baseline points="1218,2454 1275,2453 1332,2453 1389,2453 1447,2453 1504,2453 1561,2453 1618,2454 1676,2454 1733,2455 1790,2455 1847,2456 1905,2456 1962,2457 2019,2457 2076,2457 2134,2458 2191,2458 2248,2458 2305,2458 2363,2458"/>
                <TextEquiv>
                    <Unicode>von Keyserling bis zu Hermann Hesse. Aber diese zwei</Unicode>
                </TextEquiv>
            </TextLine>
            <TextLine id="r1l55" custom="readingOrder {index:54;}">
                <Coords points="1070,2500 2368,2518 2369,2468 1070,2455"/>
                <Baseline points="1078,2491 1142,2491 1206,2491 1270,2491 1334,2492 1398,2492 1462,2492 1526,2493 1590,2493 1654,2493 1719,2494 1783,2494 1847,2495 1911,2495 1975,2496 2039,2496 2103,2497 2167,2497 2231,2497 2295,2498 2360,2498"/>
                <TextEquiv>
                    <Unicode>äußersten Pole der modernen deutschen Romankunst sind alle beide wert,</Unicode>
                </TextEquiv>
            </TextLine>
            <TextLine id="r1l56" custom="readingOrder {index:55;}">
                <Coords points="1058,2538 1128,2546 1186,2532 1247,2547 1272,2522 1286,2537 1349,2543 1383,2531 1427,2536 1427,2510 1346,2493 1278,2505 1194,2494 1058,2504"/>
                <Baseline points="1067,2532 1092,2532 1117,2531 1142,2531 1167,2531 1192,2530 1217,2530 1243,2530 1268,2530 1293,2530 1318,2530 1343,2530 1368,2530 1393,2530 1419,2530"/>
                <TextEquiv>
                    <Unicode>gekannt zu werden.</Unicode>
                </TextEquiv>
            </TextLine>
            <TextLine id="r1l57" custom="readingOrder {index:56;}">
                <Coords points="1147,2577 2366,2578 2284,2516 2075,2549 1147,2533"/>
                <Baseline points="1155,2568 1215,2568 1275,2568 1335,2569 1395,2569 1455,2569 1515,2569 1576,2570 1636,2570 1696,2570 1756,2571 1816,2571 1876,2572 1936,2572 1997,2573 2057,2573 2117,2573 2177,2574 2237,2574 2297,2575 2358,2575"/>
                <TextEquiv>
                    <Unicode>Graf Keyserling ist seiner Kunstsorm nach wenig „deutsch“. Man</Unicode>
                </TextEquiv>
            </TextLine>
            <TextLine id="r1l58" custom="readingOrder {index:57;}">
                <Coords points="1065,2623 2366,2616 2366,2578 2259,2573 1066,2571"/>
                <Baseline points="1074,2608 1138,2608 1202,2607 1266,2607 1330,2607 1395,2608 1459,2608 1523,2608 1587,2608 1651,2609 1716,2609 1780,2609 1844,2610 1908,2610 1972,2611 2037,2611 2101,2611 2165,2612 2229,2612 2293,2612 2358,2612"/>
                <TextEquiv>
                    <Unicode>spürt Rußlands Grenze und Turgenjews Nähe in den Romanen dieses</Unicode>
                </TextEquiv>
            </TextLine>
            <TextLine id="r1l59" custom="readingOrder {index:58;}">
                <Coords points="1065,2650 2369,2653 2293,2615 1065,2619"/>
                <Baseline points="1074,2646 1138,2646 1202,2645 1266,2645 1331,2645 1395,2645 1459,2646 1524,2646 1588,2646 1652,2647 1717,2647 1781,2648 1845,2649 1909,2649 1974,2650 2038,2650 2102,2650 2167,2651 2231,2651 2295,2651 2360,2651"/>
                <TextEquiv>
                    <Unicode>ostpreußischen oder baltischen Edelmannes, die zu den wenigen echten</Unicode>
                </TextEquiv>
            </TextLine>
            <TextLine id="r1l60" custom="readingOrder {index:59;}">
                <Coords points="1067,2689 2365,2699 2355,2657 1067,2652"/>
                <Baseline points="1075,2684 1139,2684 1203,2684 1267,2684 1331,2684 1395,2684 1459,2685 1523,2685 1587,2685 1651,2686 1716,2686 1780,2687 1844,2687 1908,2688 1972,2688 2036,2688 2100,2689 2164,2689 2228,2690 2292,2690 2357,2691"/>
                <TextEquiv>
                    <Unicode>Spiegelungen des Lebens und Wesens des preußischen Hochadels ge¬</Unicode>
                </TextEquiv>
            </TextLine>
            <TextLine id="r1l61" custom="readingOrder {index:60;}">
                <Coords points="1071,2740 2372,2730 2289,2692 1072,2688"/>
                <Baseline points="1080,2723 1144,2723 1208,2723 1272,2723 1336,2723 1400,2723 1464,2723 1529,2724 1593,2724 1657,2724 1721,2725 1785,2725 1849,2726 1913,2726 1978,2727 2042,2727 2106,2727 2170,2728 2234,2728 2298,2728 2363,2728"/>
                <TextEquiv>
                    <Unicode>hören. Viele Nebenfiguren bringen lebendige Kunde von dieser be¬</Unicode>
                </TextEquiv>
            </TextLine>
            <TextLine id="r1l62" custom="readingOrder {index:61;}">
                <Coords points="1081,2767 2289,2780 2361,2774 2362,2735 1081,2734"/>
                <Baseline points="1088,2762 1151,2762 1214,2762 1277,2762 1341,2763 1404,2763 1467,2763 1530,2763 1594,2763 1657,2763 1720,2764 1783,2764 1847,2764 1910,2764 1973,2765 2036,2765 2100,2766 2163,2766 2226,2767 2289,2768 2353,2768"/>
                <TextEquiv>
                    <Unicode>onderen und sehr abgeschlossenen Welt. Keyserlings Hauptgestalten</Unicode>
                </TextEquiv>
            </TextLine>
            <TextLine id="r1l63" custom="readingOrder {index:62;}">
                <Coords points="1075,2811 2359,2819 2332,2770 1075,2765"/>
                <Baseline points="1083,2802 1146,2801 1209,2801 1273,2801 1336,2801 1399,2801 1463,2801 1526,2801 1589,2801 1653,2801 1716,2802 1779,2802 1843,2803 1906,2803 1969,2804 2033,2804 2096,2804 2159,2805 2223,2805 2286,2806 2350,2806"/>
                <TextEquiv>
                    <Unicode>sind sich etwas zu ähnlich. Müde Männer, deren Herzen noch be¬</Unicode>
                </TextEquiv>
            </TextLine>
            <TextLine id="r1l64" custom="readingOrder {index:63;}">
                <Coords points="1064,2855 2362,2856 2362,2816 2296,2804 1064,2815"/>
                <Baseline points="1072,2842 1136,2841 1200,2840 1264,2840 1328,2839 1392,2839 1456,2839 1520,2839 1584,2840 1648,2840 1713,2840 1777,2841 1841,2841 1905,2841 1969,2842 2033,2842 2097,2843 2161,2843 2225,2843 2289,2843 2354,2843"/>
                <TextEquiv>
                    <Unicode>gehren, während ihre vom Leben verwundeten Füße über die Bretter</Unicode>
                </TextEquiv>
            </TextLine>
            <TextLine id="r1l65" custom="readingOrder {index:64;}">
                <Coords points="1068,2889 2354,2891 2293,2847 1068,2853"/>
                <Baseline points="1076,2880 1139,2879 1203,2879 1266,2878 1330,2878 1393,2878 1457,2878 1520,2878 1584,2879 1647,2879 1711,2879 1774,2880 1838,2880 1901,2881 1965,2881 2028,2882 2092,2882 2155,2882 2219,2883 2282,2883 2346,2883"/>
                <TextEquiv>
                    <Unicode>straucheln, die ihr Grab notdürftig decken — das ist der Typus, zu dem</Unicode>
                </TextEquiv>
            </TextLine>
            <TextLine id="r1l66" custom="readingOrder {index:65;}">
                <Coords points="1065,2926 2359,2921 2307,2886 1065,2890"/>
                <Baseline points="1073,2918 1136,2917 1200,2917 1264,2917 1328,2917 1392,2917 1456,2917 1520,2917 1584,2917 1648,2918 1712,2918 1775,2919 1839,2919 1903,2919 1967,2920 2031,2920 2095,2921 2159,2921 2223,2921 2287,2921 2351,2921"/>
                <TextEquiv>
                    <Unicode>er immer wieder zurückkehrt. Aber eine einzige Stimmuna, ein ein¬</Unicode>
                </TextEquiv>
            </TextLine>
            <TextLine id="r1l67" custom="readingOrder {index:66;}">
                <Coords points="1069,2968 2322,2974 2353,2929 1069,2926"/>
                <Baseline points="1077,2957 1140,2957 1203,2956 1267,2955 1330,2955 1393,2955 1457,2955 1520,2955 1583,2956 1647,2956 1710,2956 1773,2957 1837,2957 1900,2958 1963,2958 2027,2959 2090,2959 2153,2959 2217,2960 2280,2960 2344,2960"/>
                <TextEquiv>
                    <Unicode>zelnes Bild vermag er mit einem Stilgefühl und einer Macht fest¬</Unicode>
                </TextEquiv>
            </TextLine>
            <TextLine id="r1l68" custom="readingOrder {index:67;}">
                <Coords points="1069,3006 2360,3015 2360,2965 2137,2956 1069,2969"/>
                <Baseline points="1078,2996 1141,2995 1205,2995 1269,2995 1332,2994 1396,2994 1460,2994 1523,2994 1587,2994 1651,2994 1715,2994 1778,2995 1842,2995 1906,2995 1969,2996 2033,2996 2097,2997 2160,2997 2224,2998 2288,2999 2352,3000"/>
                <TextEquiv>
                    <Unicode>zuhalten, die ihn unter die Bedeutendsten der Gegenwart stellen würde,</Unicode>
                </TextEquiv>
            </TextLine>
            <TextLine id="r1l69" custom="readingOrder {index:68;}">
                <Coords points="1069,3047 2364,3061 2322,3004 1069,3007"/>
                <Baseline points="1077,3034 1144,3033 1211,3033 1278,3033 1346,3033 1413,3033 1480,3034 1548,3034 1615,3034 1682,3034 1750,3034 1817,3034 1884,3035 1952,3035 2019,3035 2086,3035 2154,3036 2221,3036 2288,3036 2356,3037"/>
                <TextEquiv>
                    <Unicode>wenn nicht ein sonderbarer Hang zum Romanhaften ihn ins Melodrama</Unicode>
                </TextEquiv>
            </TextLine>
            <TextLine id="r1l70" custom="readingOrder {index:69;}">
                <Coords points="1058,3079 1884,3075 1884,3041 1848,3036 1059,3046"/>
                <Baseline points="1067,3074 1107,3073 1147,3073 1188,3072 1228,3072 1269,3072 1309,3071 1349,3071 1390,3072 1430,3072 1471,3072 1511,3072 1551,3072 1592,3073 1632,3073 1673,3073 1713,3073 1753,3074 1794,3074 1834,3074 1875,3073"/>
                <TextEquiv>
                    <Unicode>und die bengalische Beleuchtung hinaustriebe</Unicode>
                </TextEquiv>
            </TextLine>
            <TextLine id="r1l71" custom="readingOrder {index:70;}">
                <Coords points="1881,3076 1944,3073 1976,3089 2016,3076 2042,3092 2084,3073 2189,3076 2218,3092 2252,3079 2359,3103 2359,3055 2279,3037 2215,3052 2137,3034 2079,3052 1997,3029 1982,3044 1881,3055"/>
                <Baseline points="1888,3080 1913,3078 1939,3077 1965,3076 1990,3075 2016,3074 2042,3074 2068,3074 2093,3073 2119,3073 2145,3074 2170,3074 2196,3074 2222,3075 2248,3075 2273,3076 2299,3076 2325,3077 2351,3077"/>
                <TextEquiv>
                    <Unicode>... Aber alles in allem,</Unicode>
                </TextEquiv>
            </TextLine>
            <TextLine id="r1l72" custom="readingOrder {index:71;}">
                <Coords points="1061,3127 2243,3132 2338,3123 2339,3090 1061,3078"/>
                <Baseline points="1069,3112 1132,3112 1195,3111 1258,3111 1321,3111 1384,3111 1447,3111 1510,3111 1573,3111 1636,3111 1700,3111 1763,3112 1826,3112 1889,3112 1952,3112 2015,3113 2078,3113 2141,3114 2204,3115 2267,3115 2331,3116"/>
                <TextEquiv>
                    <Unicode>hat man „Dumala“ und „Beate und Mareille“ und „Schwüle Tage</Unicode>
                </TextEquiv>
            </TextLine>
            <TextLine id="r1l73" custom="readingOrder {index:72;}">
                <Coords points="1059,3173 2316,3167 2359,3126 1059,3129"/>
                <Baseline points="1068,3153 1132,3151 1196,3150 1260,3150 1324,3149 1389,3149 1453,3149 1517,3149 1581,3149 1645,3149 1710,3149 1774,3150 1838,3150 1902,3151 1966,3151 2031,3152 2095,3152 2159,3153 2223,3153 2287,3153 2352,3153"/>
                <TextEquiv>
                    <Unicode>gelesen, hat man jedenfalls mit einem Milien und einem Manne</Unicode>
                </TextEquiv>
            </TextLine>
            <TextLine id="r1l74" custom="readingOrder {index:73;}">
                <Coords points="1079,3194 2355,3201 2300,3154 1080,3165"/>
                <Baseline points="1088,3188 1151,3188 1214,3188 1277,3188 1340,3188 1403,3188 1466,3188 1529,3188 1592,3188 1655,3188 1718,3188 1781,3188 1844,3188 1907,3188 1970,3189 2033,3189 2096,3190 2159,3190 2222,3191 2285,3192 2348,3193"/>
                <TextEquiv>
                    <Unicode>bekanntschaft gemacht. Wer die Gefühlsweise und die Lebensformen der</Unicode>
                </TextEquiv>
            </TextLine>
            <TextLine id="r1l75" custom="readingOrder {index:74;}">
                <Coords points="1063,3231 2361,3239 2361,3197 2292,3191 1063,3197"/>
                <Baseline points="1071,3226 1135,3226 1199,3227 1263,3226 1327,3226 1391,3226 1455,3226 1519,3226 1583,3226 1647,3226 1712,3226 1776,3226 1840,3226 1904,3226 1968,3226 2032,3227 2096,3227 2160,3228 2224,3229 2288,3230 2353,3232"/>
                <TextEquiv>
                    <Unicode>obersten Zweitausend in Norddeutschland kennen lernen will, muß diese</Unicode>
                </TextEquiv>
            </TextLine>
            <TextLine id="r1l76" custom="readingOrder {index:75;}">
                <Coords points="1070,3270 2354,3289 2354,3247 2273,3230 1070,3231"/>
                <Baseline points="1078,3264 1141,3264 1204,3265 1268,3265 1331,3266 1395,3266 1458,3266 1521,3266 1585,3266 1648,3266 1712,3266 1775,3266 1838,3266 1902,3266 1965,3266 2029,3266 2092,3267 2155,3267 2219,3267 2282,3268 2346,3269"/>
                <TextEquiv>
                    <Unicode>Bücher lesen, in denen zuweilen eine kurze Szene ein helles Licht über</Unicode>
                </TextEquiv>
            </TextLine>
            <TextLine id="r1l77" custom="readingOrder {index:76;}">
                <Coords points="1059,3319 2272,3311 2240,3272 1059,3269"/>
                <Baseline points="1067,3304 1126,3304 1186,3304 1246,3304 1306,3304 1366,3304 1425,3305 1485,3305 1545,3305 1605,3305 1665,3305 1724,3305 1784,3305 1844,3305 1904,3306 1964,3306 2023,3306 2083,3306 2143,3306 2203,3306 2263,3306"/>
                <TextEquiv>
                    <Unicode>Mannigfaches wirft, das der Fremde sonst am schwersten versteht</Unicode>
                </TextEquiv>
            </TextLine>
            <TextLine id="r1l78" custom="readingOrder {index:77;}">
                <Coords points="2270,3319 2293,3317 2304,3310 2324,3313 2331,3322 2343,3317 2347,3317 2349,3321 2359,3321 2363,3293 2353,3292 2349,3287 2342,3289 2332,3278 2325,3280 2319,3276 2309,3282 2304,3279 2295,3285 2289,3282 2274,3284"/>
                <Baseline points="2280,3307 2315,3312 2351,3316"/>
                <TextEquiv>
                    <Unicode>„„</Unicode>
                </TextEquiv>
            </TextLine>
            <TextLine id="r1l79" custom="readingOrder {index:78;}">
                <Coords points="1135,3349 2358,3362 2358,3320 2268,3307 1136,3310"/>
                <Baseline points="1144,3343 1204,3343 1264,3343 1324,3344 1385,3344 1445,3344 1505,3344 1566,3344 1626,3344 1686,3344 1747,3344 1807,3344 1867,3344 1927,3344 1988,3345 2048,3345 2108,3346 2169,3347 2229,3347 2289,3348 2350,3350"/>
                <TextEquiv>
                    <Unicode>Weit, wie gesagt ist der Weg von Keyserling zu Hermann Hesse.</Unicode>
                </TextEquiv>
            </TextLine>
            <TextLine id="r1l80" custom="readingOrder {index:79;}">
                <Coords points="1061,3386 2154,3394 2128,3350 1061,3341"/>
                <Baseline points="1068,3381 1121,3381 1175,3381 1229,3381 1283,3381 1337,3381 1391,3381 1445,3381 1499,3381 1553,3381 1607,3381 1660,3381 1714,3381 1768,3382 1822,3382 1876,3382 1930,3382 1984,3383 2038,3383 2092,3384 2146,3384"/>
                <TextEquiv>
                    <Unicode>Wie man bei Kenserling Rußlands nahe Grenze vernimmt,</Unicode>
                </TextEquiv>
            </TextLine>
            <TextLine id="r1l81" custom="readingOrder {index:80;}">
                <Coords points="2150,3406 2184,3406 2192,3398 2199,3403 2239,3392 2257,3399 2276,3389 2349,3391 2349,3354 2305,3363 2296,3355 2267,3358 2247,3350 2150,3351"/>
                <Baseline points="2159,3385 2185,3385 2211,3385 2237,3385 2263,3386 2289,3386 2315,3386 2341,3385"/>
                <TextEquiv>
                    <Unicode>fühlt man</Unicode>
                </TextEquiv>
            </TextLine>
            <TextLine id="r1l82" custom="readingOrder {index:81;}">
                <Coords points="1068,3425 2213,3424 2024,3384 1068,3385"/>
                <Baseline points="1076,3420 1132,3420 1188,3420 1245,3420 1301,3420 1358,3421 1414,3421 1470,3421 1527,3421 1583,3421 1640,3421 1696,3421 1752,3421 1809,3421 1865,3422 1922,3422 1978,3422 2034,3422 2091,3423 2147,3423 2204,3424"/>
                <TextEquiv>
                    <Unicode>bei Hesse die nächste Nähe der Schweiz. In Hesses Büchern —</Unicode>
                </TextEquiv>
            </TextLine>
            <TextLine id="r1l83" custom="readingOrder {index:82;}">
                <Coords points="2224,3429 2248,3434 2260,3425 2274,3425 2279,3430 2289,3425 2299,3432 2310,3426 2334,3434 2357,3433 2357,3399 2340,3392 2330,3397 2319,3390 2314,3394 2298,3388 2293,3392 2269,3389 2251,3396 2240,3391 2225,3394"/>
                <Baseline points="2233,3424 2262,3423 2291,3423 2320,3424 2349,3426"/>
                <TextEquiv>
                    <Unicode>meinen</Unicode>
                </TextEquiv>
            </TextLine>
            <TextLine id="r1l84" custom="readingOrder {index:83;}">
                <Coords points="1048,3468 2325,3475 2355,3432 1048,3422"/>
                <Baseline points="1056,3454 1120,3456 1185,3456 1249,3457 1314,3458 1378,3458 1443,3459 1507,3459 1572,3459 1636,3459 1701,3459 1766,3459 1830,3458 1895,3458 1959,3459 2024,3459 2088,3459 2153,3460 2217,3460 2282,3461 2347,3462"/>
                <TextEquiv>
                    <Unicode>Lieblingsbüchern in der modernen deutschen Literatur — ist die Klat¬</Unicode>
                </TextEquiv>
            </TextLine>
            <TextLine id="r1l85" custom="readingOrder {index:84;}">
                <Coords points="1061,3508 2354,3508 2354,3462 1061,3461"/>
                <Baseline points="1069,3498 1132,3497 1196,3497 1260,3497 1324,3497 1388,3497 1452,3497 1515,3497 1579,3498 1643,3498 1707,3498 1771,3498 1835,3498 1899,3499 1962,3499 2026,3499 2090,3499 2154,3499 2218,3499 2282,3499 2346,3498"/>
                <TextEquiv>
                    <Unicode>heit und Stärke der Beraluft. Jede geschriebene Seite ist hier das Werk</Unicode>
                </TextEquiv>
            </TextLine>
            <TextLine id="r1l86" custom="readingOrder {index:85;}">
                <Coords points="1059,3543 2352,3546 2310,3502 1059,3507"/>
                <Baseline points="1067,3537 1130,3537 1194,3537 1258,3537 1322,3537 1386,3537 1450,3537 1513,3537 1577,3537 1641,3537 1705,3537 1769,3538 1833,3538 1897,3538 1960,3538 2024,3538 2088,3538 2152,3538 2216,3538 2280,3538 2344,3538"/>
                <TextEquiv>
                    <Unicode>und Bekenntnis eines Mannes. Um so schöner und fester wird bei</Unicode>
                </TextEquiv>
            </TextLine>
            <TextLine id="r1l87" custom="readingOrder {index:86;}">
                <Coords points="1057,3579 2362,3588 2362,3542 2283,3536 1057,3545"/>
                <Baseline points="1065,3575 1129,3575 1193,3576 1258,3576 1322,3577 1387,3577 1451,3577 1515,3577 1580,3577 1644,3577 1709,3577 1773,3577 1837,3577 1902,3577 1966,3577 2031,3577 2095,3577 2159,3578 2224,3578 2288,3578 2353,3578"/>
                <TextEquiv>
                    <Unicode>Hermann Hesse die Erzählung, je kürzer sie ist. Schon das Naturell des</Unicode>
                </TextEquiv>
            </TextLine>
            <TextLine id="r1l88" custom="readingOrder {index:87;}">
                <Coords points="1055,3618 2360,3629 2316,3582 1055,3580"/>
                <Baseline points="1063,3614 1127,3614 1191,3614 1256,3615 1320,3615 1385,3615 1449,3615 1514,3615 1578,3615 1643,3615 1707,3615 1771,3615 1836,3616 1900,3616 1965,3616 2029,3616 2094,3616 2158,3616 2223,3617 2287,3617 2352,3617"/>
                <TextEquiv>
                    <Unicode>Dichters schenkt hier jene Durchsichtigkeit und Knappheit, die das oberste</Unicode>
                </TextEquiv>
            </TextLine>
            <TextLine id="r1l89" custom="readingOrder {index:88;}">
                <Coords points="1058,3657 2357,3663 2326,3621 1058,3618"/>
                <Baseline points="1067,3652 1131,3653 1195,3653 1259,3654 1323,3654 1387,3654 1451,3654 1515,3654 1579,3654 1643,3654 1708,3654 1772,3654 1836,3654 1900,3654 1964,3654 2028,3654 2092,3654 2156,3654 2220,3654 2284,3654 2349,3655"/>
                <TextEquiv>
                    <Unicode>Gesetz der Novelle bleibt. ... Hermann Hesses Darstellung wirkt wie die</Unicode>
                </TextEquiv>
            </TextLine>
            <TextLine id="r1l90" custom="readingOrder {index:89;}">
                <Coords points="1062,3704 2357,3700 2319,3654 1062,3657"/>
                <Baseline points="1070,3691 1137,3692 1204,3692 1271,3692 1339,3692 1406,3692 1473,3693 1541,3693 1608,3693 1675,3693 1743,3693 1810,3693 1877,3693 1945,3693 2012,3693 2079,3694 2147,3694 2214,3694 2281,3694 2349,3694"/>
                <TextEquiv>
                    <Unicode>Frische eines Bades. Schlichte und starke Worte fügen sich zu starken</Unicode>
                </TextEquiv>
            </TextLine>
            <TextLine id="r1l91" custom="readingOrder {index:90;}">
                <Coords points="1059,3734 2358,3739 2295,3693 1059,3701"/>
                <Baseline points="1067,3728 1131,3729 1195,3730 1259,3731 1323,3731 1387,3732 1451,3732 1516,3732 1580,3732 1644,3732 1708,3732 1772,3731 1836,3731 1900,3731 1965,3731 2029,3731 2093,3731 2157,3732 2221,3732 2285,3732 2350,3733"/>
                <TextEquiv>
                    <Unicode>und schlichten Sätzen zusammen, in denen eine tiefe Innerlichkeit einfach</Unicode>
                </TextEquiv>
            </TextLine>
            <TextLine id="r1l92" custom="readingOrder {index:91;}">
                <Coords points="1066,3773 2351,3778 2319,3736 1066,3735"/>
                <Baseline points="1073,3768 1136,3769 1200,3769 1263,3769 1327,3769 1390,3770 1454,3770 1517,3770 1581,3770 1644,3770 1708,3770 1771,3770 1835,3771 1898,3771 1962,3771 2025,3771 2089,3771 2152,3771 2216,3771 2279,3771 2343,3772"/>
                <TextEquiv>
                    <Unicode>pricht. Und wie steht er der Natur nahe. Man erzählt, daß Hermann</Unicode>
                </TextEquiv>
            </TextLine>
            <TextLine id="r1l93" custom="readingOrder {index:92;}">
                <Coords points="1067,3819 2348,3816 2335,3776 1067,3775"/>
                <Baseline points="1076,3809 1139,3808 1202,3808 1265,3808 1328,3808 1392,3807 1455,3807 1518,3808 1581,3808 1644,3808 1708,3808 1771,3808 1834,3808 1897,3809 1960,3809 2024,3809 2087,3810 2150,3810 2213,3810 2276,3810 2340,3811"/>
                <TextEquiv>
                    <Unicode>Hesse zu Fuß sein ganzes Vaterland durchstreift habe. Ich glaube es</Unicode>
                </TextEquiv>
            </TextLine>
            <TextLine id="r1l94" custom="readingOrder {index:93;}">
                <Coords points="1059,3860 2355,3861 2299,3809 1059,3818"/>
                <Baseline points="1066,3846 1130,3846 1194,3845 1258,3845 1322,3845 1386,3845 1450,3845 1514,3845 1578,3846 1642,3846 1707,3846 1771,3846 1835,3847 1899,3847 1963,3847 2027,3847 2091,3847 2155,3847 2219,3847 2283,3847 2348,3847"/>
                <TextEquiv>
                    <Unicode>gern. Die Vertrautheit des Fußgängers mit der Erde spricht aus diesen</Unicode>
                </TextEquiv>
            </TextLine>
            <TextLine id="r1l95" custom="readingOrder {index:94;}">
                <Coords points="1061,3886 2349,3901 2349,3854 2238,3848 1061,3862"/>
                <Baseline points="1069,3883 1132,3883 1196,3884 1259,3884 1323,3884 1387,3884 1450,3885 1514,3885 1578,3885 1641,3885 1705,3885 1769,3885 1832,3885 1896,3885 1960,3885 2023,3885 2087,3885 2151,3885 2214,3886 2278,3886 2342,3886"/>
                <TextEquiv>
                    <Unicode>Seiten, wo die junge Freude in das lichte Laub der Baume und in den</Unicode>
                </TextEquiv>
            </TextLine>
            <TextLine id="r1l96" custom="readingOrder {index:95;}">
                <Coords points="1059,3941 1161,3920 1240,3936 1295,3923 1540,3936 1540,3897 1516,3888 1461,3903 1410,3887 1335,3901 1258,3882 1238,3897 1059,3886"/>
                <Baseline points="1067,3922 1092,3922 1118,3921 1144,3921 1170,3921 1196,3921 1222,3921 1247,3922 1273,3922 1299,3922 1325,3922 1351,3923 1377,3923 1402,3923 1428,3924 1454,3924 1480,3924 1506,3924 1532,3924"/>
                <TextEquiv>
                    <Unicode>hohen Himmel guckt. ...</Unicode>
                </TextEquiv>
            </TextLine>
            <TextLine id="r1l97" custom="readingOrder {index:96;}">
                <Coords points="1135,3963 2355,3984 2355,3930 2272,3909 1135,3924"/>
                <Baseline points="1144,3961 1204,3960 1264,3960 1324,3959 1384,3959 1444,3959 1504,3959 1564,3959 1624,3960 1684,3960 1745,3960 1805,3960 1865,3961 1925,3961 1985,3961 2045,3961 2105,3962 2165,3962 2225,3962 2285,3962 2346,3961"/>
                <TextEquiv>
                    <Unicode>Welch weite Strecke wieder zwischen einem Hesse und einem Arthur</Unicode>
                </TextEquiv>
            </TextLine>
            <TextLine id="r1l98" custom="readingOrder {index:97;}">
                <Coords points="1053,4019 1147,4029 1229,3997 1434,4009 1459,3989 1804,4005 1804,3968 1768,3965 1053,3961"/>
                <Baseline points="1061,3999 1097,3999 1134,4000 1171,4000 1208,4000 1244,4000 1281,3999 1318,3999 1355,3999 1391,3999 1428,3998 1465,3998 1502,3997 1538,3997 1575,3997 1612,3997 1649,3996 1685,3996 1722,3996 1759,3996 1796,3996"/>
                <TextEquiv>
                    <Unicode>Schnitzler oder einem Jakob Wassermann.</Unicode>
                </TextEquiv>
            </TextLine>
            <TextLine id="r1l99" custom="readingOrder {index:98;}">
                <Coords points="1138,4041 2343,4050 2343,3985 1138,4025"/>
                <Baseline points="1146,4034 1205,4035 1264,4035 1324,4036 1383,4036 1443,4036 1502,4036 1562,4036 1621,4036 1681,4036 1740,4036 1799,4036 1859,4036 1918,4036 1978,4036 2037,4036 2097,4036 2156,4037 2216,4037 2275,4038 2335,4038"/>
                <TextEquiv>
                    <Unicode>Urthur Schnitzler ist in Dänemark bekannt. Vielleicht hauptsächlich</Unicode>
                </TextEquiv>
            </TextLine>
            <TextLine id="r1l100" custom="readingOrder {index:99;}">
                <Coords points="1427,4078 2104,4090 2168,4078 2168,4041 1427,4044"/>
                <Baseline points="1435,4071 1471,4072 1507,4072 1543,4072 1580,4072 1616,4072 1652,4072 1688,4072 1725,4072 1761,4072 1797,4072 1833,4072 1870,4072 1906,4072 1942,4072 1978,4072 2015,4072 2051,4072 2087,4072 2123,4072 2160,4072"/>
                <TextEquiv>
                    <Unicode>Dem Namen nach dafür so berühmt, d</Unicode>
                </TextEquiv>
            </TextLine>
            <TextLine id="r1l101" custom="readingOrder {index:100;}">
                <Coords points="1256,4078 1289,4083 1298,4089 1313,4079 1326,4086 1345,4079 1353,4088 1358,4084 1371,4088 1374,4084 1394,4084 1394,4049 1382,4049 1374,4041 1336,4050 1319,4050 1310,4041 1300,4049 1279,4041 1256,4041"/>
                <Baseline points="1265,4071 1295,4073 1325,4074 1355,4073 1385,4071"/>
                <TextEquiv>
                    <Unicode>n nach.</Unicode>
                </TextEquiv>
            </TextLine>
            <TextLine id="r1l102" custom="readingOrder {index:101;}">
                <Coords points="1077,4089 1093,4089 1118,4076 1135,4078 1142,4073 1166,4084 1202,4089 1202,4047 1193,4047 1181,4039 1142,4044 1134,4036 1119,4036 1113,4029 1105,4031 1095,4023 1077,4025"/>
                <Baseline points="1086,4074 1113,4072 1140,4072 1167,4072 1194,4074"/>
                <TextEquiv>
                    <Unicode>em Na</Unicode>
                </TextEquiv>
            </TextLine>
            <TextLine id="r1l103" custom="readingOrder {index:102;}">
                <Coords points="2174,4083 2193,4083 2203,4087 2215,4082 2223,4084 2230,4046 2222,4044 2220,4046 2215,4045 2201,4040 2194,4046 2181,4043"/>
                <Baseline points="2183,4074 2215,4080"/>
                <TextEquiv>
                    <Unicode>aß</Unicode>
                </TextEquiv>
            </TextLine>
            <TextEquiv>
                <Unicode>box 3/3
ins Freie
Der We
23  nnenene e te eeee
2 2 AU6 1900
Datum:
Feuilleton.
Der Charakter des Menschen sitzt nicht im Ver¬
stande, sondern im Herzen.
Jacobi.
N
Bücher.
Von Herman Bang.
Herman Bang, der berühmte dänksche Ro¬
mancier, zeigt in seinem dem „Leipziger Tageblatt“ zur,
Verfügung gestellten Aufsatz „Bücher",
wie sich die
Literatur unserer Zeit und vor allem der Deutschen im
Urteil eines nichtdeutschen Dichters spiegeln kann. Man
wird ihm nicht überall beistimmen, aber seine Meinung
auch dort, wo Widerspruch rege wird, als die eines inter¬
essanten Betrachters hören wollen. Die Red.
Ein junger Däne sagte zu mir:
„Herr Bang, Sie müssen gleich Gustav Wieds „Die Väter essen
Trauben“ lesen. Es ist merkwürdig. Wieds übrige Bücher habe ich
gelesen und darüber gelacht. Und bei den „Vätern“ habe ich auch gleich¬
sam eine Art Andacht gefühlt . . . Dieses Buch ist ganz gewiß ein Werk.“
Wenn es sich um Bücher handelt, macht mir nichts so starken Ein¬
druck wie die einfachen Worte eines klugen Menschen außerhalb des
Fachs — Worte, die selbst, wenn sie tasten, einem unmittelbaren Gefühl
Ausdruck geben.
Und ich nahm also die „Trauben“ mit nach Posen und las sie dort
weit draußen in Ostpreußen auf dem Wege nach Königsberg, der, wie
die
Leute yier sagen, der Weg zum Ende der Zivilisation' ist.
Ach, es ist ja natürlich im allgemeinen mein großer Fehler, daß ich
allzu wenig dänische Bücher lese. Aber mein Verbrechen ist vielleicht
nicht unverzeihlich. Man leht in einem fremden Lande, und man muß
in seinen vier Wänden leben. Da sucht man wenigstens durch die
Bücher jenes fremde Land kennen zu lernen, in das einen eine freiwillige
und
ausschließlich selbst gewollte Landesflucht geführt hat. Man
kehrt
zu Goethe zuruck und zu Hermann Grimm lder ein freier Geist
war
und einer der lebendigsten Prosakünstler, die je gelebt haben),
ucht die Neuen auf.
man
Es gibt jetzt in der deutschen Literatur viel zu erfahren. Sie hat
keinen einzigen Großmeister. Aber sie ist mannigfaltig wie das Land
selbst für den, der es kennt, mannigfaltig ist. Es führt ein langer Weg
mit weiten Ausblicken und wechselnden Menschengesichtern am Weges¬
rand
von Keyserling bis zu Hermann Hesse. Aber diese zwei
äußersten Pole der modernen deutschen Romankunst sind alle beide wert,
gekannt zu werden.
Graf Keyserling ist seiner Kunstsorm nach wenig „deutsch“. Man
spürt Rußlands Grenze und Turgenjews Nähe in den Romanen dieses
ostpreußischen oder baltischen Edelmannes, die zu den wenigen echten
Spiegelungen des Lebens und Wesens des preußischen Hochadels ge¬
hören. Viele Nebenfiguren bringen lebendige Kunde von dieser be¬
onderen und sehr abgeschlossenen Welt. Keyserlings Hauptgestalten
sind sich etwas zu ähnlich. Müde Männer, deren Herzen noch be¬
gehren, während ihre vom Leben verwundeten Füße über die Bretter
straucheln, die ihr Grab notdürftig decken — das ist der Typus, zu dem
er immer wieder zurückkehrt. Aber eine einzige Stimmuna, ein ein¬
zelnes Bild vermag er mit einem Stilgefühl und einer Macht fest¬
zuhalten, die ihn unter die Bedeutendsten der Gegenwart stellen würde,
wenn nicht ein sonderbarer Hang zum Romanhaften ihn ins Melodrama
und die bengalische Beleuchtung hinaustriebe
... Aber alles in allem,
hat man „Dumala“ und „Beate und Mareille“ und „Schwüle Tage
gelesen, hat man jedenfalls mit einem Milien und einem Manne
bekanntschaft gemacht. Wer die Gefühlsweise und die Lebensformen der
obersten Zweitausend in Norddeutschland kennen lernen will, muß diese
Bücher lesen, in denen zuweilen eine kurze Szene ein helles Licht über
Mannigfaches wirft, das der Fremde sonst am schwersten versteht
„„
Weit, wie gesagt ist der Weg von Keyserling zu Hermann Hesse.
Wie man bei Kenserling Rußlands nahe Grenze vernimmt,
fühlt man
bei Hesse die nächste Nähe der Schweiz. In Hesses Büchern —
meinen
Lieblingsbüchern in der modernen deutschen Literatur — ist die Klat¬
heit und Stärke der Beraluft. Jede geschriebene Seite ist hier das Werk
und Bekenntnis eines Mannes. Um so schöner und fester wird bei
Hermann Hesse die Erzählung, je kürzer sie ist. Schon das Naturell des
Dichters schenkt hier jene Durchsichtigkeit und Knappheit, die das oberste
Gesetz der Novelle bleibt. ... Hermann Hesses Darstellung wirkt wie die
Frische eines Bades. Schlichte und starke Worte fügen sich zu starken
und schlichten Sätzen zusammen, in denen eine tiefe Innerlichkeit einfach
pricht. Und wie steht er der Natur nahe. Man erzählt, daß Hermann
Hesse zu Fuß sein ganzes Vaterland durchstreift habe. Ich glaube es
gern. Die Vertrautheit des Fußgängers mit der Erde spricht aus diesen
Seiten, wo die junge Freude in das lichte Laub der Baume und in den
hohen Himmel guckt. ...
Welch weite Strecke wieder zwischen einem Hesse und einem Arthur
Schnitzler oder einem Jakob Wassermann.
Urthur Schnitzler ist in Dänemark bekannt. Vielleicht hauptsächlich
Dem Namen nach dafür so berühmt, d
n nach.
em Na
aß</Unicode>
            </TextEquiv>
        </TextRegion>
    </Page>
</PcGts>
