3204 4352
127 135 681 220 23. Der Neg
679 133 1111 203 ins Frei
1310 113 1710 230 box 3/1
320 163 1284 237 Der uagaus Hieie
1549 584 3219 670 doch oneruihien. Dae Techt had alleen betrekking op de naamd afgeschaft zal blijven,
799 597 1223 675 te doen gescmleden.
2616 644 3216 704 ouderden wensch te wijzigen
1540 652 2625 696 watervlakte, ingencmen door liet meest naar buiten ge¬
36 636 1338 711 ie gulst, Wae mien Die Voen werden toen aangehouden.
2621 675 3212 741 heuglijken feestdag, den gebe
1543 691 2629 730 legen dok in den openbaren waterweg en betrof 4200
494 689 1544 740 Thans zijn volr de verschillende departementen (bin¬
2614 714 3202 780 teit onze geliefde Koningin,
1549 726 2622 781 M2. van de ter beschikking der Maatschappij gestelde
465 731 1543 780 nenl. zaken; burtenlandsche zaken, marine en landbouw
37 707 486 810 it het levendig ge¬
2618 756 3222 820 gustus, eenvoudig te wenscher
1543 767 2491 829 11,550 Mz. Wan terrein is dus geen sprake.
478 768 1548 823 enz.; Justitie; financiön, oorlog, waterstaat en kolonièn)
34 767 285 826 Es worde:
2626 804 3218 846 Behalve de socialisten, zal ie
1573 795 2623 854 Overigens zij nog even in herinnering gebracht dat
477 806 1559 865 afzonderlijke wijrigings-voorstellen aanhangig gemaakt.
33 799 476 870 n, die onder de be¬
2621 833 3221 888 vatten, toejuichen en dankba
1537 840 2630 896 mijn voorstel ten opzichte van dat meest naar buiten
49 840 1558 889 omstandigheden zich! Deze betreffen thians alle ambtenaren, wier belooning
48 889 3223 944 ogte als hunne Euros 1 zich tusschen ven minimum en maximum beweegt, 1 gelegen dok nog nict lang geleden door B. en W. werd ] geering waaronder wij Nederl
2622 985 3222 1055 dat het in het ile vervliegt.
1542 930 2632 1053 ereien enrsit in in uier vennste 1. 10
43 1000 482 1065 aal Iuxe-menschen. Do
468 998 1546 1069 omgeven door ein vjjandige meerderheid van zeer laag
2647 1032 3220 1090 En dat is ten slotte, de ind
1548 1039 1663 1099 ten.
478 1040 1532 1090 staandon: Joodiche beschawing tegen „Christolijke“'
45 1036 484 1109 llen: hij is niet het¬
2618 1069 3222 1133 heele Joden-schildering knjgt:
1574 1067 2621 1123 Eisler, vader en zoon. Eisler Sr., indertijd de beroemd¬
468 1080 1554 1131 barbaarschheid. In Hirschfelds laatsten roman vindt men,
62 1085 481 1143 , bij den bank-direk¬
2623 1105 3223 1169 om het effect, om de gelegen
1545 1107 2631 1175 ste boxer van Weenen (dat is niet alledaagschl cen Jood¬
475 1111 1557 1172 in den grond, hetzelfde: het op het goede gerichte
47 1109 482 1181 eenen blifft de geld¬
2625 1139 3213 1212 zelf door gaf geestige, verrass
1551 1148 2621 1201 sche vechter-met-de-vuisten !) bij gelegenheid verkooper
469 1158 1551 1216 streven van een Jood wordt gedwarsboomd en verjjdeld
36 1156 476 1225 rwil hij bij den ander
2611 1172 3223 1249 verbluffende dingen te laten 2
1546 1183 2631 1238 van antiquiteiten en, op het oog, een Hongaarscho
477 1188 1547 1254 door de baatzucht van hem verachtende Christenen. In
41 1196 488 1259 enkel maar zo0 cens
2626 1223 3190 1287 nomie van den roman betee
1545 1230 2631 1278 magnaat. Eisler Junior eon man van de wereld die juist
475 1244 1557 1291 den roman van Mermann wordt het leven van de Joden
22 1227 485 1295 dt. Maar niettemin;
2619 1264 3206 1323 samenleving niets. De eigenli
1552 1269 2626 1316 absoluut Jood wil zijn, en iedereen er op aon kijkt of
476 1259 1550 1326 in Berljjn tijden Friedrich Wilhelm III getoond van
32 1280 479 1333 Herende van hun leven
2531 1297 2631 1352 te
2628 1304 3220 1360 de van Georg von Wergenth
1542 1297 2558 1368 hij het soms in ziju hart haalt daar wat op tegen
470 1309 1548 1369 een bepaald standpunt uit: als de tragedio van den
28 1317 475 1376 enschen buiten geld¬
2615 1341 3203 1397 volbloed-Duitschers — staat g
1548 1336 2622 1395 hebben. In welk geval hi, Willy Eisler, om nadere ex¬
472 1349 1546 1407 zich aan de Duitschers assimileerenden Jood die door
62 1346 481 1417 tjjd, de gelegenheid
2653 1387 3214 1436 En dit nu is juist het moo
1540 1370 2634 1440 plicaties zou mooten verzoeken. Heinrich Bermann,
483 1386 1553 1448 zijn door-en-door Joodsche familie nit het onbeschaafde
33 1388 480 1447 leven naar eigen lust.
1550 1408 2620 1471 schrijver van tooncelstukkken die ziin kunstenaasschap
2620 1417 3220 1480 haal van die liefde. Hoo von
474 1428 1517 1485 Oosten — Gallicie, Polen, de Russische grenslanden, —
25 1427 484 1499 le kanten, het groeit
1554 1455 2620 1515 veracht, en zichzelven maar éen wezenlijk vermogen toe¬
2621 1455 3209 1518 lief kriigt, tot de zijne ma
471 1468 1549 1531 weer naar omlaag wordt golmald. Op deze of gene wis¬
41 1465 481 1525 zich tot het uitorste.
1551 1497 2621 1556 kent: „in menschenzielen te kiken, diep er in, in de
2625 1486 3217 1561 Anna van het eerst tot het
473 1502 1554 1570 ze hebben die allen (en dat heeft ook Dehmel gedaan
41 1509 483 1575 twikkoling des gevoels
1553 1528 2627 1582 zielen van schurken en cerljjko lui, van vrouwen, man¬
2621 1516 3209 1592 bedenkt dan zijn geluk, en d
478 1545 1548 1599 in zjjn geschiedenissen van Joodsch-Christelijke liefden)
53 1556 480 1607 dierbare Ik is het
1549 1571 2631 1617 I nen, kinderen, van heidenen, Joden, protestanten, ja zelfs
2627 1577 3188 1637 der zelfs te voelen dat het
480 1586 1553 1636 cen algemeene beschouwing gegeven, of truchten te ge¬
35 1583 481 1654 e an het allesevervul¬
1555 1611 2625 1663 van katholicken, adelljjken en Duitschers;'' en die ge¬
2622 1615 3202 1672 scheid, den man dien zjj m
474 1623 1556 1678 ven, van „het Joden-vraagstuk“'. Maar dat doet Schnitz¬
42 1622 481 1696 uitzondering zin dat
1546 1648 2628 1700 voelt „dat er niet veel noodig is om in elken Jood de
2621 1644 3193 1712 en harteloozen egoist die hij
478 1666 1552 1718 ler niet. Iljj geeft hier enkel cen hecle galerjj portret¬
33 1657 491 1734 nsgeluk het genoegen
1544 1681 2626 1753 zelfverachting wakker te maken, die in het binnenste van
2618 1673 3222 1740 geeft: „Vergeet ons niet ige
472 1696 1550 1761 ten van Joden die, — en dat is het zonderlingste van
47 1702 486 1772 uitzondering mannen
1545 1720 2623 1780 zijn hart sluimert.' — Stauber vader en zoon. De oude
2624 1721 3212 1783 Schnitzler verhaald met een
479 1729 1557 1795 alles — met de handeling in zijn bock eigenlijk nict te
31 1737 486 1800 ort: die houden zich
1549 1767 2627 1822 Stauber een gelcerde en tevens cen menschenvriend, ecn
2623 1772 3211 1815 zicht en teederheid. Dat is we
475 1775 1545 1826 maken hebben, althans niet in hun qualiteit van Joden.
33 1787 479 1850 scherpe oogen, glim¬
1554 1803 2632 1858 wijs man, als arts een heeler van lichamen en van zie¬
2630 1802 3206 1858 belei“, en van „Freiwild“ vo
475 1804 1545 1876 En hoewel hij een menigte fiine opmerkingen omtrent
33 1818 487 1887 ns op, en feliciteeron
1541 1839 2623 1906 len beide. De jonge Stauber eveneens cen geleerde, maar
2617 1828 3213 1895 Anna Rosner heeft niet enke
479 1857 1552 1908 hen maakt — of laät maken, want, naar het uiterlijk
73 1854 480 1921 uitstaande hebben.
1541 1879 2635 1945 die, door zjju energie, zich nit zijn laboratorium in het
2622 1883 3206 1929 van de vrouwen uit die vroeg
476 1887 1522 1942 en den vorm verdwijnt hij volkomen nit zijn werk —
28 1895 487 1965 ementuir noemen zon¬
1558 1902 2628 1981 oublicke leven heeft laten deijven, en cen walgings-kuur
2628 1913 3208 1972 heldere verstand dat die opof
481 1935 1551 1988 geeft hjj toch nergens explicite noch implicite de bij¬
32 1944 479 2008 Ehnitzler’s parlements¬
1550 1952 2632 2021 doormaakt in het Perlement. Tusschen twee hnnkjes,
2620 1958 3220 2025 temperament tot een uiting
485 1974 1551 2025 zondere opvatting, de theorie uit al die opmerkingen
51 1987 482 2042 egolsten, dupes, en
1555 1999 2633 2050 daar ontmoet Schnitzler cen collegh-Jolienstfhrjjver.
2624 1995 3200 2062 weet, on zjj wil, waar die g
476 2005 1561 2068 resulteerende, die men als de rechtvaardiging van den
79 2021 483 2084 van zjjn Weeners
1544 2025 2634 2081 Hirschfeld. Wat die in ziju laatsten roman over parle¬
2624 2030 3220 2097 zich lieten gaan. En dat is
475 2047 1525 2099 geheelen opzet verwacht. Zoodat men vragen moet —
1555 2064 2637 2131 mentarische toestanden in Oostenrjjk Hongarije schrifft
2616 2068 3184 2134 zij, bijna van het eerste 5
480 2082 1550 2145 waartce en wanrom eigenlijk die heele nadruk op het
69 2087 481 2156 deze drie typen met
1545 2102 2627 2152 staat met andere woorden in dezen eersten van Schnitz¬
2625 2113 3209 2174 liefde voor Georg haar niet
477 2113 880 2184 specifick-Joodsche?
59 2142 483 2198 Schnitzler tot nog
1546 2140 2631 2207 ler. Er is niets vreemds in die overeenstemming. Het
2622 2146 3214 2217 gen: en niettemin geeft wat
504 2144 1550 2211 Maar laat men dat nu ter zjjde, dan kan men zich
58 2172 478 2237 Degenen die „den'
1551 2182 2636 2249 „Parlementsbericht'' van de eerste beste Oostenrjjksche
2649 2187 3194 2250 Een soortgeljjke volwaking
487 2196 1549 2251 verlustigen in den rijkdom van Schnitzlers Joden-voor¬
23 2208 490 2273 enEebhen klaarblijke-
1553 2217 2357 2289 courant geeft een aanvullende verklaring.
2629 2219 3220 2285 den dilettant uit zuivere zel
477 2228 1551 2288 stelling. Welk cen menigte types heeft hij hier bjjeen¬
26 2243 492 2316 zou geven. Hjj heeft
1585 2247 2632 2317 Hier met het portret van den jongen Stauber, en la¬
2630 2268 3183 2316 is en arm wordt, omdat, ten
481 2269 1554 2327 gebracht ! Wel torverstaan, — hij is streng binnen dien
34 2293 489 2353 leurstelling. Zjj ligt
1550 2301 2636 2359 ter komen dat van Leo Golowski en zjjn zuster There¬
2624 2310 3173 2369 Ik juist het geringste, slapst
482 2312 1555 2366 allernauwsten kriag gebieven van Joodschen rijkdom en
31 2336 498 2399 deljjk wes; niet aun
1547 2347 2637 2401 se er bij, gaat Schnitzler toch een paar stappen buiten
2629 2348 3130 2406 der is dan wat ter wereld
468 2360 1558 2411 zi#anhngers. lij toont alleen bankiers en bankiers¬
26 2364 375 2424 gepesen.
1559 2367 2636 2442 den nauwen kring van zisn luxe-menschen, Stauber heeft
2624 2380 3114 2443 ste, dat door ecnige opo
481 2400 1555 2443 families met wät daaraan vast zit van journalisten,
18 2389 484 2468 ere reden teleurgesteld
1553 2404 2638 2471 cen politiek idenal, en liidt er voor. Thérèse is cen
2625 2427 3146 2478 aangename dingen gekoch
477 2409 1551 2496 schrijvers en andere „intellectucelen.?' Maar wat cen
18 2445 473 2505 en reden daartoe. Zi
1549 2444 2642 2506 socialisten-leidster. Golowski, in zijn diensttijd bjj het
2633 2453 3159 2524 egolste-figuur is een vaste
472 2464 1193 2515 rijke variaties vag deze cene soort!
24 2490 494 2546 ing dien hij getoond
1542 2487 2627 2549 leger door een antisemitischen luitenant grof beleedigd,
2617 2483 3190 2556 als die van het slachtoffer
516 2490 1562 2566 De familie Ehrenberg; Ehrenberg Senior is con geloo¬
36 2520 495 2584 heeft vorkleind. De
1550 2532 2640 2602 maakt van het cerste nur van zijn vrijheid gebruik om¬
2636 2545 3185 2602 Wergenthin is, in ziin geurt
490 2539 1552 2594 vige Jood. Zienist in zijn vrijen tijd, die alleen om zijn
46 2562 489 2619 Weenen, — goed. Maar
1552 2576 2140 2639 ziin beleediger uit te dagen.
2629 2571 3174 2635 hij is, en hij wil het zin,
477 2581 1555 2640 familiete believen S. in plaats van voluit Salomon op
67 2589 483 2658 het grootburgerlijke
1591 2595 2641 2673 „Gisteren, mencer de Juitenant, zijt u meér geweest
2628 2607 3192 2674 ven door ziin temperament,
487 2626 1557 2677 zin deur zet, den beau-monde die op de ontvangdagen
26 2632 485 2692 van het Joodsch-groot¬
1551 2638 2632 2708 dan ik, voorloopig zijn wij geljjk, maar morgen om de¬
2629 2643 3221 2723 gelijken in Schnitzler's werl
481 2660 1563 2714 van zijn vrouw verschijnt nict wil kennen, en vacantie
23 2671 490 2740 van een allerkleinsten
2628 2686 2868 2753 neert het.
1549 2688 2642 2763 zen tijd zal een van ons twecön weer meer zijn dan de
487 2700 1557 2751 neemt uit zijn zaken om naar Jeruzalem te gaan. Met
20 2707 491 2778 van de Weener samen¬
2654 2718 3222 2789 Heeft Schnitzler dat precies
1555 2720 2637 2794 andere.“ Do blteckenis van het „ietwat talmudistische
480 2735 1561 2794 dat al heeft hij zijn zoon Oskar niet op den weg der
25 2750 488 2816 goed. Zjj voolen zich
2629 2756 3213 2827 aan mogen trifelen. In het
1552 2763 2641 2826 gezegde'' wordt den niet-talmud-kenner duidelijk gemaakt
492 2770 1554 2825 vaderen kunnen houden. Oskar heeft zich laten doopen,
19 2792 490 2856 ist zouden ze Schnitz¬
1561 2803 2635 2858 door ecn vuistslag tegen het voorhoofd. „En na het
2626 2794 3190 2872 Als Georg ziin vader een
477 2801 1566 2868 is reserve-officier bij de Uhlanen, zoekt den omgang
26 2837 172 2886 iet !
1562 2843 2648 2906 tweede schot is Golowski werkeljjk aanmerkeljjk veel
2624 2841 3220 2908 speelt „een eenvondige meld
477 2846 1571 2893 zijner adelljke kameraden; en is, al doende, 266-
21 2855 488 2934 ölf partij wanneer men
2622 2879 3199 2946 barmonieen, die het simpele
1548 2874 2633 2939 meer geweest dan de Juitenant, want die was niets, min¬
476 2893 1566 2954 zeer Christen Oostenrijker en edelman geworden, dat hij
34 2902 489 2978 Waartoe zulk een zelf¬
2629 2928 3209 2975 en daarbjj overgaat in „wild
1548 2921 2638 2982 der dan niets: cen doode“. Een politick ducl — dat is
479 2927 1569 2994 bij het voorbjjgaan aan een kerkdeur het hoofd ont¬
1557 2950 2635 3016 iets nieuws in Schnitzlers werk — die hij tot nog toe
2639 2959 3212 3024 vraagt de vader, een kenner
494 2964 1560 3027 bloot. Wanneer zijn vader, dat ziende, hem op de open¬
20 2970 490 3045 voro tegenwoordig in
1550 2994 2530 3058 liet uitvechten gebeurden om „cavaliers-händel“.
2643 3010 3192 3063 van ziju zoon, schljnt het —
486 2996 1568 3055 bare straat een oorveeg geeft, wascht hij zjj bezoe¬
17 3021 495 3088 den jaar mankte Georg
1669 3024 2629 3091 besluit: Nürnberger, menschen-kenner en levens¬
2627 3039 3219 3094 En z00 als dat er staat wo
486 3034 1564 3102 delde eer rein doer ziin eigen bloed. Kan het correeter?
29 3060 496 3123 iin Jettchen Gebert —
1547 3070 2644 3129 beschonwer die schrifver moest zin eigenljjk, maor uit
2630 3072 3221 3139 De oude man spreekt cr me
508 3077 1563 3134 Zijn zuster Else wijkt nag cen anderen kant, even
28 3101 495 3168 toe doordrong, blijkens
2635 3126 3192 3182 dat Georg er komen zal, in
1558 3111 2640 3181 pure zelf-critick er niet toe komt. Hjj is de kritikus
483 3106 1564 3182 ver van de Joodsche traditie al: zij zockt het in het
18 3144 493 3205 ux Mondes opnam over
1552 3157 2633 3216 van de Joden als van alle andere menschen en dingen.
2623 3145 3219 3216 leven, Het ééne jaar dat Sc
490 3160 1572 3225 erigineele. Zjj weet nict zeker of zjj actrice, pleogzus¬
17 3178 492 3245 er toe gebracht heoft
1559 3181 2637 3260 Door hem uit Schnitzler zijn eigen gedachten over „het
2634 3192 3198 3259 is cen bevestiging van dat
483 3198 1561 3246 ter, groote dame in Weenen, milliardairsvrouw in Chi¬
12 3212 490 3279 ekomen — de pas ver¬
2522 3227 2641 3289 bi
1558 3232 2550 3296 Jeden-rraagstuk.“ Daarmee komt hi het dichtste
2638 3231 3214 3286 op het eind, stelt Schnitzler
491 3228 1569 3291 cago of gezellin-op-de-vlucht van cen virtuoos of cen
20 3250 494 3316 dert langer al bekend
1561 3258 2635 3321 dat wat men zich wel moet voorstellen als zin doel.
490 3262 1564 3329 Spaanschen officier zon willen zijn: soms daareniegen
2625 3269 3216 3328 den man die „den weg naar
19 3300 489 3362 r die „Juden von Zirn¬
1560 3311 2637 3358 Maar het is alleen een naderen, geen bereikon. Ook
2632 3306 3212 3372 den. Men mag wel vragen:
483 3309 1569 3359 heeft de gedachte ook wel een bekoring de brave stille
24 3333 494 3399 ele Joden-drama's. Van
1558 3344 2639 3395 Nürnberger zegt niets definitiefs; tenzij men dan als
2624 3346 3212 3409 Een andere is niet te ontde
495 3350 1557 3405 zorgzame vrouw van ccn eonvondigen „Gutsbesitzer'' te
27 3373 494 3425 is ecn geheel deol —
2634 3384 3195 3451 het „tot niets verplicht te
1556 3390 2638 3437 zoodanig zou willen schatten zijn opmerking „dat de
491 3391 1573 3450 worden, eene moeder van vele kinderen, vroeg-grifs (van
11 3409 490 3472 ld met de geschiedenis
1558 3414 2644 3486 Joden misschien cens zullen blijken cen menschheids-fer¬
2628 3428 3220 3488 begin af als de allerbegcerljj
488 3431 1558 3490 wege de zorgen) en met een zacht-gelaten glimlach al¬
22 3442 492 3513 sten en een Jodin; en
1556 3461 2645 3516 ment to zin geweest.“ — cen opratting die hier niet
497 3471 1563 3533 tijd op het gezicht (vanwege de ourechtvaardigheid van
2629 3464 3220 3523 ler zou kunnen antwoorden:
22 3494 496 3552 ber die Liebe'?) vin¬
1559 3496 2644 3568 voor de cerste maal die formule vindt. Voor het ove¬
2635 3501 3196 3576 het slag van Wergenthin is
494 3500 1560 3560 het Lot). Zjj zeu gaarne iets hcei buitengewoons doen,
23 3524 502 3589 idder en de Spaansche
1557 3534 2639 3593 rige zijn het alles maar „boutades', paradoxen, geestig
495 3541 1565 3588 waar iedercen % handen van in elkaar slocg. Maar de
19 3562 501 3625 trotscert. Maar bij allen
1556 3584 2641 3635 i natuurlijk. Schnitzler is buitengewoon geestig. Hjj heeit
495 3577 1565 3639 buitengewone dingen zijn z00 moeilijk te volbrengen!
17 3607 499 3665 ders dan bij Schnitzler.
1555 3615 2640 3671 gezegden die aan Heine doen denken. Maar men voelt
496 3625 1570 3680 En, gelukkig voer de rust der familic, houdt Elsje van
10 3636 500 3703 Endorf als voorbeeld te
493 3661 1563 3713 haar gemak meer dau van denig ding ter wereld. Mama
1553 3665 2647 3719 er alte duideljjk in het welgevallen aan de geestigheid
6 3668 500 3739 en als cen kleine min¬
489 3686 1563 3759 Ehrenberg is heei kalm onder al haar voornemens. De
1565 3698 2650 3749 op zich zeif ôm zich zelf, om het even of cen waar¬
18 3711 2691 3812 deljjk hooger staanden, I gpede vrouw voorziet van het begin af het voordeelige heid belicht wordt door het schitterende vuurwerk of
