3296 4384
1407 134 1759 215 box 3/2
245 136 1238 219 23. Der Neg ins Freie
128 708 632 767 nzweites Buch des letzten
760 722 1756 773 Humor ist ein seltener Gast in unseren Tagen und
128 752 620 803 fmerksamkeit aufgenommen
709 757 1752 799 darum — wie Norbert Falks hier schon gerühmtes „Meister¬
140 799 621 843 wirklich eine Tageszeitung,
714 796 1567 856 buch des Humors“ und seine „Schatzkammer
1569 796 1759 850 (Ullstein
133 831 631 883 wurde? Gab es wirklich in
712 835 1765 883 & Co., Berlin) erweisen — umso gesuchter. Es mag ver¬
167 869 625 913 der teil am öffentlichen
710 878 1756 931 wunderlich klingen, aber es ist so: Oesterreich, das hart¬
170 905 624 957 drohende „Cavete“ Emil
708 910 1760 956 geprüfte, ist reicher an humorbegnadeten Dichtern, als
178 941 631 998 Die Erfüllung des Wun¬
709 952 1757 993 Deutschland. Man blättere daraufhin nur einmal Staack¬
128 975 621 1038 eses mit hinreißender Kraft
709 991 1753 1035 manns Verlagsanthologie „Aus deutschen Dichtern“ durch.
123 1028 616 1070 rde durch den ziemlich hohen
715 1030 1756 1071 Da ist Meister Peter Rosegger, der Steirer, dessen
129 1060 623 1106 n weiten Kreisen erschwert.
709 1070 1757 1115 neues Geschichtenbuch „Alpensommer" (L. Staack¬
122 1097 618 1143 ke des Verlegers, dies wert¬
716 1109 1756 1147 mann, Leipzig) im Titel seines Dichters reifes und früchte¬
121 1140 616 1185 be herauszubringen, gewesen
716 1145 1754 1188 schweres Fabuliertalent treffend symbolisiert. Da ist der
129 1178 625 1233 nd, daß in verhältnismäßig
714 1188 1757 1237 Tiroler Rudolf Greinz, der „Aus'm heiligen
129 1220 618 1267 dieser Volksausgabe herge¬
713 1223 1747 1267 Lande“ (Staackmann) lustige Geschichten voll kraftvoller
136 1250 620 1313 besonders wertvolle Beigabe
715 1263 1759 1312 Charakteristik und kerngesunder Lebensauffassung vorbringt.
126 1291 618 1348 usgabe außer dem faksimi¬
715 1303 1750 1351 Seinen südtiroler Landsmann Richard Breden¬
128 1329 621 1387 ppelin eine sehr interessante
701 1337 1747 1384 bücker vollends schätze ich seit seinem Roman, UntermLiebes¬
154 1372 625 1426 Schweizerfahrt, die Emil
708 1376 1755 1433 bann als einen der schärfsten Psychologen überhaupt, und
129 1403 640 1476 ppelins mit dem bei Echter¬
715 1415 1752 1469 eine neue Erzählung „Die tote Kohle“ (Adolf Bonz
132 1447 334 1501 emacht hat.
714 1454 1757 1504 & Co., Stuttgart) bestätigt diese hohe Meinung von Breden¬
130 1477 628 1541 Dichter vom Unterhaltungs¬
703 1496 1276 1546 brückers dichterischer Begabung.
1285 1496 1759 1549 Zu diesen Meistern hat
161 1527 625 1583 Huldschiners und Huchs
711 1537 1746 1591 sich seit Jahresfrist ein junger Gesell getan, dessen herz¬
140 1566 612 1620 auch Wilhelm Poecks
706 1577 1744 1631 hafte Frische, dessen bildlicher Reichtum, dessen überquellen¬
205 1606 613 1658 (Union, Teutsche Ver¬
706 1613 1748 1667 des Talent ihm mit einem Schlage nicht nur sein engeres
141 1641 627 1694 einer Aufzählung lesens¬
705 1650 1759 1699 Vaterland, sondern die ganze deutsche Welt eroberte. Wir
185 1686 625 1735 Schon deshalb, weil es
706 1693 1755 1735 meinen Rudolf Hans Bartsch. Baron Gagern hat
147 1716 622 1763 eines einheimischen Autors
712 1732 1739 1770 an dieser Stelle über seine „Zwölf aus der Steiermark“
123 1748 615 1811 ngestaltung und des Hallig¬
701 1769 1746 1820 geschrieben. Heute liegt im gleichen Verlage (Staackmann)
126 1806 625 1852 Leben auf einer einsamen
704 1811 1743 1846 der nicht weniger reiche Roman von den „Haindl¬
119 1828 619 1886 r Beobachtung der Details
712 1835 1752 1892 kindern“ vor: das Wienerischste, das Liebwerteste, was
123 1880 615 1931 nd Experimente des Hallig¬
709 1881 1754 1927 die neuereDichtung aufzuweisen hat. Es wird sich späterhin
129 1914 617 1976 t beinahe historischer Treue
711 1925 1746 1969 die Gelegenheit ergeben, auf dieses und andere der hier
125 1951 615 2012 üibernommen. Schade nur,
696 1963 1629 2004 kurz gekennzeichneten Bücher des näheren einzugehen
1633 1965 1746 2017 — für
137 1998 617 2050 Verwicklungen und Men¬
704 2000 1754 2053 heute genügt der Vermerk: das neue Buch von Bartsch ist
126 2039 613 2093 nisch sehr brüchigen Gestalt
705 2040 1753 2091 da. Emil Ertl, Steirer gleich Bartsch und gleich ihm in
142 2077 195 2120 ng
290 2073 623 2124 gar so romanhaft
711 2078 1751 2126 Wien zum berufenen Schilderer der Wiener Vergangenheit
129 2112 616 2164 darüber vollkommen seine
704 2121 1735 2163 geworden, hat seinen „Leuten vom Blauen Guguckshaus“
125 2140 615 2201 mtechnischen Romanbehelf
763 2154 1751 2214 Wien vor hundert Jahren — einen groß angelegten
131 2186 181 2230 n
180 2189 611 2242 Poecks, „Nordkaper“
705 2190 1747 2252 Roman aus dem Sturmjahre „Freiheit die ich
123 2225 618 2283 pft in seinen Gestalten an
702 2221 1759 2275 meine“. Wien vor fünfzig Jahren — folgen lassen.
150 2269 617 2313 Paribom Dabelstein, Ham¬
716 2270 1756 2315 L. Staackmann.) Das kulturhistorische Element, das in
126 2301 604 2350 licht an Bord eines Hapag¬
705 2313 1744 2369 Bartsch und Ertl stark ist, tritt in Arthur Schnitzlers
121 2333 615 2394 nd um sie gruppieren sich
705 2352 1754 2407 erstem großen Roman „Der Weg ins Freie“ (S.
140 2377 615 2427 zu einem fidelen Reise¬
708 2389 1755 2451 Fsscher, Berlin) gegen das Psychologische zurück. Es ist ein
123 2419 624 2478 fahrt ist Island, das Poeck
705 2422 1740 2482 Puch von den letzten und geheimsten Dingen in uns, eine
143 2454 469 2510 zu schildern weiß.
696 2467 1744 2513 Seelenoffenbarung aus subtilster dichterischerIntuition: ein
133 2496 624 2551 s Versprechens wieder ein¬
688 2494 1742 2555 Buch, das den Lebensästheten durch seine Tage und Jahre
123 2536 615 2591 namhaft zu machen. Unter
695 2544 1740 2594 begleiten wird. Schnitzlers Freund Hermann Bahr
141 2574 612 2624 „Buch der guten
697 2580 1743 2633 legt in seinem Roman „Die Rahl“ (S. Fischer) umso
108 2598 619 2669 burg) keinesfalls fehlen;
699 2622 1752 2674 betonter auf das Kulturgeschichtliche und Volkspsychologische
120 2654 611 2710 Sonne und Liebe gesättigt,
701 2660 1754 2714 Gewicht. Wenn er Wort hält, so haben wir in dieser an
122 2694 610 2747 nden und Fehlern gedeihen,
706 2707 1750 2760 ntimsten Seelenbeobachtungen wie an historischen Realitäten
122 2731 611 2785 stebel, die vom Meere her
699 2745 1743 2810 reichen Geschichte einer Schauspielerin den ersten Band
140 2773 617 2825 Geschichten des Holsteiners
697 2779 1531 2840 einer Wien umfassenden Romanserie vor uns.
111 2799 639 2873 PPresbers sonnigen No¬
754 2813 1537 2863 Wir haben uns in Oesterreich verloren —
1551 2809 1745 2872 und wollen
126 2845 617 2897 da sie „Das Mädchen
702 2850 1750 2909 uns nun erinnern, daß auch uns Reichsdeutschen Hoff¬
121 2882 611 2945 se Menschenexemplare schil¬
698 2900 1737 2948 nungen und Begabungen blühen. Hermann Hesse,
123 2927 610 2976 rlagsanstalt, Berlin), von
698 2930 1743 2983 dessen Peter Camenzind“ den schnellen Ruhm mit den
120 2963 613 3021 eit durchglüht, die noch die
705 2971 1750 3028 „Zwölf aus der Steiermark“ teilte, hält in seinem neuen
129 2998 615 3054 gütigem Humor vergoldet,
699 3009 1748 3062 Novellenbande „Nachba rn“ (S. Fischer) künstlerisch ein
127 3047 624 3094 rste dieses Sonntagskindes
697 3048 1744 3098 Niveau, das seine fortschreitende Entwicklung zum No¬
147 3073 611 3131 neuer Gedichtband „Aus
693 3085 1744 3144 vellisten großen Stils, zu einem unserer Ersten zeigt. Seines
122 3119 617 3182 G. Cottasche Buchhandlung,
697 3124 1739 3182 Freundes Finckh „Rapunzel“ (Deutsche Verlagsanstalt,
129 3158 608 3209 ius liegt Presber im Blute,
703 3160 1739 3214 Stuttgart) wurde schon gewürdigt. Als reife Meisterin des
117 3198 615 3259 hste Sprache: die Sprache
698 3207 1751 3245 naturalistischen Romans, als Natur= und Menschenschil¬
691 3237 1757 3292 derin ersten Ranges erweist sich in dem Eiffelroman „Das
1837 702 2888 785 Kreuz im Venn (Egon Fleischel & Co., Berlin) wieder¬
1841 769 2889 824 um Clara Viebig. Eine kräftig zugreifende Hand,
1847 802 2889 863 ein kluges und verstehendes Auge eignet auch Josef
1840 839 2880 895 Ruederer. Seine aus dem bairischen Volksleben ge¬
1849 876 2885 928 griffenen „Tragikomödien (Süddeutsche Monats¬
1845 920 2885 981 hefte, München) haben einen stark satirischen Einschlag.
1841 953 2888 1007 Rein politische Sative — aber aus einer glänzenden Cha¬
1841 994 2881 1047 rakterisierungsgabe heraus gestaltet — ist Ludwig
1846 1032 2889 1095 Thomas sehr boshafter und witziger „Briefwechsel
1845 1074 2886 1129 eines bayrischen Landtagsabgeordneten“.
1847 1110 2879 1172 Langen). WilhelmHegeler, vielfach mehr der Unterhaltungs¬
1845 1146 2880 1195 belletristik zugeneigt, ringt seit dem „Ingenieur Horst¬
1839 1188 2889 1252 mann“ und dem „Pastor Klinghammer“ ernst um die
1842 1231 2875 1280 großen Probleme unserer Zeit. Sein neuer Roman „Das
1853 1267 2882 1322 lergernis“ (S. Fischer wird ernsten Menschen viel
1841 1309 2887 1367 geben. Ganz anders kommr Hans Heinz Ewers in
1841 1346 2890 1398 seinem bei Georg Müller, München, verlegten Geschichten¬
1845 1383 2890 1445 buch „Die Besessenen“ daher: als ein Excentric, der
1846 1420 2880 1486 den Sprung in das Bereich des Unheimlichen und Gespen¬
1847 1461 2878 1512 tischen wagt, als ein deutscher Nachfolger Poes und ein
1841 1500 2891 1560 Erzähler von blendenden Qualitäten. Dem Historiker reicht
1847 1548 2887 1598 er Dichter die Hand in E. G. Kolbenheyers Spinoza¬
1839 1576 2886 1626 Roman „Amor Dei“ (Georg Müller). Es ist dies nach
1840 1615 2877 1678 Otto Hausers Erzählung der zweite beachtenswerte Versuch,
1839 1655 2876 1713 den großen Philosophen in der Dichtung menschlich zu be¬
1841 1696 2879 1749 greifen, und Kolbenheyer ist von den beiden Autoren der
1844 1739 2423 1797 dichterisch ungleich eigenartigere.
1865 1779 2883 1841 Von der Historie findet sich auch in den, Balladen
1829 1818 2879 1875 und ritterlichen Liedern“ desFreiherrnBörries
1841 1861 2882 1908 von Münchhausen gar viel, die jetzt mit dem vierten
1832 1901 2877 1956 Tausend in den Verlag Fleischel übergegangen sind. Vor'm
1840 1935 2872 1991 Jahr war diesem stärksten deutschen Balladendichter unserer
1839 1979 2884 2026 Tage — Liliencrons Begabung ist nicht in dem Maße
1833 2016 2878 2073 balladesk — an gleicher Stelle ein Feuilleton gewidmet: so
1841 2054 2876 2110 begrüßen und empfehlen wir hier die neue handlichere
1839 2091 2877 2157 Ausgabe mit einem herzlichen Glückauf und freuen uns
1841 2137 2877 2183 m besonderen der burschikosen und der lyrischen Zugaben,
1828 2166 2875 2227 die einen reizvoll persönlichen Ton in den gotischen Dom
1837 2211 2885 2269 dieses Buches tragen. Aus der übrigen Lyrik seien noch
1839 2249 2879 2293 Cäsar Flaischles „Zwischenklänge“— Stimmun¬
1837 2293 2877 2335 zen, Briefblätter, Lieder (Fleischel) — und die gesammel¬
1839 2331 2880 2399 ten Gedichte von Max Bruns (Verlag I. C. C.
1831 2365 2550 2420 Bruns) mit Hochachtung hervorgehoben.
1892 2408 2878 2459 Von Dramen seien kurz einige zitiert, deren Buchaus¬
1834 2458 2875 2497 gabe der Bühnenaufführung voraufeilte: von dem Ham¬
1827 2491 2856 2538 burger Poeten Alexander Zinn liegt (bei Bruns
1832 2530 2885 2579 ein Drama in drei Akten „Kreuzigung“ vor. Bei
1833 2563 2874 2615 S. Fischer erschienen Moritz Heimanzs Lomödie
1828 2608 2885 2648 „Joachim Brandt“, Arthur Holitschers (zhetto¬
1828 2648 2883 2715 legende „Der Golem" und Nils Kjärs Ss zuspiel
1829 2682 2501 2749 „Der Tag der Rechenschaft“.
2778 2728 2850 2784 —t.
2018 2836 2695 2922 Hamburger Kunstgesellschaft.
2166 2906 2534 2979 Russischer Abend.
1890 2945 2833 3029 Der gestrige Abend ließ das Dreigestirn Tolstoi
1831 3008 2876 3066 Tschechow— Gorki aufleuchten Drei Erzählungen
1825 3044 2878 3095 dieser drei russischen Meister kamen zu Gehör. Moxim
1832 3087 2879 3138 Gorkis Problem=Novelle „Der Khan und sein
1822 3125 2872 3181 Sohn, Leo Tolstois Volkslegende „Wie viel
1821 3165 2872 3223 Erde braucht der Meusch?“ und Anton Tschechows
1826 3204 2879 3264 lyrisch=philosophische Studie „Der Student: Dazu
1829 3249 2864 3318 gesellte sich Richard Dehmels gedankenschwere und farben¬
