3296 4352
187 228 1204 343 23. Der Neg ins Freie
1362 237 1766 337 box 3/2
400 292 1244 355 Dei RegansAiene
2630 1552 3280 1643 — ——
1602 1588 1849 1682 W
2069 1597 2283 1680 en
2973 1621 3055 1685 LHOUT
2325 1595 2938 1689 Sanenae
304 1652 3275 1727 lebung der Vinischgauer Landschaft. Aber davon findet sind nur Mittel zum Zweck: das hohe Lied von der Menschen ergreifen und mit sich for
305 1703 3265 1768 man saum eine Spur. Die rechte Ortsfarbe, der Erdgeruch schönen Murstadt zu singen. Nichts ist natürlicher, als daß Sprache. Wie in einem Kaleidoskop
310 1750 3266 1815 der Heimatscholle, das fehlt. Wir müssen uns dagegen dabei der stvaffe Aufbau in Brüche ging. Aber die reine in dem Buche vielfarbig die Ideale, )
314 1802 2552 1857 wehren, daß diese Geschichte ein Heimatroman ist. So Geschlossenheit war gar nicht netwendig, denn der Roman
2540 1797 3282 1866 schaft und weit darüber hinaus auch
319 1837 2560 1911 schätze ich das Werk ebenso ein, wie eine Geschichte der ist in erster Linie nicht episch, so merkwürdig das klingen
2548 1848 3271 1903 lichkeit bewegen. Von Naturreligion u
1428 1873 2554 1936 mag. Er hat eine lyrische Grundstimmung; alles ist auf
319 1887 1441 1961 „Jugend“. Höheren künstlerischen Wert kann ich ihr nicht
2552 1885 3278 1955 Kunst jeder Art und Zeit, von Nati#
1427 1929 2553 1988 Ton und Stimmung geschrieben. Es liegt viel Träumerisches
307 1929 556 1999 beimessen.
2547 1933 3267 1994 hader, von der Liebe in den verschied
399 1974 2551 2030 Auch aus anderen Gründen nicht. Die Geschichte ist darin, etwas Unbestimmtes und Ahnungsvolles; und doch
2544 1978 3267 2042 von Naturmenschen, von Sozialdemok
1423 2026 2546 2081 wieder sachliche Wirklichkeit. In Kantilener und Wigram.
312 2013 1442 2079 unerfreulich und die Begründung der zweiten Hälfte recht
2547 2023 3263 2080 von Sanatorien, von Wilhelm dem I
1433 2067 2563 2114 den beiden Hauptpersonen des Romans — deren Namen
306 2059 1450 2121 mangelhaft. Der Aufbau des ersten Teiles ist nicht übel.
2542 2064 3269 2129 deutschland und von der „stillen Größ
1435 2108 2561 2175 übrigens auch bezeichnend gewählt sind — finden wir den
310 2100 1447 2166 Das ist so ziemlich das einzige, was ich Lobendes davon
2542 2109 3264 2167 Heimat“, von allem möglichen ist di
1431 2156 3265 2216 lyrischen und den verstandesmäßigen Grundion verkörpert. altes holländisches Kirchweihfest voll
315 2148 1442 2213 sagen kann. Am Schlusse überwiegt das Gefühl der Un¬
312 2193 1445 2256 befriedigung und des Mißbehagens. Das Werk ist ein
1442 2194 3276 2256 Sie und die übrigen Genossen haben viel gärende und danken. Alle Torheiten und Seligkeiten
310 2240 1444 2305 Zerrbilo, das keine besseren Gefühle, nur solche des Ekels
1435 2240 3261 2303 überschäumendo Jugendkraft mit all ihren Licht= und den Jugend werden vorgeführt, vom
1432 2291 3277 2350 Schattenseiten. Es sind suchende und irrende Naturen, der heimatlichen Scholle über Naturme
311 2290 1440 2342 und Abschens auslöst. Der Held ist nicht selbsttätig, er
1428 2325 2557 2391 deren Phantasie und Gemütsleben Riesensprünge machen.
306 2314 1440 2387 wird gestoßen; und dort, wo er handelnd auftreten sollte,
2539 2328 3276 2393 sophie hinaus bis zur erhabenen To#
1426 2374 2552 2422 Sie maßen sich wohl die „Vorrechte einer ästhetischen
305 2375 1435 2426 ist er ein Subjekt, so gemein und feig, daß man es in
2549 2378 3268 2440 der durch Briefe Wilhelm den Zweit
1431 2417 2546 2486 Welt“ an, sie kümmern sich um „engherzige herkömmliche
302 2416 1439 2474 der Tiroler Geistlichkeit wohl vergebens suchen dürfte. Die
2546 2424 3272 2473 Kaiser, der seit Napoleon dem Erster
1424 2464 2550 2523 Auschauungen" und „Philistergebräuche“ nicht viel. Aber
318 2460 1429 2515 Sprache will kräftig sein. Da war der Geist wohl willig,
2549 2471 3272 2517 macht“, in seinen Handlungen belehren
1434 2505 3279 2557 sie sind nicht schwach und haltlos, sind keine Verfalls= bessern zu können glaubt. Wir stehen
317 2502 1432 2563 aber die Fähigkeit nicht vorhanden Ganze Seiten hindurch
1434 2556 2549 2607 naturen, wie solche eine frühere Zeit mit Vorliebe ge¬
304 2549 1430 2605 lesen wir lauter einfache Hauptsätze. Das ist keine künst¬
2537 2550 3263 2610 von Vorwürfen und Gedanken und G
1423 2592 2545 2655 zeichnet hat. Sie straucheln zwar auch und fallen, aber sie
308 2594 1430 2660 lerische Durchbildung der Sprache. Die Folge davon ist,
2542 2593 3232 2659 Ganze wird umfangen von einer
1423 2637 2552 2692 erheben sich wieder. Und darin liegt viel Kräftiges, etwas,
314 2635 1194 2690 daß die Sprache bockig und gehlkt erscheint.
2541 2637 3245 2706 steierischen Heimat. In kraftvollen,
1430 2683 2552 2732 was über die Mode hinausgeht. Gerade in der Darstellung
390 2673 1443 2753 Ich lege den Roman mit einem schmerzenden Gefühle
2549 2668 3272 2760 jauchzenden Worten wird ihre eigentü
1432 2726 2547 2782 der Liebe finden wir das. Sie ist nicht unverhüllter
2536 2725 3255 2780 schildert. Und gerade darin finde ich
305 2735 1431 2792 aus der Hand und stecke in tief ins Büchergestell, um ihn
1412 2774 3268 2829 Rausch der Sinne oder des Phantasielebens, nicht bloß die Größe des Romans. Denn er gehl
306 2776 846 2845 nie wieder hervorzuholen.
1424 2814 2554 2879 eine nervöse Aufregung, der die Abspannung folgt, ob¬
2533 2818 3274 2873 die ich seit langem gelesen habe. De
394 2814 1432 2877 Ein Buch, das man mehrmals lesen muß, um ganz
1429 2847 3277 2918 wohl auch solche geschildert wird. Sie ist mehr. Sie ist solchen müssen wir Barisch nach diesen
311 2830 1426 2918 in seine eigentümliche Schönheit einzudringen, ist der
1423 2897 2707 2971 gehoben, auch dort, wo sie sündhaft ist. Sie führt zur nennen
2685 2893 3272 2966 — dringt mit ganzer Seel
315 2892 1441 2969 Roman „Zwölf aus der Steiermark“ von Rudolf Hans
2542 2948 3247 2999 Menschenherzens ein und holt eine
2439 2950 2554 3014 An
314 2942 2397 3000 Bartsch. Das Werk hat schon, wie es im „Marz“ er= Klärung, zur Besinnung und innerlichen Einkehr.
1423 2986 2538 3046 vielen Stellen finden wir fast etwas antik Klares und
313 2992 1443 3059 schien i“ berechtigtes Aufsehen erregi. Der Verfasser
2541 2970 3256 3047 Bilder daraus hervor. Noch tiefer ab
314 3032 2533 3087 nennt es einen Roman. Ein solcher im strengen Sinn des Heiteres in dem Buche. Nicht in den Gedanken, wielmehr
2528 3022 3265 3094 Schönheit der Landschaft ein. Wir sel
1428 3079 2540 3127 in der Lebensführung der Helden. Darin allerdings sind
2539 3079 3258 3131 steierische Land sich vor unseren Au
312 3084 1423 3140 Wortes ist es nicht. Es ist keine geschlossene Geschichte mit
1432 3121 2532 3180 sie „moderne Heiden“. Und auch in nationaler Beziehung
2538 3112 3275 3177 blauende Fernen. Förmlich greifbar
308 3127 1430 3193 einem Helden, sondern es hat deren gleich zwölf. Und
1428 3160 2346 3222 werden viele Linksstehende unbefriedigt bleiben.
2536 3156 3281 3233 wird der Roman auch zum hoben Lit
313 3158 1428 3224 doch ist es wieder eine Geschichte ohne Helden. Wenn wir
1507 3209 3264 3268 Was nun im Laufe von etwa zwei Jahren durch junge südsteierischen Landes und da nit ein
304 3212 1437 3271 aber genau zuseven, so ist die Stadt Graz die Heldin
2527 3255 2725 3321 Ranges.
1436 3231 2544 3321 Studentenköpfe schwirrt, die den verschiedensten Berufen
305 3250 1446 3313 des Romans, „die naturzurückverlorene Stadt der Gärten,
2609 3277 3269 3360 Noch in einer anderen Beziehun
1421 3299 2540 3354 zustreben, körperliche und vor allem geistige Bedürfnisse,
316 3286 1431 3365 die grüne, die baumrauschende, die vor allen großen
1424 3336 3280 3406 das bildet den bunten Inhalt des Buches. Dabei kommt wert und hervorragend: in sprachliche
314 3345 1433 3402 Städten naturbeseelte“. Die ewölf Mitglieder des Vereines
314 3395 3270 3469 der Sonnensucher sind die Träger der Handlung, aber sie alles, was den Verstand, das Herz und die Sinne des! Und gerade hier ist heutzutage Besin
