3296 4352
1004 172 1133 248 Fr
245 171 758 257 23. Der Nei
818 174 925 247 in
1410 168 1794 263 box 3/2
455 196 1284 288 ugeeie
843 776 2522 863 sssssssa Neues vom Büchertisch. B8888888888 321
854 858 1665 920 Entscheidung hätte ihn, da sie negativ aus¬
1684 855 2511 932 als den Schicksalsroman reinsten Wassers er¬
848 907 1663 952 fiel, auch nicht gefreut. Der anonyme Nach¬
1682 908 2520 963 kennt, so freut man sich fast über die Preis¬
852 949 1677 988 ruf, der als Vorwort „Das deutsche Herz“
1672 953 2519 1010 richter, die es ablehnten. In seinen kleinen
841 990 1670 1036 begleitet, sucht die Gründe für die schließ¬
1679 985 2518 1045 Geschichten, wo er seine historische Phantasie
850 1022 1677 1066 liche Ablehnung in den guten, für das
1680 1024 2508 1088 und seine gute Darstellungsart betätigen
847 1060 1676 1105 niedere Publikum eben allzu guten Seiten
1690 1068 2514 1129 konnte, gefällt mir Adolf Schmitthenner viel
854 1101 1671 1154 des Werkes. Ich bin darin ganz anderer
1679 1103 2510 1166 besser. Da hat er etwas Tüchtiges, Treues
840 1148 1663 1185 Ansicht. Ich hätte als Preisrichter gegen
1674 1140 2506 1202 und Echtes, und besonders schön hat er immer
849 1178 1670 1231 das Werk gestimmt, weil es sich im Stoff
1683 1184 2515 1251 deutsches Leben der Vergangenheit zu bannen
856 1219 1661 1266 so völlig vergreift, daß kein Vorzug der
1686 1224 1858 1278 gewußt.
840 1262 1682 1320 Behandlung diesen Mangel wettmachen
1728 1241 2510 1326 „Deutsches Leben der Vergangen¬
847 1286 1670 1346 kann. Der Dichter, der zum niederen, ar¬
1683 1297 2506 1344 heit“ — wer sich ganz einmal darein ver¬
836 1336 1669 1382 beitenden Volke sprechen will, muß diesem
1680 1339 2509 1387 senken will, den kann ich mit herzlicher Freude
849 1365 1672 1429 Volke zeigen, daß jedes ernste, freudige und
1688 1383 2516 1439 nur auf die zwei Bände des so benannten
846 1416 1669 1459 tüchtige Streben auch sein Ziel findet, daß,
1673 1421 2504 1464 prächtigen Sammelwerkes verweisen, das
847 1437 1668 1498 wie Raabe sagt, aus der Tiefe die Quellen
1683 1462 2508 1518 Eugen Diederichs kürzlich herausgegeben hat,
844 1492 1661 1551 kommen, die den Acker der Menschheit immer
1677 1493 2511 1553 das 1760 Nachbildungen alter Kupfer und
841 1531 1658 1581 neu erfrischen daß ein heißes, ehrliches,
1680 1536 2508 1595 Holzschnitte aus dem XV. bis XVIII. Jahr¬
838 1551 1661 1626 begeistertes Wollen immer noch die Wege
1677 1572 2507 1619 hundert enthält und in diesem Anschauungs¬
849 1610 1670 1659 erreicht, die es aufwärts führen. Schmitt¬
1678 1618 2501 1665 material das Leben unserer Altvorderen
836 1644 1671 1697 henner jedoch zeigt ein Geschlecht nicht im
1674 1648 2508 1703 treulich einfängt (Jena 1908, E. Diederichs).
848 1681 1669 1734 freudigen Aufstieg, sondern im jammervollen
1673 1690 2503 1749 Man muß mit ein wenig Andacht dieses
842 1725 1655 1772 Abstieg, und das Bedenkliche, ja geradezu
1678 1729 2501 1775 Kupferstichkabinett im kleinen durchwandern,
848 1760 1665 1820 Unbegreifliche ist dies, daß keine Tüchtigkeit,
1679 1770 2498 1821 aber dann erschließt sich darin auch die ganze
840 1805 1661 1840 kein Streben den Sturz aufhalten kann, son¬
1677 1809 2508 1864 Entwicklung deutschen Wesens. Vornehmlich
849 1837 1668 1885 dern daß der Gute, Edle, Unschuldige unter
1670 1848 2504 1907 das gesellige Leben und Treiben spiegelt sich
858 1883 1662 1927 inem alten Familienfluch die Seinen hin¬
1679 1892 2492 1949 ab, wie sich Adel und Bürgertum vergnüg¬
847 1916 1666 1970 nechen sieht und ein Spielball in der Hand
1671 1928 2499 1981 ten, bei Tafel und Turnier, bei Tanz und
841 1959 1662 2009 geheimer Nachemächte ist, die für den Frevel
1678 1965 2495 2023 Spiel, auf Bällen, Jagden und Festen, auf
854 1990 1664 2050 seine Vorfahren Auge um Auge, Zahn um
1672 2004 2496 2060 der Straße und zu Hause, im Sommer und
835 2028 1658 2091 Zahn fordern. Zwar sagt Schmitthenner:
1672 2046 2506 2101 Winter, im Frieden und Krieg. Man sieht,
850 2078 1662 2114 „Es gibt keinen Fluch, es gibt nur Segen.“
1667 2078 2499 2138 wie die Moden sich wandelten, wie jede
833 2111 1658 2155 Doch wenn er fortfährt: „Aber die Men¬
1665 2123 2499 2179 neue erst mit satirischem Gelächter empfangen
838 2143 1662 2203 schen können also freveln, daß die Natur
1674 2163 2504 2214 wird, um dann langsam zu siegen; man
845 2191 1660 2245 zerrissen wird; da muß denn alles sterben,
1669 2202 2502 2256 sieht, wie die Möbel sich umformten, erkennt
834 2225 1658 2283 damit sie wieder genese“ —, so ist das eine
1670 2239 2489 2281 die tieferen Zusammenhänge zwischen Mö¬
843 2273 1658 2327 pastörliche Dialektik, die durch die Hintertür
1670 2276 2495 2334 beln, Geräten und Tracht und weiter zwischen
845 2315 1668 2361 einschmuggelt, was sie vorn abgewiesen hat.
1668 2316 2489 2367 der Tracht und der Art des Sichbewegens,
834 2338 1658 2396 Man sehe sich diesen prächtigen Junker von
1667 2355 2495 2415 überhaupt der äußeren Formen. Steigen
842 2389 1661 2435 Hirschhorn doch an — geht nicht er und sein
1674 2393 2491 2435 und Sinken der Persönlichkeit läßt sich aus
837 2426 1661 2477 Geschlecht zugrunde an den Sünden der
1664 2433 2491 2476 diesen chronologisch geordneten Nachbildungen
827 2466 1656 2513 Väter? Ist es nicht wieder der dumpfe
1666 2469 2490 2526 deutlich erkennen; von dem Einzelmenschen
826 2506 1653 2546 Spuk, das düstere Verhängnis, das äußer¬
1660 2512 2487 2553 der Renaissance kommen wir in die muntre
834 2536 1658 2590 lich in den berüchtigten Schicksalsdramen
1664 2542 2489 2601 Rokokogesellschaft; aus den Parks und Gär¬
829 2579 1663 2634 waltet, welches auch hier eingreift? Und
1659 2586 2484 2626 ten, wo sie in Schäferspielen getändelt, zieht
832 2607 1658 2671 fordert es nicht zuletzt zu einer Satire à la
1666 2624 2487 2682 sich das leichtlebige Völkchen dann ins Haus
835 2657 1654 2708 „Verhängnisvolle Gabel“ heraus, wenn sich
1661 2660 2491 2718 zurück, wird dort solider, ja kleinbürgerlicher
837 2694 1654 2748 am Ende selbst das Wickelkind durch einen
1666 2709 2482 2745 und bietet sich dem Griffel Chodowieckis. Und
836 2728 1645 2781 Zufall am Giftring der dömonisch auftauchen¬
1657 2740 2489 2795 immer beobachtet man, wie die großen Grund¬
836 2767 1652 2827 den Ahnfrau den Tod holt? Nein, mit
1658 2777 2492 2827 gedanken, die eine Generation beherrschen,
828 2806 1651 2864 dieser Aufwärmung der Schicksalsidee mit
1666 2813 2493 2869 sich auch im Nebensächlichen und Alltäglichen
827 2837 1652 2898 eingemauerten Gerippen und Ahnfrauflüchen
1658 2862 2489 2921 ausdrücken, wie auch die graphische Technik
823 2889 1646 2940 soll man unserem Volke nicht kommen. Wir
1660 2893 2485 2952 davon beeinflußt wird, wie der großzügige,
827 2917 1652 2982 leben ja gottseidank im XX. Jahrhundert.
1664 2936 2481 2993 zu Stilisierung drängende Holzschnitt dem
868 2957 1654 3026 Und doch war es ein prächtiger Erzähler,
1656 2978 2477 3031 der Freude am realistischen Detail mehr
827 3004 1650 3062 der sich an diesen grauslichen und ganz un¬
1655 3012 2482 3070 entgegenkommenden Kupferstich weicht und
825 3046 1646 3094 gewöhnlich unglücklichen Stoff gemacht hat.
1655 3051 2482 3097 dieser wieder von der Radierung abgelöst
827 3081 1642 3137 Wenn man das erste Kapitel liest, wie das
1651 3096 2487 3146 wird. So fängt dieses schöne Werk aller¬
832 3123 1642 3172 Neckartal vor drei Jahrhunderten aussah,
1652 3131 2482 3177 orten dem aufmerksamen Beschauer zu reden
822 3160 1643 3209 lacht einem das Herz. Und es quillt und
1652 3175 2478 3228 an und enthüllt ihm eine Fülle der Zu¬
821 3198 1642 3251 schwillt auch sonst von schönen Einzelheiten.
1659 3205 2482 3266 sammenhänge. Wie in einem Spiegel zeigt
825 3235 1644 3281 Aber wenn man dann an die Theaterszene
1658 3251 2484 3304 es unsres lieben Volkes Leben und Sterben,
829 3283 1635 3325 gerät, in der dem Junker die Hand abge¬
1648 3286 2483 3336 Lust und Leid, und man darf der Hoffnung
820 3314 1643 3366 hauen werden soll, wenn man kopfschüttelnd
1654 3323 2485 3381 des verdienstvollen Herausgebers sein, daß
822 3346 1647 3407 bemerkt, wie im zweiten Buch die Probieme
1654 3369 2484 3420 „diese ehrwürdigen Zeugen alter Vergangen¬
816 3381 1639 3447 verschoben werden, wenn man drittens das
1658 3403 2479 3468 heit auch zu dem neuen Deutschland wieder
822 3425 2211 3496 ganze Werk, so sehr es sich dreht und wendet, eine vertiefte Sprache reden“.
