3248 4096
760 88 1193 167 ins Freie
184 82 663 178 23. Der Ne
1365 87 1708 190 box 3/3
352 107 1185 208 A e e en
838 788 949 879 236
1450 804 1805 890 Deutsche Rundschau.
846 890 2436 984 winkel gewisser Kreise, und für diese gewiß triftig, als ödes, gleichgültiges Geschwätz
841 958 2432 1027 abgetan wird, oder eine junge Sozialistin sich von ihrer Mission auf der Luftreise
846 1008 2422 1078 mit einem windigen Lebemann erholt. Das Judentum, empfindlich und überklug,
854 1045 2425 1121 selbstbewußt und selbstverachtend, unsicher in dem zu intimen oder zu fremden, zu
842 1105 2422 1157 pathetischen oder zu witzelnden Ton, ohne unbefangene Haltung unter sich und gegen¬
851 1143 2424 1210 über andern Schichten wird von Schnitzler mit unerschöpflicher Wahrnehmung des
843 1196 2427 1265 einzelnen und einer gleich dem Strom, der ewig fließt, ergossenen, nie langweiligen,
843 1235 2423 1311 doch allgemach die Nerven irritierenden Beredsamkeit dargestellt. Und wie charak¬
851 1281 2431 1349 teristisch für ihn ist auf S. 446 ein Bekenntnis über die Ungerechtigkeit, zu der der
846 1326 2418 1403 Dramatiker verpflichtet sei! Hier will er nirgend richten, sondern Umschau halten,
845 1380 2425 1445 ergründen. Statt der scharfen, stählenden Höhenluft des Venn umhaucht uns die
845 1422 2427 1491 laue, weiche Atmosphäre des Wiener Waldes, Italiens, Luganos. Das Wort von
845 1467 2428 1550 der „Wärme dieses schmeichlerischen Spätoktobertags, durch den doch immer eine ge¬
848 1516 2419 1591 fährliche Kühle geweht kam“, mag Georgs Verhältnis zu Anna bezeichnen, die eine
849 1565 2428 1632 mysteriöse Grace ablöst. Kein süßes Mädel und kein Anatole stehen einander gegen¬
850 1614 2428 1682 über, sondern ein auf bequemen Lebens= und Liebesgenuß und auf feine, doch lässige
841 1655 2427 1738 Kunstübung gerichteter Aristokrat und ein reifes Mädchen, stärker und treuer als er,
843 1711 2421 1761 auch sie Musikerin, vom Wert ausdauernder Arbeit durchdrungen, ohne heißes Tem¬
839 1754 2414 1824 perament sich hingebend keine Mahnerin zur Ehe doch mit einer verschwiegenen,
840 1805 2426 1866 unerfüllbaren Hoffnung darauf, aller mütterlicher Anlagen teilhaft, aber des Kindes
849 1839 2425 1920 in der von Schritt zu Schritt herangeführten Geburtsstunde beraubt. Wie sehr
841 1898 2419 1957 unser Dichter jeder entschiedenen Tragik ausweicht, zeigt nicht bloß die im denkbarsten
845 1939 2425 2006 Gegensatz zum „bürgerlichen Trauerspiel“ gefaßte Unterredung zwischen Papa Rosner
835 1994 2424 2057 und dem Herrn Baron oder das von minder nahe beteiligten Personen ernster Ge¬
843 2032 2413 2103 sprochene, sondern Annas Resignation und die schwache Haltung Georgs der nach
839 2080 2428 2152 dem „Malheur“ mitten im Affekt doch das tiefe Gefühl, frei sein zu wollen hegt
834 2132 2416 2199 und endlich ein mildes Abschiednehmen von mancherlei Glück und Leid herbeiführt.
835 2171 2412 2242 Was der Räsonneur Nürnberger über Bermann sagt, gilt nicht allein diesem:
838 2226 2418 2288 „Menschen, die sich so viel, fast ausschließlich mit sich selbst beschäftigen, überwinden
838 2268 2426 2329 ja seelische Schmerzen überraschend schnell;“ das geringfügigste physische Unbehagen
837 2316 2411 2403 lastet drückender auf ihnen als alle Herzenspein, „es rührt wohl daher, daß jeder
843 2361 1826 2428 Seelenschmerz irgendwie unsrer Eitelkeit schmeichelt".
935 2405 2409 2482 Einen inneren und äußeren Kontrast zu dem Wiener Semitentum des Schnitzler¬
841 2435 2409 2521 schen Werkes bildet Georg Hermanns zweiter Roman von der jüdischen Familie
835 2501 2409 2569 Berlins, „Henriette Jacoby“ als unmittelbare Fortsetzung seines „Jettchen Gebert“.
827 2541 2407 2616 Wer vielleicht im Hinblick auf den etwas veränderten Buchschluß dieses zu wohl¬
840 2602 2404 2665 verdientem Erfolg gekommenen Erstlings eine literarische Fruktifikation argwöhnte,
835 2648 2413 2711 mag es dem Verfasser nun abbitten, denn er ist durchaus der innerlichen Vertiefung
830 2694 2412 2759 nachgegangen. Er versagt es sich, etwa Onkel Naphtali als komische Figur vor¬
838 2733 2415 2805 zuschieben oder die geschäftlichen und erotischen Abwege des sauberen Strohwitwers
826 2785 2414 2857 Joel=Julius zu verfolgen, sondern entläßt bald die Benschener Sippen samt Pinchen
836 2835 2412 2908 und Rosalie, hält sich im alten Hause Gebert zwar etwas zu ausgiebig an die
835 2878 2413 2941 rührende Linie des greisen Eli und seines Minchen, wendet aber alle zarte Seelen¬
830 2925 2415 2998 kunde und Gestaltung an Jettchen und Jason, den vornehmsten der Familie, bei
834 2972 2409 3045 dem die vom Hochzeitsmahl Entflohene Zuflucht gefunden hat. Auch hier fesseln
836 3023 2403 3091 uns Schilderungen, die mit den Charlottenburger Aquarellen des vorigen Bandes
827 3067 2405 3131 bescheidener wetteifern: Berliner Weihnacht, Potsdamer Rokoko; auch hier wird das
826 3109 2398 3181 Leben von 1839 und 1840 ohne Überladung durch viele kleine Züge aus der Ge¬
834 3155 2415 3231 sellschaft, Politik und Literatur illustriert. Das Hauptinteresse jedoch bleibt bei der
837 3211 2409 3268 jungfräulichen Frau, wie sie sich trotz der von Jason begünstigten Liebesstunden
829 3255 2403 3324 immer mehr dem Geliebten Kößling entfremdet, nicht wegen der Heimkehr zur
824 3294 2410 3360 Familie, sondern weil sie die aus feiner Ironie und zarter Resignation gemischte Neigung
823 3343 2319 3419 des alternden Oheims ebenso leise erwidert. Dieser ganze stockende Verlauf
2317 3360 2401 3412 samt
823 3388 2401 3465 Kößlings unsicherem Literatenwesen ist andächtig und überzeugend dargetan, bis
2771 2003 2810 2052 G
2759 975 2858 1032 weiß
2756 1065 2865 1124 mußt
2766 1114 2826 1166 Na¬
2759 1158 2871 1215 Beken
2766 1208 2850 1262 freili
2768 1255 2881 1321 greifen
2766 1344 2865 1410 Ich e
2771 1395 2851 1448 vielle
2776 1489 2868 1550 Stutt
2765 1537 2825 1636 945
2767 2751 2843 2816 Dich
2767 2941 2815 2992 der
2771 3038 2829 3092 feri
2768 3080 2865 3140 Fras
2769 3128 2849 3179 erklu
2771 3170 2852 3229 tücht
2777 3219 2867 3282 chiede
2772 3313 2878 3368 seinem
2768 3359 2879 3414 chose
2757 3407 2876 3482 beschlo
2902 3407 2951 3475 en
3161 1068 3199 1122 n,
