3344 4096
1388 78 1744 185 box 3/3
221 82 1229 193 23. Der Nec ins Freie
402 132 1225 199 # aun a.  ne aun gh  . a1 a9 . a — 2 —
1593 693 1982 772 Literarische Rundschau.
2486 703 2593 773 235
1000 777 2574 868 winternden Vennlandschaft überreicht uns keinen katholischen Roman, eine so große
987 838 2576 896 Rolle der Katholizismus auch notwendig spielt, zumal wenn nach einer Vision ihrer
992 894 2577 963 armen, siechen Mutter die Bäreb Hüesgen mit dem blöden Brüderchen nach Echter¬
993 939 2565 1003 nach „springen“ geht. Ein prachtvolles Kernkapitel. Nicht zufällig wird die
990 991 2571 1042 „heiligste, wundertätigste Mutter Gottes von Lourdes“ angefleht oder der Satz ein¬
1001 1041 2561 1102 geschaltet: „Was für Frankreich Lourdes, das war für die Deutschen Echternach.“
1002 1081 2565 1137 Man denkt an Zolas letzte künstlerische Schöpfung von den unglücklichen „Drei
990 1125 2579 1183 Evangelien“, sieht aber eine selbständige Kraft beim Werk auf dieser Eisenbahnfahrt
995 1179 2574 1232 unter den Kranken und Hoffenden, in dieser heiligen und profanen Kirmeß des von
994 1221 2567 1289 einer lärmenden Menge überfüllten Gnadenortes bei dieser Springprozession mit
999 1262 2558 1328 dem eintönigen Gebetsschwall zu Sankt Willibrord und dem frommburlesken Tanz¬
999 1309 2562 1375 lied „Adam hatte sieben Söhn'“ mit ihren verzückten Mänaden und ihren jähen
993 1356 2562 1423 Todesfällen. Nach solcher ungeheuren Erregung begeht die Bäreb eine schwüle
982 1400 2561 1475 Liebesnacht, aber das reife Wert hütet sich nicht bloß hier, wo ein zarter Schleier
987 1450 2564 1510 gewoben ist, vor allen groben Trümpfen des Naturalismus und erhält dann, ehe
994 1504 2571 1557 ganz kurz mit einer andern hochzeitlichen Versorgung gewinkt wird, das Zusammen¬
998 1554 2563 1614 leben der Bäreb und Herrn Josef Schmölders im eingeschneiten Jagdhause rein von
995 1585 1326 1661 wohlfeiler Erotik.
104 1579 483 1673 erlin, Fleischel. 1908.
1080 1612 2567 1714 Hat hier eine robuste Natur trotz der sehr geschickten Exposition darauf ver¬
143 1663 313 1719 Berlin, Fi
432 1655 524 1714 1908.
980 1657 2563 1751 zichtet, die hinüber, herüber schießenden Fäden zu einem festen Geflecht zu binden,
106 1703 495 1776 erlin, Fleischel. 1908.
990 1737 2566 1801 so ist Arthur Schnitzler, der keineswegs robuste, durch ein Übermaß von Analyse
133 1754 487 1811 Halle, Fricke. O. J.
995 1779 2564 1841 und durch zwiespältige Führung um die Einheit gekommen. Eine Liebesnovelle und ein
135 1806 625 1862 hard Voß. Stuttgart und
989 1825 2562 1896 breiter, viel mehr in geistreichen Reden flimmernder als in Begebenheiten verketteter
980 1870 2559 1930 Roman vom Wiener Judentum haben mittelst des Genius Loci und des fort¬
114 1886 627 1964 ie, wenn wir der Dichterin
981 1926 2563 1990 währenden Verkehrs Georg von Wergenthins in israelitischen Kreisen doch kein
122 1956 613 2024 Boden ihrer Vollkraft, der
990 1966 2561 2024 harmonisches Ganzes ausmachen können. Daß ein adliger Asthet beinahe nur solchen
116 1994 623 2066 Ebene oder Berlins Keller¬
979 2012 2566 2083 Umgang pflegt und die Zirkel seines Bruders, des Diplomaten, meidet, ist übrigens
126 2050 612 2118 Karl Friedrich Lessing sie
982 2057 2565 2128 für die Kaiserstadt keineswegs so gesucht und unwahrscheinlich, wie gegen Schnitzler,
121 2093 611 2164 germeister Leykuhlen von
979 2113 2558 2175 vielleicht auch mit dem alten, ja wohl auf Mosenthal gemünzten Witz: „So viele
117 2145 614 2209 e weicher Mann, zu dem
990 2150 2561 2222 Juden und so wenig Handlung!“ behauptet worden ist. Allerdings gibt es in Wien
122 2191 613 2252 Verstande: „Ich aber lieb
988 2203 2569 2273 seit den Zeiten des Kongresses eine vornehmere Geselligkeit, als sie hier sich auftut,
102 2228 611 2298 nd darum versteh ich Sie
986 2250 2564 2320 frauenhafte Salons, wo die Bauernfeld und Saar materielles und geistiges Behagen
102 2280 619 2350 kein geschlossener Roman
983 2293 2562 2353 fanden. Schnitzlers Titel entspricht beiden Elementen des Buches: wir fragen uns
111 2328 620 2394 ne festes Ineinandergreifen
982 2345 2563 2403 am Ziele nicht bloß, ob dieser aristokratische Dilettant, ein sogenannter sehr talen¬
166 2380 611 2439 das hohe Moorplateau
979 2387 2564 2445 tierter Mensch, durch die Abstreifung Annas es wirklich zu großen Musikschöpfungen
117 2425 611 2494 an triebkräftigen Motiven
975 2447 2558 2504 oder nur zu neuen Ansätzen und zu einem Intendantenpöstchen bringen werde,
136 2470 615 2544 chöne Helene den Gästen
977 2483 2559 2556 sondern wir sehen nach all den vielverschlungenen Pfaden auch für seine jüdischen
132 2519 603 2587 den kleinen Leutnant zu¬
984 2533 2557 2590 Bekannten keinen Weg ins Freie. Ein feiner, skeptischer Beobachter, verfolgt
111 2568 612 2629 ir werden heimisch in dem
982 2572 2569 2649 Schnitzler keine Tendenz und läßt sich auf zionistische oder andre lösende Zukunfts¬
116 2614 596 2679 Heideland rodende Straf¬
976 2623 2557 2689 konstruktionen, wie etwa George Eliots Idealismus sie im „Daniel Deronda“ baute,
121 2659 611 2726 sen Elenden halt gemacht,
984 2676 2565 2728 nicht ein, außer daß der grimmige Justamentjude sein Auge nach Palästina richtet. Ohne
135 2711 611 2772 gestalten wie den fahlen,
979 2718 2558 2786 zu erschöpfen und ohne gerade in die reinsten Kulturen zu zielen, bietet das Werk
103 2752 599 2813 brinchen, vor der Bestie in
978 2768 2555 2820 mannigfache, richtig erfaßte Schattierungen und ruft bisweilen in dem Salon Ehren¬
119 2808 604 2865 jungen, männlichen und
986 2809 2555 2874 berg sehr verschiedene Individuen zur Aussprache, wo denn auch die Demi=Vierges
107 2848 607 2913 en Hütte, ihrem Hausrat
975 2853 2560 2927 mit frivoler Anmut ein Geplauder auf der scharfen Kante führen. Klugen und
106 2905 604 2961 n, ihrem wiederum voll¬
971 2909 2558 2972 milden alten Herren steht eine meist ungütige jüngere Generation gegenüber. Da
154 2943 596 3005 schwere Prüfung eines
976 2948 2559 3008 ist der immer zu ritterlicher Fehde bereite semitische Kavalier; da ist der vor all¬
110 2986 609 3045 Wasserleitung, aber eine
982 2998 2562 3068 deutscher Rüpele dem Parlament entweichende Politiker; da ist der schroffe wohl
110 3037 596 3102 r Marienley sammelt sich
971 3050 2550 3117 nicht zufällig mit „Kürnberger“ reimende Nürnberger; da ist besonders der als
108 3086 597 3146 s Kreuz wie einen Trost,
974 3084 2559 3152 Schriftsteller und Liebhaber scheiternde, würdelos und kokett in seinen Eingeweiden
106 3129 600 3197 ? Sie alle waren ja ans
983 3144 2554 3205 wühlende Bermann, grundverschieden von Wergenthin, den er anzieht und abstößt,
108 3180 601 3243 er unsre Realistin, deren
975 3185 2558 3247 und Heinrich wird die Oper so wenig zu Ende dichten als Georg sie zu Ende kom¬
131 3225 608 3286 Mittelpunkt stellte, ver¬
973 3236 2556 3292 ponieren. Sie alle sind keine Freien, keine Befreier. Das Judentum kämpft hier
104 3272 595 3332 sterin der lenzenden oder
974 3287 2557 3359 nicht ideale Kämpfe, wie auch die innerösterreichische Politik nur aus dem Gesichts¬
