3296 4000
416 35 1238 114 Der Neg ins Freie
247 36 1232 157 23n anenete eretene teten eee
1413 39 1755 133 box 3/5
1388 689 1565 778 Seite 6
1331 803 2380 879 allzusehr im Schatten, alles Licht fällt auf den jungen
1340 868 2365 929 Mann, den „heinahe“ das ernste Schicksal, Vater zu
1333 926 2363 984 sein, erreicht, das sich aber glücklicherweise durch den
1328 961 2355 1022 raschen Tod des Sprößlings, nur in ein Vaterwerden
1325 1017 2364 1071 löst. Georg ist Anatol, in seiner Leichtfertigkeit des An¬
1337 1064 2360 1123 knüpfens, seinem Hinwegsetzen über äußere und innere
1340 1113 2370 1176 Bande, seinem Dilettantismus: denn gerade jene Er¬
1338 1165 2358 1223 hebung zum Künstler und Berufsmenschen, die ihm der
1334 1210 2366 1272 Dichter geben will, glaube ich nicht. Aber daß er seelische
1337 1265 2363 1322 Prozesse durchmacht, daß sie ihn bilden über das kleine
1333 1309 2357 1369 Erlebnis hinaus, das stellt ihn über den Lebenskünstler
1332 1364 2360 1419 aus Schnitzlers Frühzeit. Noch keinem Buche hat der
1333 1406 2361 1468 Dichter so viel Selbstgedachtes und Empfundenes ge¬
1336 1463 2364 1524 geben, ja, wie seine letzten Dramen, erscheint auch das
1336 1507 2357 1562 neue Buch überladen mit innerlichem, nicht restlos be¬
1341 1556 2363 1616 wältigtem Materiale. Dieser Ueberfluß strömt nicht aus
1332 1604 2356 1661 der Handlung, sondern aus den zahlreichen Nebenfiguren,
1333 1656 2367 1713 die unzählige Sprachrohre des Verfassers bilden. Es ist
1335 1712 2362 1760 der Hauptvorwurf, den ich dem Werke machen möchte,
1337 1747 2362 1810 daß sein geistiger Inhalt allzuwenig aus dem Stoffe,
1338 1801 2362 1858 sondern aus einer Unsumme von Dialogen fließt, von
1337 1855 2366 1912 Gestalten vorgeführt, die nur schwach den beabsichtigten
1335 1895 2367 1956 Kontrastwirkungen dienen, sondern nur als Redner wirken.
1336 1950 2359 2006 So entzückende Bilder von Wien in sanften Andeutungen
1340 1999 2358 2054 entworfen werden, ein Wiener Roman ist das Buch nur
1335 2042 2365 2109 zum Teil, wo es nur einen Ausschnitt der Gesellschaft,
1334 2100 2365 2155 und diesen in einer ganz bestimmten Beleuchtung gibt.
1338 2142 2366 2196 Man vergleiche nur „Jettchen Gebert“; wie fließt da
1334 2190 2368 2249 Berlin und Judentum unabsichtlich aus den Gestalten
1338 2237 2358 2297 und Situationen. Diese organische Verbindung fehlt hier,
1330 2301 2305 2354 wo der Dichter und immer nur der Dichter spricht.
1438 2336 2360 2399 Aber wie richt er! Alle Bedenken mögen zurück¬
1330 2385 2357 2442 treten vor der Bewunderung einer darstellerischen Kunst,
1342 2442 2361 2498 die nicht leicht ihresgleichen hat. Was Fluß der Erzäh¬
1337 2486 2364 2545 lung, stille, aber zwingende Kraft des Ausdruckes, musi¬
1343 2536 2359 2596 kalische Harmonie des Satzbaues ist, das mag man hier
1337 2586 2370 2639 studieren. Zuweilen scheint einem wohl jede Aeußerung
1345 2640 2367 2690 des Temperaments allzusehr zurückgedämmt, aber einem
1335 2681 2369 2729 aufmerksamen Ohre wird die verhaltene Kraft der Leiden¬
1343 2731 2360 2786 schaft viel zu sagen haben. Etwas von der Kunst der
1338 2784 2358 2835 Goetheschen „Wahlverwandtschaften“ lebt in diesem klaren
1347 2833 2365 2882 ind doch tiefen Werke, etwas Menschliches, das weit
1339 2875 2362 2934 über dem Inhalt und der Form steht. Das Freie selbst
1389 2934 2364 2981 Schnitzler hat es noch nicht erreicht, noch liegt er
1336 2971 2369 3031 in den Banden seines ringenden Ich; aber einen schönen
2130 3024 2315 3087 A. v. W.
1349 3023 1970 3092 „Weg ins Freie“ ist er gegangen.
1345 3079 2363 3162 Gebrochene Flügel. Roman von Ossip Schubin. Vierte
1383 3143 2181 3191 Auflage. Verlag Gebrüder Paetel, Berlin 1908.
1430 3173 2369 3219 Ossip Schubin erfreut sich seit einer Reihe von Jahren
1334 3210 2367 3259 einer steigenden Beliebtheit bei dem weiblichen Lesepublikum:
1336 3256 2361 3310 sie schreibt leichtflüssig, ihre Stoffe sind fast ausnahmslos
1342 3292 2357 3343 aus den Kreisen der „guten Gesellschaft“ geschöpft und ihre
1335 3337 2365 3380 Heldinnen sind selten weniger als Baronessen. Das garantiert
1337 3376 2368 3428 auch für eine gewisse Stubenreinheit; in dieser letzten Ver¬
1347 3408 2369 3458 ährungsgeschichte überschreitet die Verfasserin schon fast die
1336 3459 2355 3497 Grenze, die sie sich selbst gezogen hat. Ernstere Themen werden
1335 3492 2360 3535 nur von ferne gestreift; selbst die tragischesten Konflikte sind
1338 3528 2360 3571 stets mit einer gewissen liebenswürdigen Oberflächlichkeit be¬
1338 3568 2360 3613 handelt. Alles in allem, leichte, angenehme Unterhaltungs¬
1338 3611 2366 3653 lektüre der besseren Sorte; peinlich näher nur zuweilen die
1345 3649 2260 3697 Entgleisungen und gewollten. Affektationen der Sprache.
1339 3690 2355 3748 Maria Magdalena. Roman von Dora Demeker. Zweite
1371 3738 2039 3783 Auflage. Berlin, Gebrüder Paetel 1908.
1429 3775 2369 3822 Das Motiv dieses fesselnd und geistvoll geschriebenen
1334 3816 2367 3865 Buches ist ein noch nicht gar zu abgenütztes; im wesentlichen
1345 3859 2363 3906 handelt es sich um die Frage, ob ein Mädchen den Vater
1335 3894 2357 3936 ihres Kindes unbedingt heiraten soll, wenn die Beiden wohl
1338 3929 2360 3980 in gleichen reichen Verhältnissen leben und einander gut sind,
2717 686 2839 770 Mo
2681 818 2814 923 Do
2415 924 2804 1021 Verhaftung ein
2504 1013 2789 1078 Eine Angeleger
2411 1064 2796 1126 nicht gesprochen schei
2417 1113 2777 1180 zur Verhaftung eine
2509 1163 2785 1223 Der 52jährig
2414 1202 2750 1272 Schüttelstraße Nr.
2423 1254 2781 1324 und früher in Oed¬
2416 1307 2775 1369 für ein Kinematogr
2408 1357 2782 1422 zell ein solches T
2415 1408 2765 1474 tragung der Lizenz
2418 1455 2764 1520 zur Verwirklichung
2414 1504 2768 1564 die zur Erwerbun
2416 1553 2771 1616 Ruszth und seine
2419 1602 2768 1665 deshalb mit den. §
2421 1650 2759 1714 Nr. 17 wohnhaft,
2421 1701 2756 1764 Plan zu interessier
2423 1750 2758 1814 Kinematographenth
2416 1798 2751 1861 Eheleuten Paue
2423 1852 2554 1906 kaufen.
2519 1893 2726 1955 Schon im
2411 1940 2754 2004 Ruszth Herrn Sti
2418 1987 2750 2053 des Theaters he
2414 2041 2735 2118 Mariazell bestehe
2415 2093 2751 2151 nicht auf den N
2421 2135 2721 2201 leute Josef und
2420 2184 2748 2252 als Herr Straßen
2419 2236 2732 2299 pneumatische Kar
2421 2285 2732 2349 bereits in Mar
2416 2332 2733 2393 Straßer bestimn
2427 2386 2729 2447 Ehepaares übert
2413 2435 2721 2492 rein formellen A
2419 2480 2721 2539 Eigentum Stra
2426 2530 2700 2591 Plötzlich erhielt
2422 2581 2705 2648 zweiten Brief,
2420 2621 2681 2691 abschlägig
2417 2674 2718 2741 Straßer schöpfte
2424 2725 2718 2788 kundigungen ein
2416 2774 2727 2843 daß Frau Rus
2416 2825 2685 2882 Pauer wieder
2417 2871 2726 2935 Geld für sich be
2423 2922 2725 2984 seinen Rechtsann
2418 2970 2730 3033 erstatten und d
2423 3018 2736 3088 haftung des Ehe
2422 3069 2724 3135 eingeliefert wurd
2414 3116 2738 3185 sparkasse 1600 K
2409 3168 2558 3238 gestellt.
2514 3258 2750 3334 (Vom Hof
2423 3314 2750 3386 Sonntag um ¼10
2415 3363 2749 3427 getroffen. — Erzhei
2422 3417 2751 3479 Uhr vormittags nadh
2508 3463 2747 3527 (Personal
2412 3509 2738 3572 ist am 25. d. M.
2413 3553 2760 3627 bayrische Gesandte F
2413 3606 2764 3674 nach Nimburg abgere
2509 3661 2760 3721 (Hofburgpf
2414 3709 2771 3771 wird uns telegraph
2421 3757 2755 3819 Mayer empfing
2429 3801 2774 3866 ahlreiche Gratulatiol
2420 3849 2778 3918 dem Hofburgpfarrer e
2416 3903 2783 3970 Gisela und die P
