3296 4096
739 82 1157 167 ins Freie
1353 87 1708 180 box 3/3
190 91 661 179 23. Der Ne
381 110 1176 199 Anenen un S uneneneneentenenenen
683 711 1800 763 dem übermütigen Anschwellen des Slaventums, dem
696 756 1800 810 langsamen und alles zermalmenden Vordringen des
691 804 1800 856 Klerikalismus. Wo ist das zuckende Leben der Gegenwart
689 844 1808 911 in euren Büchern? Wo lebt ihr denn ? Wißt ihr nicht,
691 895 1253 970 daß ihr eine, Heimat habt?
782 936 1803 1007 Der Artist antwortete mit einem schmerzhaft=ironischen
696 992 1721 1055 Lächeln. Das Parlament, die deutschböhmische Frage,
692 1050 1727 1106 Freiheit der Schule, des Glaubens, der Kampf gegen
698 1092 1729 1154 Klerikalismus, die soziale Frage, das alles kannte
694 1133 1795 1192 wohl vom Hörensagen, doch es ging ihn nichts an. Das
1756 1186 1802 1246 oll
694 1187 1705 1242 ist nicht Aufgabe der Kunst, meinte er. Die Kunst
1747 1234 1796 1289 in
690 1240 1736 1293 gleichsam eine Freistatt der höheren Menschen sein, wo
1751 1284 1798 1333 vo
689 1279 1720 1341 die Schmerzen und Sorgen des Tages nicht dringen,
700 1335 1707 1390 alles Köstliche und Wertvolle der Vergangenheit und
1734 1372 1805 1433 Die
687 1376 1694 1446 Hoffnungen fernster Zukunft gesammelt würden.
687 1422 1134 1489 Kunst für die Kunst!
782 1482 1808 1544 Und so blieb es mit unserer Literatur bis in die
689 1524 1805 1580 letzten Jahre. Da besann man sich plötzlich. Das Un¬
687 1576 1807 1634 fruchtbare aller Romantik, der sich selbst verzehrende
692 1630 1795 1682 Egoismus des Aesthetentums trat zu Tage. Seine Schätze
696 1668 1799 1715 wurden ausgenossen. Seine Blender verloren ihre Macht.
702 1716 1803 1768 Die jüngsten Talente und die reicheren Naturen unter
700 1759 1805 1811 den Aestheten selbst empfanden, daß sie des großen Lebens
699 1809 1245 1873 doch nicht entbehren können.
773 1865 1797 1925 Und so scheint sich eine neue Epoche der öster¬
692 1902 1802 1971 reichischen Literatur zu entwickeln, die diesen Namen e#
702 1944 1801 2017 verdient. Denn die Kunst der Aestheten war weltentrückt
697 2003 1809 2062 oder zumindest kosmopolitisch, mit allen Kulturen und
697 2048 1806 2102 allen Kostümen der Vergangenheit bekleidet. Eine Lite¬
699 2099 1802 2151 ratur des Lebens aber kann in Oesterreich nur national
704 2143 1803 2199 sein. Sie muß Farbe bekennen in den großen politischen
704 2188 1806 2252 und religiösen Fragen, sie muß — wenn sie als Kunst
696 2231 1801 2294 auch die Tendenz zu meiden hat — von einer Gesinnung
698 2291 1799 2347 getragen sein. Sie muß rechts oder links stehen. Sie
698 2334 1801 2408 muß vor allem von den großen Kämpfen der Zeit
693 2382 978 2456 wissen....
772 2421 1796 2509 Im Jahre 1858 schrieb Grillparzer: „Dichten heißt in
688 2485 1801 2551 fremdem Dasein eignes leben.“ Diese Definition paßt
688 2544 1806 2602 auf alle Lebens dichter, wie man die Antipoden der
696 2581 1795 2643 Aestheten, der Erlebens dichter, nennen könnte. Grill¬
690 2638 1794 2690 parzers tiefes und wahres Wort verkehrend, könnte man
1744 2678 1802 2736 im
697 2679 1744 2735 von den Aestheten sagen: Dichten heißt ihnen,
693 2734 1800 2789 eigenen Dasein fremdes leben. Sie projizieren sub¬
689 2777 1803 2837 jektiv alles äußere Leben zu innerem Erleben. Ihre
690 2832 1803 2885 Dichtungen sind stilisiert, schreiten in allen Kostümen ver¬
695 2877 1808 2926 gangenee Kulturen einher. Der Aesthet hat die wand¬
696 2918 1805 2986 lungsfähigste Seele. Bald fühlt er sich als griechischer
688 2960 1811 3026 Held, bald als Blutmensch der Renaissance, bald als
688 3014 1797 3076 mittelalterlicher Minnesänger. Er dichtet Griechendramen,
689 3057 1806 3110 Renaissancenovellen, mittelalterliche Romanzen. Aber das
686 3104 1808 3173 helle Leben rings um ihn bleibt ihm fremd. Sieht er
703 3151 1807 3215 einmal hinein, so wendet er den geblendeten Blick ängst¬
689 3202 1803 3253 lich oder mit überlegenem Spott weg. Er denkt nicht
696 3245 1807 3319 daran, daß auch diese Gegenwart ihre Rechte hat, daß sie
2501 633 3048 684 M
1842 708 2959 775 ebenso wertvoll und interessant ist wie die vergangenen
2997 711 3067 777 grei
1850 755 2942 815 Epochen der Geschichte, und daß diese verachtete Gegen¬
2994 762 3059 822 die
1854 808 2944 869 wvart in einigen Jahrhunderten später den Aestheten der
3001 813 3048 872 es
1842 856 2961 911 Zukunft Anlaß geben könnte, wieder an ihrer
2991 861 3042 920 zu
1837 905 2946 977 eigenen Gegenwart müde und überlegen vorbeizu¬
2994 903 3072 956 akti
1844 945 2012 1023 schreiten.
3001 953 3068 1015 dich
1924 969 2948 1059 Zum vollen Genuß und zur restlosen Erkenntnis der
1858 1034 2953 1109 Gegenwart tut eines not, gleichermaßen für den, der
1858 1090 2946 1148 ie ganz leben, als für den, der ihrer dichterisch Herr
2999 1098 3065 1149 ban
1845 1142 2942 1200 werden will: Kraft, oder vielmehr Gesundheit und Kraft.
2989 1142 3069 1205 hat.
1847 1190 2942 1247 Und so ist es auch in Oesterreich eine Gesundung und
2996 1189 3071 1240 Klir
1850 1234 2951 1298 Kräftigung des literarischen Schaffens, wenn die Dichter
1858 1282 2951 1346 ich vom Romantizismus und Stilismus allmählich wieder
2992 1282 3074 1349 Reg
1842 1327 2944 1396 abwenden und mutig in das brausende, von neue un¬
2991 1329 3075 1387 Ma
1840 1377 2953 1438 bekannten Gewalten bewegte Leben der Gegenwart
2991 1378 3071 1431 werl
1846 1422 1997 1492 tauchen.
2993 1475 3070 1542 mit
1921 1454 2961 1532 In der Romanliteratur der letzten Jahre ist die
1837 1506 2948 1571 Wegrichtung von den gepflegten und reschützten Gärten
1842 1553 2952 1622 des eigenen Ich zum Hinaus ins Freie, in das offene
1843 1617 2944 1671 Land des Volkes, der Klassen, der sozialen und poli¬
1841 1657 2578 1720 tischen Kampfplätze deutlich zu merken.
2988 1688 3062 1754 den
1929 1687 2957 1774 Arthur Schnitzler und Hermann Bahr, eine Zeitlang
2988 1733 3066 1799 reich
1846 1765 2951 1823 ganz in Banden des Aesthetizismus, haben den „Weg ins
2992 1785 3074 1838 alles
1845 1803 2887 1867 Freie“ gefunden. Schnitzlers letzter Roman ist ein ern
2995 1830 3082 1890 steckt
1850 1853 2947 1915 und bedeutsamer Versuch, sich aus allzu literarischen, für
1852 1898 2953 1953 den Genuß der Feinschmecker geschaffenen Stoffen zu be¬
1849 1950 2951 2010 freien und ein großes, soziales Bild der Wiener bürger¬
1844 1994 2961 2060 lichen Gesellschaft zu entwerfen. Hermann Bahr hat mit
3001 2021 3074 2078 a
1844 2045 2948 2104 dem Roman „Die Rahl“ einen ganzen Zyklus öster¬
2988 2070 3091 2134 wegi
1854 2097 2953 2142 reichischer Kulturromane begonnen, in welchem er, dem
1839 2131 2947 2198 großen Beispiel Balzacs nacheifernd, ein Mosaikbild
2999 2156 3078 2242 und
1856 2179 2549 2245 inseres ganzen Lebens schaffen will.
3003 2224 3079 2278 und
1927 2237 2957 2297 Rudolf Hans Bartsch hat in seinen prachtvollen
2994 2269 3094 2331 Ordi
1846 2276 2956 2336 Romanen „Sieben aus der Steiermark" und „Die Haindl¬
2993 2320 3089 2372 turen
1841 2324 2955 2379 kinder“ eine bezaubernde Mischung beider Stile versucht.
2997 2364 3086 2429 Bede
1851 2373 2951 2434 Max Burckhard, der einzige vom Aesthetizismus ganz
1847 2415 2955 2481 freie österreichische Romancier, hat in allen seinen Ro¬
1847 2466 2946 2530 manen, mehr von politischen und sozialen Instinkten als
3000 2482 3091 2553 Fakt
1843 2520 2947 2570 von bloß ästhetischen Absichten getrieben in „Jakob Wun¬
2994 2536 3082 2590 Ein
1847 2568 2959 2627 derlich“, „Der Insel des Seligen“, lebensvolle Gemälde der
2991 2586 3079 2638 Unit
1854 2609 2270 2674 Gegenwart entworfen.
2993 2629 3079 2689 Gest
1926 2634 2947 2716 Und nun mehren sich die Zeichen der Umkehr. Junge
3006 2674 3090 2740 Ach
1846 2701 2955 2760 unbekannte Autoren springen gleich mit ihren Erstlingen
2997 2709 3091 2787 schin
1845 2759 2953 2810 mutig in dieses wirre und schwankende Leben des öster¬
2995 2772 3082 2824 Dem
1842 2797 2948 2864 reichischen Staates, seiner mannigfaltigen Gesellschafts¬
3013 2818 3087 2879 rißt.
1843 2845 2958 2916 bildungen, seiner nationalen, sozialen und politischen
2992 2866 3083 2925 Kirdh
1851 2899 2000 2965 Kämpfe.
3002 2911 3065 2969 vor
1928 2919 2950 2999 Eise Jerusalem hat mit ihrem neulich erschienenen
2997 2958 3089 3021 diese
1847 2975 2955 3050 Roman „Der heilige Skarabäus“ mit großem Mut in die
2994 3005 3098 3072 Perst
1852 3034 2720 3094 untersten sozialen Regionen hineingeleuchtet.
2997 3055 3081 3116 mäch
1927 3080 2953 3141 Und nun liegt uns ein neues Werk eines neuen
3001 3104 3081 3157 abhä
1849 3118 2959 3186 Dichters vor: „Das heilige Feuer“ von Hans
2991 3150 3090 3207 Lehr
1843 3180 2954 3259 Hart.*) Der Autor nennt das Buch, bescheiden ab¬
2989 3198 3086 3251 Büh
2980 3237 3079 3318 Wisf
1921 3235 2746 3316 *) Erschienen bei L. Staackmann, Leipzig, 1909.
