3248 4192
984 173 1089 248 Fr
440 171 701 247 Der We
795 171 961 248 ins
1386 169 1761 270 box 3/1
232 182 1262 283 23. beanef un eie
1905 918 3121 1009 Leschworen. Bei Schnitzler ist die Jungfernangst vor dem Kinde f.
108 978 716 1049 werke scheinen willkürlich ver¬
715 974 3132 1069 gesprochen hat. Ein wortloses Bekenntnis, nur vom Zufall enthülltebenso radikal ausgemerzt wie die gesellschaftliche Kluft zwischen de
1902 1003 3153 1093 freiherrlichen Musiker und seiner kleinbürgerlichen Berufskollegin.
122 1036 720 1095 nn man bestimmte Kapitel mit
725 1033 1841 1095 und gerade deshalb in seiner absichtslosen Innigkeit verklärt.
119 1070 723 1128 ebrauch herauslösen, ohne den
763 1046 3158 1151 An solchen Eingebungen, wie sie sich nur einem Dichter vonsicht nur das liebende Mädchen, sondern auch ihre gesamte Umgebung
128 1118 720 1164 der Leser hier vorgehen. Ein
714 1082 3164 1193 Arthur Schnitzlers Rang erschließen, ist der Roman reich. Sie abelnzst nach dem Ausdruck des Romans „zu völliger Unbefangenheit
115 1153 729 1212 die Liebesgeschichte in der Hand,
724 1128 3159 1202 vor allem die Erzählung von der Geburt des Kindes. Alle billigengereist". Das leise Murren der Eltern verhallt schnell genug, und
116 1197 718 1262 enthin den „Weg ins Freie" fand.
716 1179 3157 1269 Wirkungen werden verschmäht, denn auch hier wird Angst, Freude, ein alter Arzt wirkt mit seinen Bedenken geradezu auffallend. Eine
718 1215 3160 1277 Gram vom Manne aus gesehen. Aber gerade ihm, der nur mit solche Freiheit in sexuellen Dingen klingt unseren Ohren noch wie Zu¬
120 1239 718 1297 schichte. Sie berichtet, wie ein
115 1273 716 1345 mist und eine Musiklehrerin aus
716 1261 3169 1359 halbem Herzen teilnimmt, der seine Gedanken vor Zerstreuung hüten kunftsmusik, wie ein reiner, harmonischer Klang aus künftigen Welten.
116 1315 720 1384 ndet, sich verliert. Georgs Ge¬
717 1284 3176 1366 muß, offenbart sich das große Alltagsmysterium, das Wunder des Aper indem Schnitzler mit den äußeren auch gleich die inneren
111 1369 715 1429 m Bannkreise des Philisteriums,
715 1351 3171 1438 Werdens mit verdoppelter Gewalt. Wie ein Rausch packt ihn das Kämpfe beseitigt, läßt er eine Quelle versiegen, die in Wahrheit vom
710 1374 3176 1472 „dumpfe Bewußtsein, dazustehen in der geschlossenen Kette, die von wechsel der Vorurteile, der ethischen Moden unberührt dahinfließt.
140 1412 717 1466 seinen Kreuzersorgen, seinen
123 1454 706 1511 selbst aber hat sich von den
713 1457 1962 1529 Urahnen zu Urenkel ging, an beiden Händen gefaßt, mit teilzuhaben
115 1496 719 1551 Nicht wie ein Wiener Bürger¬
708 1507 1340 1563 am allgemeinen Menschenlos.“
117 1530 731 1603 nerin verfügt sie selbstherrlich
752 1488 3184 1584 Doch gerade die Teilnahme am allgemeinen Menschenlos ist für Annas arische Herkunft ist genau so verbürgt wie der Stamm¬
111 1570 718 1628 ammenhang mit der Familie
708 1557 3183 1655 die Menschen der Schnitzlerschen Welt eine Sensation, die um ihrer haum ihres freiherrlichen Liebhabers, Ihr Bruder Josef, eine köst¬
116 1622 714 1675 angener Großmut dem Freunde
708 1598 3189 1699 Seltenheit willen einen gewissen Kuriositätswert bedeutet. Auch im liche Nebenfigur, gehört sogar zu den Rekruten der Wiener Christlich=
111 1662 715 1711 spruch, als sie sich Mutter fühlt.
710 1644 3188 1717 neuen Roman sind sie geblieben, was sie waren: kultivierte Genießer, sozialen. Das Schicksal des Paares ist also in jeder Beziehung vom
109 1700 711 1766 as Schicksal nur einen Atemzug
1929 1680 3183 1771 Rassenstreit, vom konfessionellen Kampfe unabhängig. Deshalb scheint!
718 1710 1944 1761 die niemals geschmacklos werden, spöttische, blasierte Zuschauer
105 1745 722 1804 lichen Selbstbeherrschung unter¬
1945 1722 3195 1817 Schnitzler sein eigenes Kunstwerk zu zersprengen, wenn er gerade in
706 1757 1945 1815 des Lebens. Sie haben sich viel zu sehr in der Gewalt, als daß
108 1795 709 1845 Der Enttäuschung, des Kummers.
1933 1759 3187 1862 diesen Liebesroman ein fremdes Element hineinträgt: die Diskussion
714 1794 1950 1847 sie recht von Herzen lachen oder weinen könnten. Kein Gefühl ist
125 1829 711 1890 seinen Wunsch, um jeden Preis
1940 1809 3201 1902 der Judenfrage. Nur der persönliche Wunsch des Autors, sich in der
718 1839 1948 1904 ihnen fremd, aber sie scheuen ängstlich vor jeder Hingabe zurück.
1940 1847 3193 1950 Aussprache von quälenden Problemen zu befreien, kann diese
118 1879 710 1932 berung, macht sie ihm den Rück¬
708 1882 1950 1935 Sie spielen mit dem Gedanken von der Irrealität des Daseins. Aber
107 1913 712 1971 In in ihrer Schmerzenszeit seine
709 1888 3193 1987 wenn sie von der Zwecklosigkeit, vom Zerfließen ihrer Existenz reden, Vermengung zweier Stilwelten erklären. Daher die befrem¬
1932 1922 3199 2040 dende Willkür, daß der Baron, daß seine Auserwählte einzig
111 1950 725 2034 Im jetzt, in mütterlicher Fürsorge
710 1967 1949 2025 so scheinen sie das Leben so zu beurteilen wie Moltke die Utopie
1946 1981 3186 2069 und allein in jüdischen Kreisen verkehren, daß vor ihren
110 1997 711 2080 is Freie, zu seiner Bestimmung,
717 2006 1947 2070 vom ewigen Frieden: ein Traum und nicht einmal ein schöner! Sie
108 2036 418 2097 kelt zu treiben“.
1950 2011 3190 2119 Ohren unaufhörlich häusliche Aussprachen über Israels geheimstes
707 2046 1939 2101 konservieren im Grunde eine literarische Mode der Vergangenheit,
1933 2066 3185 2166 Weh stattfinden. Ein Wissender läßt alle Typen des modernen Juden¬
109 2075 710 2146 st diese Romanheldin eingehüllt.
706 2090 1948 2140 die nur noch in Wien getragen wird: den Weltschmerz. Ihre
1941 2097 3193 2204 tums vorbeipassieren: vom Alter, das sich mit geheimer Ghetto¬
112 2126 713 2184 Befühlsausbruch ist ihr verwehrt.
713 2118 1943 2185 Melancholie ist ohne Zweifel zart und liebenswert. Doch alle diese
1947 2143 3209 2226 Sehnsucht gegen jede Assimilation sträubt, zur weltmännischen Jugend,
111 2172 713 2237 lossen, und wie sie ohne Freundin
704 2157 1943 2228 Männer und Frauen, die im Anfang zu bezaubern wissen, scheinen,
1945 2188 3189 2278 vom würdelosen Flüchtling zum trotzigen Zionisten. Lebemänner,
116 2198 714 2274 der Leser nicht in ihr Vertrauen
716 2197 1957 2265 je länger unsere Bekanntschaft mit ihnen dauert, desto unaufhaltsamer
1950 2228 3199 2315 Künstler, Snobs im bunten Gemisch, Indifferente und Enttäuschte,
116 2255 708 2309 aber Georg sich als ein frischer,
710 2252 1946 2318 ihre natürliche Blutwärme zu verlieren. Allmählich strömt ein
1955 2265 3202 2366 Verbitterte und Resignierte — sie alle haben verschiedene Ansichten,
131 2297 711 2348 protestiert Anna gegen jeden
717 2302 1956 2363 kühles Frösteln von ihnen aus, man möchte sie in aller Höflichkeit am
1944 2317 3208 2414 verschiedene Interessen und doch nur ein Gesprächsthema: das Juden¬
118 2341 713 2401 stlerische Ziel des Romans heißt
712 2345 1960 2411 Arm rütteln und fragen: hat nicht jemand von den Herrschaften zu¬
1943 2358 3201 2455 tum. Dem unbefangenen Leser muß es wie dem jungen Georg gehen,
118 2377 710 2449 gesehen. Der Frau bleibt das
715 2365 1196 2446 fällig ein Herz bei sich?
1943 2390 3201 2501 dem diese zwecklosen Erörterungen gleich zu Anfang auf die Nerven
116 2419 720 2493 s Mysteriums. Ein Mona Lisa¬
753 2408 1955 2472 Niemals zeigte Schnitzler den Wunsch, allen brutalen Krisen aus
1955 2438 3203 2535 fallen, ohne daß sein Autor ihn zu befreien vermag. Eine Fülle
120 2465 712 2518 Mund, und selbst ihr Herzens¬
1955 2465 3216 2562 prächtig formulierter Beobachtungen kann für die Eintönigkeit, für
111 2505 709 2572 figkeit, wie sich seelische Untiefen,
717 2513 1934 2559 Sie leitet gleichsam eine neue Entwickelungsreihe des erotische
1973 2512 3208 2615 den unfreien Geist dieser Monologe und Dialoge nicht entschädigen.
125 2545 714 2611 sparsamer seine Geliebte ihrem
716 2552 1930 2610 Problems ein. Ein Adliger verführt ein Bürgermäbchen und läßt si
1985 2559 3215 2656 Sie steigern die Achtung vor Arthur Schnitzlers Ehrlichkeit, sie lassen
109 2590 717 2636 nder wirkt es, wenn es sich ein¬
706 2596 1924 2648 sitzen, so heißt, in plumper Realität ausgedrückt, das Thema. 3
1980 2600 3217 2693 eine Kraft des Schmerzes durchblicken, um die den Dichter alle seine
107 2626 715 2692 zene verbürgt diesen Eindruck:
711 2638 1928 2690 Schillers Zeiten hätte der Standesunterschied im Vordergrund di
1986 2646 3230 2742 Gestalten beneiden könnten. Aber in ihrer Subjektivität wehren sie
111 2671 1923 2726 ne Abschiedsgabe für Anna, auf Interesses gestanden. Bei Hebbel hätte die Weibesschande, die ze
114 2723 1923 2778 es, von dem die Mutter niemals à malmende Wucht der sittlichen Konvention, die Tragik herar
1947 2915 3205 2973 sich förmlich gegen die Kunstform des Romans, dessen Li## #in sie ver¬
1949 2963 3197 3024 wirren, dessen Schwerpunkt sie verschieben. Sie können # shalb nur
1958 3000 3203 3065 willkommen geheißen werden, wenn sie wirklich Arthur Schnitzler
1959 3048 3204 3122 als Herzenserleichterung dienten, wenn sie eines Künstlers Seele zu
1948 3086 2632 3158 neuem, froherem Schaffen befreiten.
