3248 4128
218 128 1222 209 23. Der Feg ins Freie
1386 131 1736 223 box 3/3
430 198 1213 243 ——
731 660 1685 741 ist es doch ein Tendenzroman! Falls die Schil¬
745 730 1694 783 derung aber auf der bewußten Beobachtung
738 767 1692 821 Gusteskranker aufgebaut ist hat der Verfasser aufs
743 815 1691 869 glänzendste seine Aufgabe gelöst, ein Kunstwerk
746 858 1696 906 daraus zu machenund Studien und Stoff durch
741 895 1703 960 die Form zu überwinden. Denn kein Laie wird
743 944 1682 993 aus dem Busde eine psychiatrische Kr#nkenge¬
743 986 1685 1034 schichte heraurlesen, er wird es nur nach ästhe¬
741 1034 1685 1093 tischen (Malitäten Gischätzen und genießen können.
1131 1074 1715 1181 DGE
761 1151 1685 1210 Wich hörte unlängst ein schönes Wort eines
733 1202 1694 1259 Herrn, den em Student der Geschichte fragte, ob
742 1248 1694 1295 er zu seiner Ausbildung in ein sehr berühmtes
741 1292 1691 1346 Institut für Geschichtsforschung und historische
744 1335 1693 1382 Hilfswissenschaften gehen solle. Der Professor
737 1369 1687 1420 antwortete ihm: Ach, geli Sie da lieber nicht
743 1418 1696 1466 hin, da lernen Sie nichts als die R-Haken, und
742 1461 1696 1512 das Leben ist kurz.: Man sollte vielleicht öfter
745 1503 1685 1556 daran denken, daß das Leben kurz ist und daß
744 1547 1698 1597 ein jeder viel zu viel Zeit darauf verschwendet,
744 1589 1686 1637 die R-Haken zu lernen. Jedesmal, wenn ich ein
745 1633 1690 1677 Buch gelesen habe oder lesen mußte, welches
745 1674 1693 1728 unbedeutend ist, muß ich daran denken. Und
748 1725 1694 1773 es gibt wahrhaftig so viel gute Bücher, daß man
743 1762 1696 1814 sie unmöglich alle lesenkann, Bücher, durch welche
739 1810 1691 1853 man frei wird, aus welchem man lernt, sich das
743 1851 1695 1899 Leben reich und einfach zu gestalten, wie Geijerstam
740 1889 1692 1947 einmal sagt. Ich könnte wohl eine Stunde lang
745 1935 1688 2000 soiche Bücher aufzählen; heute möchte ich nur
743 2019 1686 2064 Roman von Arthur Schnitzler, Der Hieg ins
745 2062 1684 2109 Kyeie1). Dieses Büch ISt voll von Leben und voll
737 2108 1696 2163 von Gedanken, Cins von denen, welche man mehr
745 2146 1688 2196 als einmal liest. Man kann sich viele Bleistiftstriche
740 2193 1701 2236 an den Rand machen und dann an jedem beliebigen
749 2235 1697 2281 Tage das Buch aufschlagen, man findet immer
748 2276 1686 2319 neue Schönheiten und Feinheiten. Daß die Be¬
748 2318 1692 2369 obachtung und Darstellung über das gewöhnliche
744 2362 1690 2412 Maß weit hinausgeht, braucht man bei dem Ver¬
744 2403 1682 2454 fasser des Reigens, des Leutnant Gustl und der
742 2451 1681 2495 Dämmerseelen kaum zu betonen. Aber wer
744 2486 1684 2546 Schnitzler nur aus diesen früheren Werken kennt,
734 2535 1689 2590 ist, wenn nicht überrascht, so doch aufrichtig
743 2579 1691 2632 erfreut über dieses neue Buch. Da finden wir
739 2622 1689 2672 das ganze Leben, wie wir es selbst durchmachen
741 2662 1690 2710 müssen, Weisheiten und Torheiten, feine Menschen
734 2705 1688 2754 und gewöhnliche, sympathische und gleichgültige,
735 2746 1693 2794 Liebe und Sorgen, Arbeit und Genuß, Freude und
736 2790 1682 2839 Sehnsucht. Es kommt hier gar nicht auf die
733 2828 1680 2901 Begebenheiten an, sondern auf die Menschen,
743 2872 1286 2933 Stimmungen und Gedanken.
802 2901 1694 2970 Es sind keine Helden, die wir kennen lernen,
732 2952 1694 3005 Gott sei Dank nicht, aber wir kennen all diese
744 3010 1679 3066 Menschen, wir lächeln über sie oder lieben sie
745 3049 1685 3098 weil wir sie kennen oder kennen lernen. Da ist
741 3142 1693 3185 und ein bißchen gewissenlose, und doch die am
742 3177 1690 3226 meisten sympathische Figur, begabt, strebend und
746 3263 1698 3313 lieben Bürgermädchen. Bevor ihr Kind geboren
743 3305 1683 3353 wird, ist er stolz, ein Glied zu sein in der endlosen
737 3350 1688 3401 Kette, die von Urahnen zu Urenkeln geht, den
746 3393 1684 3440 Geschlechtern vor und nach ihm die Hände zu
742 3437 1687 3491 reichen; später, nachdem das Kind tot zur Welt
735 3481 1694 3544 gekommer ist, ertappt er sich auf dem Gedanken
817 3554 1671 3634 1) S. Fischer, Verlag. Berlin. Preis M. 5.—, ge
735 3609 1018 3671 bunden M. 6.—.
1736 726 2679 779 ist bei alledem sicher ein feiner und wertvoller
1747 771 2683 819 Mensch und es ist wie eine Befriedigung und
1738 815 2692 885 Befreiung, daß er später seine Geliebte nicht
1743 857 2689 910 heiratet, sondern sein Leben für die Arbeit und
1741 901 2686 953 das Schaffen behält. Für ihn paßt dieses Mädchen
1739 948 2684 1000 nicht, welche zu ihm sagen kann: Noch einmal
1742 1001 2679 1043 — mach ich das nicht durch.: Es ist etwas Weh¬
1738 1029 2692 1078 mütiges und Freies zugleich um diesen Georg von
1735 1070 2686 1123 Wergenthin mit seiner Sehnsucht nach dem Leben
1734 1111 2680 1161 und nach Schönheit und Freiheit. Sein Bild hat
1733 1155 2689 1205 zu viele Züge, von denen jeder wesentlich ist, als
1740 1202 2685 1259 daß man es hier wiedergeben könnte. Er ist einer
1746 1246 2690 1296 von den Menschen, welche immer werden, immer
1737 1285 2691 1339 Neues lernen und fast jeden Tag anders und höher
1743 1329 2691 1376 sind. Er entwickelt sich unbewußt und ungewollt
1736 1377 2675 1428 weiter und nicht nur auf seine musikalische Be¬
1735 1412 2686 1466 gabung kann man die Worte anwenden: Mit tiefem
1752 1456 2680 1513 Verstehen erinnerte er sich einer Bemerkung
1745 1502 2685 1549 Felicians, der einmal, nachdem er monatelang die
1739 1547 2687 1598 Klinge nicht geübt, gesagt hatte: sein Arm wäre
1746 1593 2688 1640 während dieser Zeit auf gute Gedanken gekommen.:
1743 1633 2691 1684 Er findet nach vielem Zweifel und mancherlei Irren
1733 1673 2687 1726 den Weg zu sich selbst, den Weg ins Freie: -In
1745 1710 2691 1765 Georgs Seele war ein mildes Abschiednehmen von
1741 1759 2688 1812 mancherlei Glück und Leid, die er in dem Tal,
1746 1801 2687 1856 das er nun für lange verließ, gleichsam verhallen
1748 1847 2682 1896 örte; und zugleich ein Grüßen unbekannter Tage,
1740 1883 2688 1947 die aus der Weite der Welt seiner Jugend ent¬
1732 1930 2018 1989 gegenklangen.
1800 1967 2688 2027 Es ist ganz unmöglich, den Inhalt dieses Buches
1737 2019 2676 2066 oder auch nur die Schilderung einer Person wieder¬
1735 2058 2680 2104 zugeben. Dies merke ich beim Schreiben immer
1743 2101 2694 2144 mehr und ich möchte am liebsten nur einige Seiten
1742 2144 2692 2203 mit Zitaten anfüllen, das würde vielleicht am besten
1740 2200 2680 2243 seinen Zweck erfüllen und mancnem das Verlangen
1741 2226 2676 2285 nach der Lektüre wecken. Erwähnt muß werden,
1741 2270 2685 2325 daß über die Judenfrage viele sehr gute Bemerkungen
1741 2315 2689 2365 darin sind. Eine Stelle, welche den Gegensatz
1733 2357 2686 2410 zwischen jüdischer und arischer Rasse treffend zu
1735 2399 2685 2446 bezeichnen scheint ist folgender Ausspruch eines
1737 2443 2676 2502 uden: -Ich muß Ihnen sagen, daß mir alle Dinge,
1741 2491 2684 2535 die irgendwie mit Mystik zusammenhängen, im
1736 2533 2689 2590 Grund der Seele zuwider sind. Uber Dinge zu
1736 2577 2686 2636 reden, von denen man nichts wissen kann, ja,
1736 2617 2681 2673 deren Wesen es ist, daß man nie und nimmer
1739 2670 2679 2714 was von ihnen wissen kann, das scheint mir von
1737 2702 2687 2761 aller Art Geschwätz, die auf Erden für Wissenschaft
1729 2744 2459 2799 ausgegeben wird, die unerträglichste.
1795 2782 2688 2848 Derselbe Jude, der dies sagt, hat vielleicht recht
1737 2827 2678 2877 mit seiner Bezeichnung der Juden- als -Mensch¬
1743 2875 2682 2926 heitsferment-, und mit der Bemerkung, daß der
1731 2913 2677 2965 Zionismus eine recht äußerliche Lösung einer
1741 2965 2682 3015 öchst innerlichen Angelegenheite ist. Er sagt
1739 3013 2684 3063 auch dies: Für unsre Zeit gibt es keine Lösung,
1740 3043 2682 3103 keine allgemeine wenigstens. Eher gibt es hundert¬
1735 3088 2683 3136 tausend verschiedene Lösungen. Weil es eben
1742 3135 2684 3185 eine Angelegenheit ist, die bis auf weiteres jeder
1736 3173 2671 3226 mit sich selbst abmachen muß, wie er kann. Jeder
1733 3215 2683 3270 muß selber da zusehen, wie er herausfindet aus seinem
1734 3262 2681 3313 Arger, oder aus seiner Verzweiflung oder aus
1739 3303 2674 3356 seinem Ekel, irgendwohin, wo er wieder frei auf¬
1734 3336 2679 3400 atmen kann. Vielleicht gibt es wirklich Leute, die
1738 3384 2680 3435 dazu bis nach Jerusalem spazieren müssen. Ich
1733 3426 2676 3482 fürchte nur, daß manche, an diesem vermeintlichen
1740 3479 2683 3523 Ziel angelangt, sich erst recht verirrt vorkommen
1742 3530 2684 3566 würden. Ich glaube überhaupt nicht, daß solche
1738 3560 2676 3612 Wanderungen ins, Freie sich gemeinsam unter¬
1737 3601 2690 3673 nehmen lassen  denn die Straßen dorthin laufen
