3248 4384
218 194 373 292 23.
420 206 701 278 Der Ne
779 204 1213 278 ins Freie
1393 203 1747 293 box 3/2
1312 1092 1775 1160 UNSERE HOFFNUNG
820 1200 2257 1274 „Weg ins Freie“ auf, wie er kann. Die richtige Auffassung aber haben
826 1271 2254 1327 nur wenige Glückliche. Es ist auch gar nicht notwendig, dass alle den
827 1306 2244 1363 objektiv wahren Weg finden; sie sind ja mit dem Wege, der ihnen passt,
820 1333 1129 1401 auch zufrieden.“
944 1360 2252 1434 Diese Lebensanschauung ist dem Wiener Leben sehr glücklich ab¬
821 1426 2242 1469 gelauscht. Aus ihr heraus sind alle die Typen des Wiener Gesellschafts¬
822 1467 2243 1513 lebens gebildet und von einem guten Beobachter geschildert: Der leicht¬
822 1500 2240 1555 lebige Baron, der jüdische Bankier, der Dichter, der Kritiker, der christ¬
826 1541 2249 1594 lichsoziale Kleinbürger, die sozialdemokratische Agitatorin, die Wiener
824 1581 2238 1636 Frauen, sie alle mit ihren Vorzügen und Fehlern sind mit einer gewissen
823 1625 1652 1684 gutmütigen Ironie vom Dichter gezeichnet.
949 1661 2248 1719 In diesem Kreise, bei dessen Vertretern ich leider in diesen Zeilen
826 1697 2242 1745 nicht länger weilen kann, spielen die Juden eine bedeutende Rolle; es
827 1743 2240 1794 entspricht ja der Wirklichkeit, dass in der Wiener Gesellschaft das jüdi¬
827 1775 2252 1832 sche Element in allen seinen Spielarten sehr stark vertreten ist, mit allen
824 1815 2243 1862 den Formen, wie sie der Dichter uns vorführt, vom jüdischen Snob, der
827 1854 2248 1902 alles Jüdische von sich wirft, bis zum Juden, der sein Judentum fühlt
823 1899 2239 1944 und sich mit ihm in irgendwelcher Weise auseinander setzt. Schnitz¬
827 1930 2246 1988 ler hat nun dies letztere Moment auf die gesamte jüdische Welt, die
829 1975 2250 2016 sich uns da auftut, projiziert. Wir hören und sehen in dem ganzen
823 2015 2248 2064 Buche nichts anderes, als wie jeder.Einzelne mit seinem schweren Bündel
817 2052 2234 2099 Judentum herumläuft, unter dieser Last ächzt und stöhnt und jedem Be¬
826 2088 2243 2147 kannten, mag er nun Interesse dafür haben oder nicht, den ganzen
819 2129 1596 2186 Inhalt dieses schweren Packs auskramt.
946 2149 2247 2224 Golowski, der Zionist des Romanes, und Bermann, der Jude, den
821 2210 2244 2257 sein Judentum so quält, führen vor dem Christen Georg einen endlosen
816 2250 2245 2317 Disput über ihre Auffassungen der Judenfrage und der arme Georg kann
822 2288 1350 2342 sich dagegen nicht wehren.
914 2316 2242 2381 Solche Situationen sind entschieden eine Schwäche des Werkes und
809 2369 2243 2419 ich halte die Wiener Juden der Wirklichkeit nicht für so taktlos.
818 2401 2234 2453 Schnitzler ist da etwas zu weit gegangen. Vielleicht dass er seinen
812 2442 2238 2493 eigenen Empfindungen über Judentum Ausdruck verleihen und dadurch
821 2484 2233 2531 andeuten wollt“, wie schwer die Judenfrage auf den heutigen gebildeten
818 2525 2234 2568 Juden lastet und wie vieler Mühe es bedarf, um da den „Weg ins Freie“
809 2562 2248 2616 zu finden. Für uns ist das sehr interessant, schon als psychologische
811 2603 2243 2642 Studie des Juden Schnitzler, aber wenn wir die Brille der uns
817 2644 2236 2693 genehmen Tendenz abnehmen, so muss uns diese breite Auseinander¬
821 2684 2238 2748 setzung des Kapitels „Die Juden“ als Fehler in der Komposition er¬
819 2716 998 2778 scheinen.
930 2748 2223 2814 Die ganze Handlung des Roma s wird von dieser Abhandlung er¬
819 2773 2237 2844 drückt: Georg und Anna hören lediglich Gespräche über das Judentum
822 2839 2238 2894 an und gelegentlich — lieben sie einander. Allerdings die Idee, der Weg
823 2866 2233 2921 ins Freie“, ist gerade in diesem jüdischen Teile deutlich zum Ausdruck
812 2920 2242 2968 gebracht: die Einzelnen suchen ihn mit heissem Bemühen und finden den
821 2954 2237 3011 Weg — den sie eben finden können. Cb nun Leo Golowski, „der Hellene
818 2994 2232 3043 mit dem jüdischen Herzen“, den objektiv richtigen Weg fand, oder Ber¬
811 3032 2230 3091 mann, der Ghettojude, (sowohl körperlich als geistig), oder der alte Ehren¬
825 3068 2226 3128 berg, der fanatische Jude, oder alle die anderen, das ist jedem überlassen,
824 3113 2233 3171 der ja auch den Weg gehen muss, der seinem Wesen entspricht und diese
821 3154 1338 3213 Bahn für die richtige hält.
930 3176 2243 3238 Die Ausführung dieser Idee und die Schilderung der einzelnen
821 3232 2239 3292 Gesellschaftstypen im Judentum Wiens ist Schnitzler meisterhaft
808 3268 2238 3323 gelungen, nur stört, wie gesagt, die zu starke Betonung des jüdischen
813 3314 2242 3368 Elementes den künstlerischen Gesamteindruck, es wird nicht jene harmo¬
816 3346 2251 3407 nische Einheit der Komposition erreicht, die die Einheitlichkeit des.
