3248 4192
943 95 1765 162 ahet Neach die O#.#
1790 113 2036 168 wundersam
1800 158 2049 215 durch das
1378 156 1744 256 box 3/1
968 179 1093 251 Fre
488 182 934 258 r Neg ins
1756 206 2041 277 Wolken und
211 180 381 271 23.
1753 256 2045 317 ge irgendein
933 300 2048 358 Flker Bekannter oben durch den Aether und verlangt,
939 357 2049 416 daß man genau aufpaßt, ob er nicht vielleicht irgendwo
935 399 2057 444 von oben eine steinbeschwerte Ansichtspostkarte herunter¬
934 444 2044 506 wirft — Kongresse, Feste, Jubiläen überall. Es wird
1472 493 2037 561 mehr denn je erreicht, be¬
936 498 1426 564 mehr denn je „getagt“
936 539 2055 614 sonders von den Frauen und den Technikern. Alles
941 603 2054 654 strengt sich fieberhaft an. Den Begriff der Sommer¬
945 646 1531 707 stille gibt es gar nicht mehr.
1009 679 2051 743 Flucht aus der Stadt verhilft auch keineswegs dazu.
934 744 2055 799 Wer sich nach dem Rezept „Rückkehr zur Natur“ irgend¬
944 782 2052 833 einen grünen Winkel in Mecklenburg oder ein Bauern¬
949 836 2058 887 dorf in der so lang verkannten und jetzt malerisch so
944 878 2062 944 hochhewerteten Lüneburger Heide ausgesucht hat, kann
948 935 2056 986 es erleben, daß ausgerechnet durch dies Nest eine große
946 976 2060 1025 Konkurrenzfahrt von Automobilen saust. Seitab vom
958 1019 2059 1079 Schienenstrang zu sein, ist gar keine Garantie mehr.
80 993 916 1105 eines modkernen Mädchens.
950 1079 2059 1149 Durch die weltabgeschiedensten Pappelalleen faucht und
491 1076 907 1149 Berlin, den 24. Juni.
954 1122 2057 1185 staubt es unvermutet hindurch, und nirgends gibt es
80 1104 505 1198 Mein lieber Freund!
953 1165 2071 1227 ein Dorf, in dem nicht doch ein Telephon wäre, durch
85 1186 931 1243 ärmen für die heißen Tage und behaupten,
954 1223 2062 1276 das unvermutet ein verabredungshungriger Bekannter
84 1221 934 1284 t Ihre Produktionskraft steigere ... bei
954 1262 2068 1319 über hundert Meilen weg einen aus dem Schlaf schreckt.
88 1272 937 1333 sie nur den Konsum an Zitronenlimonuden!
1028 1314 2071 1388 Wer Ruhe haben will, muß schon nach Island fahren
83 1322 935 1390 en Fähigkeiten legt sie gänzlich brach —
958 1361 1386 1431 zur Ultima Thule!
103 1376 939 1430 kommt mir vor wie ein ausgehängtes
1028 1391 2070 1461 Ich finde wirklich, daß sich die Position des Menschen
102 1420 936 1471 mir ist so zumute, als hätte ich ein paar
953 1464 2068 1516 auf der Erde stark verschlechtert. Es müßte wenigstens
94 1469 934 1550 amoa gelebt und wäre da so sacht „ver¬
954 1495 2072 1560 besondere Entschädigungen geben für die Ueberarbeit,
960 1545 2070 1604 die sein Gehirn täglich zu leisten hat, allein schon um
810 1555 942 1623 zweise
112 1542 735 1644 hasse diese deutsche Hitze, die so
958 1603 2074 1670 alles, was passiert, in sich aufzunehmen — so eine Art
964 1655 2078 1712 Extragratifikation, wie der Angestellte sie für Ueber¬
778 1649 891 1715 llen —
98 1635 761 1724 e ich mir allenfalls in Italien gef
964 1695 1286 1762 stunden erhält.
760 1703 954 1766 glühende
90 1705 745 1762 berechtigte südliche Hitze, in deren
1038 1714 2002 1807 Aber wo meinen Sie, sind diese Aequivalente?
775 1744 945 1818 jen und
96 1750 728 1831 türme und Palmen, Sarazenenbi
1036 1789 2066 1856 Vielleicht in dem gesteigerten Durst nach einer an¬
109 1799 706 1863 so fein abgesetzt hineinsteigen.
968 1831 2079 1892 deren Form des Lebens — in der doppelten Genuß¬
518 1833 945 1910 Vaterland stehen die
121 1853 449 1917 großen Städten
967 1881 2082 1946 fähigkeit aller Kulturmüden, mit denen sie jene Dinge
554 1895 947 1961 straften die Bäume,
112 1898 442 1967 raturgrade nicht
965 1943 2073 1991 erfassen, die nicht künstlich, nicht auf Asphalt getrieben
112 1938 883 2014 ersengt und entnervt am Wege stehen n
973 1968 2076 2050 sind, sondern echte, erdgeborene Produkte der Natur.
255 1999 722 2061 die nicht weiterkommen
1043 2030 2084 2092 Die Seligkeit des Großstadtmenschen, der ein Huhn
261 2039 788 2103 lätzen blüht, auf den künftl
989 2072 2083 2135 über eine Dorfgasse flattern sieht (kein Perlhuhn des
166 2090 852 2145 ten, das hängt müde und schlape
975 2122 2071 2185 Zoologischen Gartens, kein Huhn mit Reis auf der
186 2139 930 2203 ontakt mit der kraftspendenden Mutte¬
967 2187 2073 2234 Zinnschüsfel eines Restaurants, sondern ein richtiges,
174 2185 954 2267 den Blumen, die auf Asphalt zu blühen
969 2214 2089 2312 veritabte Hühnerhofhuhn — gewissermaßen das Huhn
935 2360 2041 2444 an sich) hat für mich nachgerade weniger etwas Komisches
941 2416 1412 2492 als etwas Rührendes!
999 2461 2038 2524 Den Atem des Windes wie Wellen über wogende
930 2510 2046 2567 Kornfelder streichen zu sehen, das gelbe, frischgespaltene
929 2571 2043 2629 Holz in einer Bergeswaldsäge zu riechen — diese ganz
929 2614 2048 2660 einfachen Erscheinungsformen der Natur, die immer
938 2655 2047 2716 waren und sein werden, haben gerade für den, der
931 2708 2045 2762 lange verdammt war, zwischen heißen Steinen zu leben,
929 2755 2036 2819 einen Zauber, der seine Stärke nur der langen Ent¬
929 2809 2046 2848 behrung verdankt. Sie wirken wie Hochmomente des
937 2865 2050 2911 Daseins — wie Eliteminuten! Es ist einem zumute
938 2903 2045 2957 wie dem Autor etwa, wenn er einen Roman gut an¬
924 2957 2046 3012 bringt, wie dem holsteinischen Mädchen, das während
935 3001 2014 3039 der Kieler Woche vom Kaiser angesprochen wird —
934 3042 2036 3091 wie dem wassersuchenden Gertenzauberer, der in Süd¬
930 3089 1958 3162 westafrika plötzlich die tiefverborgene Quelle findet.
1000 3139 2047 3199 Und da unser Lebenshumor nun doch einmal
937 3197 2043 3247 auf lauter Kompromissen aufgebaut ist, halten wir uns
945 3239 1901 3294 also dankbar an diese Form der Kompensation!
998 3277 2052 3352 Uebrigens dauert es noch etwas, bis auch ich den
935 3334 2039 3387 „Weg ins Freie“ suche, einstweilen lese ich den von
943 3385 2035 3443 Schnitzler, mich meiner soliden Seelengesundheit freuend
936 3424 2041 3498 im Gegensatz zu so viel widerstandsloser Dekadenz!
1006 3478 2038 3543 Ich glaube wirklich, daß in uns nordwestdeutschen
937 3523 2041 3583 Frauen ein besonders dauerhafter Untergrund von
936 3588 2037 3633 Unbeirrbarkeit und Vollmächtigkeit liegt. Moderne An¬
930 3631 2042 3680 wandlungen aller Art gleiten über uns hin, ohne
935 3672 2032 3719 damit das Gleichgewicht unserer Gedankenwelt irgend¬
935 3714 2038 3774 wie zu alterieren. Wir probieren von allem — ver¬
934 3762 2047 3825 suchsweise, so wie man einmal einen auffallenden
930 3814 2039 3858 Schlips trägt oder eine exzentrische Boa. Aber wir haben
923 3862 2044 3908 das Talent, alles, was wir als Versuchskaninchen be¬
923 3903 1942 3972 nutzten, auch rechtzeitig wieder ad acta zu legen.
2898 2268 3164 2363 Seite 1109.
2126 2348 3177 2436 Wir sind nur ruckweise modern — gleich der Hitze
2054 2413 2413 2492 dieses Sommers.
2114 2452 3167 2537 Uebrigens kommt mir nachgerade das Wort modern
2046 2525 2701 2583 recht unmodern geworden vor!
2132 2564 3158 2642 Bitte, überlegen Sie doch mal ein neues, bezeich¬
2059 2622 2867 2681 nendes, leise schmeichelndes Adjektiv für
2537 2660 3142 2727 Ihre sommermüde Freundin
2646 2714 3028 2784 A. O. von R
