3296 4352
352 142 657 211 Der Ne
679 141 1116 210 ins Frei
1316 141 1713 231 box 3/1
139 141 1191 253 23. Suuf ausmaiese
53 553 259 631 nieden.
1654 569 2759 626 naamd afgeschaft zal blijven, den tekst van dien ver¬
579 570 1660 636 doch ontrurmen. Dat Techt had alleen betrekking op de
57 605 358 669 aangehouden.
1662 621 2760 692 ouderden wensch te wijzigen en met 't oog op den
579 617 1667 665 watervlakte, ingencmen door het meest naar buiten ge¬
53 635 579 714 llende departementen (bin¬
1657 653 2752 715 heuglijken feestdag, den geboortedag van Hare Majes¬
582 660 1656 718 legen dok in den openbaren waterweg en betrof 4200
47 690 580 743 zaken, marine en landbouw
1660 698 2755 735 teit onze geliefde Koningin, in de week vöör 31 Aus
583 702 1664 757 M2. van de ter beschikking der Maatschappjj gestelde
55 731 581 794 or waterstaa“ en kolonièn)
1666 735 2745 797 gustus, eenvoudig te wenschen „vrooljjke feestviering''s
573 741 1509 795 11,550 M2. Wan terrein is dus geen sprake.
50 754 582 821 ellen aanhangig gemaakt.
613 756 1664 825 Overigens zij nog even in herinnering gebracht dat
1654 768 2749 839 Behalve de socialisten, zal jeder de strekking daarvan
50 814 1664 869 mbtenaren, wier belooning ] miin voorstel ten opzichte van dat meest naar buiten
1670 805 2745 855 vatten, toejuichen en dankbaar voor de gelukkige re¬
83 837 2762 927 en maximum beweegt. 1 gelegen dok nog niet lang goleden door B. en W. werd ] geering waaronder wij Nederlanders leven, wellicht hun
53 957 582 1030 meerderheid van zeer laag
569 965 2258 1028 (Joodsche) huwelijk dat Else zich verwaardigt te slui- # dat het in het jjle vervliegt.
574 1001 693 1058 ten.
58 999 561 1060 ing tegen „Christeljjke“
1685 997 2757 1080 En dat is ten slotte, de indruk dien men van die ge¬#
606 1024 1654 1096 Eisler, vader en zoon. Eisler Sr., indertisd de beroemd¬
52 1035 571 1102 laatsten roman vindt men,
1652 1033 2757 1114 heele Joden-schildering krijgt: dat ze gedaan is, louten
42 1070 575 1141 et op het goede gerichte
571 1081 1649 1134 ste boxer van Weenen (dat is niet alledaagschl cen Jood¬
1656 1087 2751 1149 om het effect, om de gelegenheid die Schnitzler er zich
577 1123 1645 1173 sche vechter-met-de-vuisten !) bij gelegenheid verkooper
48 1123 573 1180 gedwarsboomd en verjjdeld
1652 1128 2754 1197 zelf door gaf geestige, verrassende en dikwijls genoeg 1—
575 1162 1652 1202 van antiquiteiten en, op het oog, cen Hongaarscho
51 1154 574 1207 verachtende Christenen. In
1656 1166 2751 1216 verbluffende dingen te laten zeggen en doen. In de eco¬
569 1190 1660 1240 magnaat. Eisler Junior eon man van de wereld die juist
45 1181 571 1256 dt het leven van da Joden
1660 1196 2745 1265 nomie van den roman beteekent die geheele Joodschel
579 1234 1667 1287 absoluut Jood wil ziin, en iedereen er op aan kjjkt of
59 1240 575 1293 Wilhelm IIl getoond van
1656 1239 2747 1299 samenleving niets. De eigenlijke geschiedenis, — de lief¬
571 1274 1665 1334 hij het soms in ziju hart haalt daar wat op tegen te
61 1275 580 1334 als de tragedio van den
1652 1279 2750 1356 de van Georg von Wergenthin en Anna Rosner, twed
572 1306 1657 1366 hebben, In welk geval hij, Willy Eisler, om nadere ex¬
39 1303 578 1375 nileerenden Jood die door
1665 1320 2584 1367 volbloed-Duitschers — staat geheel los daarvan.
575 1347 1656 1410 plicaties zou mooten verzoeken. Heinrich Bermann,
47 1343 583 1409 milie nit het onbeschaafde
1687 1352 2758 1417 En dit nu is juist het mooie in het boek: het ver¬
575 1393 1656 1436 schrijwver van tooneelstukkken die ziin kunstenaarschap
45 1384 574 1453 Russische grenslanden, —
1651 1390 2756 1461 haal van die liefde. Hoe von Wergenthin Anna vindt,
577 1431 1651 1474 veracht, en zichzelven maar éen wezenlijk vermogen toe¬
43 1434 572 1490 ald. Op deze of gene wij¬
1657 1436 2758 1491 lief krijgt, tot de zijne maakt, en dan verlaat: hoer
576 1465 1647 1515 kent: „in menschenzielen te kijken, diep er in, in de
52 1478 577 1523 heeft ook Dehmel gedaan
1648 1465 2759 1528 Anna van het eerst tot het laatst niet anders zoekt en
578 1503 1653 1561 zielen van schurken en cerlijko Jui, van vrouwen, man¬
47 1505 570 1560 Poodsch-Cbristeljjke liefden)
1658 1507 2763 1586 bedenkt dan zisn geluk, en daaraan alles opoffert, zon¬,
569 1541 1654 1587 nen, kinderen, van heidenen, Joden, protestanten, ja zelfs
52 1539 578 1610 egeven, of trachten te ge¬
1664 1551 2749 1610 der zelfs te voelen dat het cen offer is, en bjj het af¬
585 1582 1656 1640 van katholicken, adelljjken en Duitschers;'' en die ge¬
41 1577 584 1641 k'. Maar dat doet Schnitz¬
1652 1595 2751 1658 scheid, den man dien zij nu kent voor den geweten¬
578 1617 1649 1673 voelt „dat er niet veel noodig is om in elken Jood de
59 1630 578 1676 een heele galerij portret¬
1659 1628 2747 1694 en harteloozen egoist die hij is dat éene woord mec¬
586 1649 1650 1712 zelfverachting wakker te maken, die in het binnenste van
56 1664 575 1719 #is het zonderlingste van
1650 1670 2758 1737 geeft: „Vergeet ons niet Igeheel en al'’, — dat heeft!
577 1695 1651 1750 zijn hart sluimert.“ — Stauber vader en zoon. De oude
52 1692 584 1765 zijn boek eigenlijk niet te
1651 1704 2756 1771 Schnitzler verhaald met een buitengewone kracht, in¬
577 1737 1652 1784 Stauber een golcerde en tevens een menschenvriend, een
65 1733 578 1790 hun qualiteit van Joden.
1652 1739 2753 1813 zicht en teederheid. Dat is weer de Schnitzler van „Lie-
571 1769 1649 1816 wijs man, als arts een hoeler van lichamen en van zie¬
54 1777 583 1839 fiine opmerkingen omtrent
1656 1780 2748 1846 belei“, en van „Freiwild'’ vooral, en nog meer dan Hjj.)
573 1810 1661 1856 len beide. De jonge Stauber evencens cen geleerde, maar
66 1812 576 1879 want, naar het uiterljjk
1660 1822 2755 1882 Anna Rosner heeft niet enkel de zelfopofferende liefde)
563 1840 1651 1900 die, door zjju energie, zich nit zijn laboratorium in het
37 1845 566 1911 olkomen uit ziju werk —
1664 1861 2746 1926 van de vrouwen uit die vroegere drama’s: zij heeft het
576 1884 1657 1950 publieke leven heeft laten drjjven, en een walgings-kuur
44 1892 563 1949 ite noch implicite de bi¬
1657 1890 2749 1966 heldere verstand dat die opoffering van ech niting vam
567 1925 1655 1984 doormaakt in het Parlement. Tusschen twee hankjes,
67 1923 580 1993 uit al die opmerkingen
1658 1932 2756 2003 temperament tot cen uiting van karakter mankt., Zif
574 1954 1655 2023 daar ontmoet Schnitzler ccn collegh-Jollensdhrijver.
57 1963 573 2026 e rechtvaardiging van den
1652 1978 2757 2038 weet, en zjj wil, waar die anderen enkel voelden end
572 1995 1653 2055 Hirschfeld. Wat die in zijn laatsten roman over parle¬
46 1996 532 2067 odat men vragen moet —
1648 2000 2743 2084 zich lieten gaan. En dat is juist zoo ontrperend, dat!
577 2037 1651 2096 mentarische toestanden in Oostenrjjk Hongarije schrifft
59 2037 570 2118 die heele nadruk op het
1655 2055 2740 2121 zij, bijna van het eerste oogenblik af, ziet dat haar
570 2078 1652 2146 staat met andere woorden in dezen eersten van Schnitz¬
1650 2087 2748 2160 liefde voor Georg haar niet anders dan leed kan bren¬,
575 2114 1656 2167 ler. Er is niets vreemds in die oyereenstemming. Het
61 2104 570 2186 zijde, dan kan men zich
1659 2136 2744 2188 gen: en niettemin geeft wat die liefde van haar eischt.
574 2154 1652 2223 Parlementsbericht'' van de eerste beste Oostenrjjksche
43 2153 579 2210 dan Schnitzlers Joden-voor¬
1682 2163 2734 2233 Een soortgelijke volwaking is in de figum van Georg,
579 2196 1399 2240 courant geeft een aanvullende verklaring.
50 2201 576 2264 ypes heeft hij hier bjjeen¬
1656 2215 2754 2269 den dilettant nit zuivere zelfzucht, die rijk aangelegc,
610 2218 1648 2288 Hier met het portret van den jongen Stauber, en la¬
60 2238 580 2300 hij is streng binnen dien
1657 2242 2752 2314 is en arm wordt, omdat, ten slotte ziin Ik, en van datt
577 2260 1648 2327 ter komen dat van Leo Golowski en zjjn zuster There¬
46 2281 585 2337 van Joodschen rijkdom en
1649 2289 2747 2347 Ik juist het geringste, slapste en slechtste, hem dierbaur¬
577 2310 1655 2357 se er bij, gaat Schnitzler toch cen paar stappen buiten
44 2314 574 2367 fllcen bankiers en bankiers¬
1648 2321 2740 2380 der is dan wat ter wereld ook, en al ware het 't hoog¬
578 2348 1666 2417 den nauwen kring van zijn luxe-menschen. Stauber heeft
56 2361 575 2410 vast zit van journalisten,
1656 2361 2740 2423 ste, dat door ecnige opoffering van aan dat mindere jl
583 2383 1655 2439 cen politiek ideaal, en lijdt er voor. Thérése is cen
46 2394 585 2454 ectucelen.)' Maar wat eer
1651 2396 2739 2466 nangename dingen gekocht zou moeten worden. Deze
579 2424 1654 2483 socialisten-leidster. Golowski, in zijn diensttijd bij het
43 2433 218 2483 soort !
1654 2437 2738 2479 egoiste-figuur is cen vaste in Schnitzler’s werk, even¬
575 2465 1660 2526 leger door een antisemitischen luitenant grof beleedigd,
34 2457 570 2531 enberg Senior is cen geloo¬
1648 2478 2739 2543 als die van het slachtoffer van zulk een egoist. Maarl
569 2503 1661 2570 maakt van het eerste nur van zjjn vrijheid gebruik om
48 2507 571 2571 jen tijd, die alleen om ziin
1660 2515 2718 2572 Wergenthin is, in ziju geure, superieur. Hij weet was
574 2547 1163 2609 zijn beleediger uit te dagen.
43 2543 592 2590 hats van voluit Salomon op
1659 2554 2738 2616 hij is, en hjj wil het zjjn,, hij laat zich niet maar drif¬
614 2577 1656 2640 „Cisteren, mencer die lnitenant, zijt u meér geweest
33 2585 575 2645 le die op de ontvangdagen
1660 2590 2742 2646 ven door ziju temperament, zooals Anatol en zjjn velet
27 2613 583 2674 et wil kennen, en vacantie
584 2620 1652 2670 dan ik, voorloopig ziin wij gelijk, maar morgen om de¬
1655 2626 2739 2711 gelijken in Schnitzler’s werk; integendeel: hii traß
34 2660 576 2718 ar Jeruzalem te gaan. Met
568 2660 1656 2710 zen tijd zal een van ons tweeën weer meer zijn dan de
1646 2660 1897 2723 neert het.
34 2699 586 2751 Pskar niet op den weg der
581 2699 1652 2741 andere.? De beteekenis van het „ietwat talmudistische
1683 2704 2755 2770 Ieeft Schnitzler dat precies zoo bedoeld? Men zouer“
25 2728 584 2802 ar heeft zich laten doopen.
577 2739 1659 2792 gezegde'' wordt den niet-talmud-kenner duideliik gemaakt
1649 2746 2747 2807 aan mogen twijfelen. In het begin schijnt het van ja.
28 2777 577 2837 lanen, zoekt den omgang
578 2771 1656 2836 door ecn vuistslag tegen het voorhoofd. „En na het
1654 2787 2752 2833 Als Georg zijn vader een van zijn compositics voor¬
58 2814 182 2864 Gen
587 2810 1655 2863 tweede schot is Golowski werkeljjk nanmerkeljjk veel
191 2810 575 2873 " al doende, 260-
1663 2822 2735 2885 speelt „cen mvoudige melodie met overdreven riike
589 2855 1654 2901 meer geweest dan de Juitenant, want die was niets, min¬
42 2857 584 2913 nedelman geworden, dat bij
1655 2858 2690 2915 harmonieen, die het simpele thema haast overstelpen'
44 2893 576 2949 kerkdeur het hoofd ont¬
574 2891 1655 2948 der dan niets: cen doode“. Een politick duel — dat is
1656 2895 2755 2964 en daarbij overgaat in „wild moduleerende variaties'.!
43 2919 579 2989 at ziende, hem op de open¬
575 2927 1657 2999 iets nieuws in Schnitzlers werk — die hij tot nog toe
1656 2935 2751 3000 vraagt de vader, een kenner van goede muziek u# en
46 2969 585 3023 t, wascht hij zisn bezoe¬
582 2969 1531 3030 liet uitvechten gebeurden om „cavaliers-händel“.
1660 2981 2755 3045 van ziin zoon, schijnt het — glimlachend: „Waarheen''s.
42 3007 584 3067 A bloed. Kän het correcter?
614 2999 1656 3059 Tot besluit: Nürnberger, menschen-kenner en levens¬
1654 3017 2742 3060 En 260 als dat er staat wordt het woord symbolisch.
60 3046 577 3104 een anderen kant, even
579 3040 1650 3110 beschonwer die schrifver moest zin eigenljjk, manr uit
1650 3063 2751 3114 De oude man sjweekt er mee uit, hoe hij nict gelooft
38 3084 588 3145 af: zij zoekt het in het
578 3084 1652 3147 pure zelf-critiek er niet too komt. Hjj is de kritikus
1651 3099 2755 3146 dat Georg er komen zal, in de kunst zoomin als in het
44 3122 583 3183 er of zjj actrice, pleogzus¬
583 3126 1658 3169 van de Joden als van alle andere menschen en dingen.
1657 3135 2748 3205 leven. Het ééne jaar dat Schnitzler van dat leven toont
51 3155 584 3219 milliardairsvrouw in Chi¬
573 3156 1648 3230 Door hem uit Schnitzler zijn eigen gedachten over „het
1657 3174 2732 3231 is een bevestiging van dat denkbeeld. En niettemin —
44 3201 583 3261 van ecn virtucos of cen
571 3200 1662 3262 Joden-vraagstuk.“ Daarmee komt hi het dichtste bij
1645 3208 2753 3268 op het eind, stelt Schnitzler von Wergenthin voor als
38 3231 590 3296 en ziin: soms daarentegen
574 3239 1658 3297 dat wat men zich wel moet voorstellen als zijn docl.
1656 3241 2741 3309 den man die „den weg naar de vrijheid'’ heeft gevon¬
30 3273 579 3334 en bekoring de brave stille
586 3281 1657 3324 Maar net is alleen een naderen, geen bereikon. Ook
1649 3282 2737 3349 gen. Men mag wel vragen: „naar welke vrijheid“ A
36 3313 588 3376 usqudigen „Gutsbesitzer'' t6
570 3307 1659 3380 Nürnberger zegt niets definitiefs; tenzij men dan als
1659 3324 2750 3404 Een andere is nict te ontdekken dan de negatieve van
39 3353 575 3411 Ie kinderen, vroeg-grifs (van
580 3340 1651 3408 zoodanig zou willen schatten zijn opmerking „dat de
1651 3356 2740 3431 het „tot niets verplicht te ziin'’ die George van het
49 3383 579 3445 zächt-gelaten glimlach al¬
569 3395 1654 3441 Joden misschien cens zullen blijken cen menschheids-fer¬
1659 3404 2750 3459 begin af als de allerbegcerljjkste heeft bestreefd. Schnitz¬
46 3427 575 3490 de onrechtvaardigheid van
574 3432 1649 3485 ment to ziln geweest.“ — cen opvatting die hier niet
1656 3445 2761 3509 ler zou kunnen antwoorden: „Juist. Voor een man van
56 3475 576 3528 s heel buitengewoons doen,
579 3472 1664 3539 voor de cerste maal die formule vindt. Voor het ove¬
1655 3478 2552 3551 het slag van Wergenthin is dat de vrijheid.?
66 3502 579 3562 in elkaar sloeg. Maar de
574 3510 1662 3556 rige ziin het alles maar „boutades'’, paradoxen, geestig
35 3548 571 3599 mceiljjk te volbrengen!
576 3553 1667 3615 natuurljjk. Schnitzler is buitengewoon geestig. Hjj heeit
2233 3549 2743 3643 AUGUSTA DE WIT.
34 3579 580 3645 Ner familie, houdt Elsje van
582 3588 1667 3659 gezegden die aan Heine doen denken. Maar men voelt
39 3615 576 3669 enig ding ter wereld. Mama
579 3606 1660 3684 er alte duideljjk in het welgevallen aan de geestigheid
26 3661 579 3720 er al haar voornemens. De
590 3663 1664 3722 op zich zeif ôm zich zelf, om het even of een waar¬
2034 3658 2405 3740 ——
43 3700 1704 3789 t begin af het voordeelige heid belicht wordt door het schitterende vuurwerk of
