3296 4352
545 177 729 251 rWe
802 179 1198 250 ins Frei
1390 181 1786 265 box 3/2
218 180 1251 285 23. Del . . udereenscheceeate e
680 813 2359 877 882 88 Neues vom Büchertisch. 18888888888 319
682 853 2344 924 stalten. Er schweigt diesmal, wo er reden, Lowositz“, und hinter diesem Kreise liegt
692 918 1425 963 und er redet, wo er schweigen sollte. —
1508 916 2350 970 wieder ein noch größerer, hinter der Familie
739 964 2341 991 Mancherlei Berührungspunkte mit Schnitz= steht als heimliche Heldin die Stadt Prag.
695 989 2345 1031 lers Buch zeigt der neue Roman von Aus diesem Grunde nannte ich das Werk
692 1030 1518 1085 Auguste Hauschner: „Die Familie
1515 1030 2345 1083 einen Milien=Roman; das Milien verleiht
1520 1067 2346 1118 ihm in erster Linie Bedeutung; das Milien
680 1062 1515 1125 Lowositz (Berlin 1908, Egon Fleischel
1529 1109 2360 1158 ist geradezu glänzend gegeben. Auch in dem
696 1108 1514 1164 & Co.). Österreichisches Judentum spielt
1527 1151 2356 1195 vorigen, an dieser Stelle gewürdigten Roman
687 1143 1508 1204 auch hier eine große Rolle, und der Weg
1523 1197 2345 1239 von Auguste Hauschner „Zwischen den Zei¬
685 1184 1509 1234 ins Freie, den der Held am Ende findet,
1520 1224 2344 1274 ten“ war es mit verblüffender Sicherheit und
692 1233 1499 1274 führt auch in diesem Falle über die schwarz¬
1523 1262 2347 1320 einem fast merkwürdigen Gerechtigkeitssinn
690 1267 1515 1333 gelben Grenzpfähle hinaus nach Deutschland
1521 1298 2349 1369 hingestellt. Man kommt nicht in die Ver¬
695 1305 917 1367 hinein ..
1524 1342 2345 1390 suchung, hier besonders eine überstrahlende
731 1320 1517 1394 Die „Familie Lowositz“ ist ein Milieu¬
1532 1386 2352 1434 Gestalt hervorzuheben, aber man rühmt wohl
690 1367 1510 1425 Roman. Es ist schwer, den Inhalt zu er¬
1528 1418 2344 1462 im allgemeinen, wie die streitenden Par¬
697 1424 1514 1470 zählen. Im Mittelpunkt des außerordent¬
1519 1455 2347 1511 teien und Stände, die verschiedenen Elemente
685 1469 1517 1520 lich sigurenreichen Werkes steht der junge
695 1494 1510 1548 Rudolf Lowositz, erst Gymnasiast, dann
1517 1490 2354 1547 der Prager Bevölkerung in charakteristischen
697 1542 1511 1585 Student im kampfgewohnten Prag. Bei
1528 1530 2354 1586 Vertretern gezeichnet sind. Die Stroblschen
690 1568 1517 1618 der 75jährigen Großmutter feiert er mit der
1519 1576 2343 1626 Romane von denen „Der Schipkapaß“ hier
1516 1614 2348 1662 kürzlich besprochen ward, geben Prag unter
691 1610 1511 1662 Gesamtfamilie den Vorabend des Passah¬
1520 1659 2352 1711 dem Gesichtswinkel des deutschnationalen
695 1655 1507 1699 festes, wobei all die uralt geheiligten und
1524 1695 2340 1753 Burschenschafters; Auguste Hauschner sieht
688 1693 1519 1749 fraglos sehr poesievollen Bräuche streng
1517 1734 2347 1773 weiter und gibt das Bild richtiger. Eben
699 1726 1509 1782 innegehalten werden; in seiner Stube be¬
1518 1773 2350 1825 deshalb fehlt ihm wohl ein rechter Abschluß.
692 1764 1509 1825 geistert er sich für Schopenhauer und schwärmt
1524 1812 2350 1855 Den wird nicht ein Roman — den kann nur
687 1816 1519 1862 mit deutschen Dichtern; sein Verkehr reicht
1518 1843 2217 1905 die Geschichte der Zukunft schreiben.
695 1841 1510 1893 von adligen Korpsiers über deutschnationale
694 1889 1524 1941 Burschenschafter und jüdische Mittelparteiler
1567 1880 2354 1940 Erledigen wir nebenher gleich zwei andre
1523 1926 2351 1985 Frauenbücher die nicht ganz das halten,
688 1929 1524 1987 bis zu fanatischen Jungtschechen und so¬
694 1951 2346 2014 zialistischen Schriftsetzern; in platonischer was ihre Befürworter in Aussicht stellen.
1514 2000 2352 2058 Das eine, „Winkelquartett. Eine ko¬
692 2015 1522 2055 Schwärmerei sieht er bewundernd zu dem
1519 2051 2353 2095 mische Kleinstadtgeschichte von Anna Crois¬
687 2044 1523 2100 Fräulein von Leschner auf, will sich schon
1522 2085 2348 2138 sant=Rust“ (Munchen 1908, Georg Müller),
688 2084 1514 2140 als Primaner in jähem Entflammtsein mit
1518 2126 2348 2182 wird von Otto Julius Bierbaum gepriesen,
686 2123 1517 2165 einem jungen Mädchen seiner Kreise ver¬
1520 2163 2348 2211 der die Backen leicht zu voll nimmt: es ent¬
695 2164 1521 2208 loben und hat endlich ein recht unplatoni¬
692 2201 1518 2249 sches Verhältnis mit einer tschechischen Cho¬
1524 2202 2344 2250 halte alles, was die komische Muse nur selten
693 2243 1517 2282 ristin. So reckt er seine Fühler nach allen
1521 2239 2337 2287 auf einmal hergebe, Humor, Witz, Drollig¬
1513 2287 2339 2328 keit. Das andre, „Der Weibermann“
691 2276 1519 2324 Richtungen, und wie vor ihm tut sich vor
688 2318 1512 2378 uns das Leben Prags in seiner ganzen Breite
1518 2305 2352 2369 ein Roman von Maria Schlumpf (Ber¬
695 2358 1514 2407 auf. Ein gewisses Gerechtigkeitsgefühl, viel¬
1525 2355 2353 2425 lin 1908, Egon Fleischel & Co.), ist von
1524 2396 1976 2453 Ernst Zahn eingeleitet.
697 2399 1515 2451 leicht auch ein heimliches Mißtrauen gegen
688 2425 1527 2479 sich selbst. verbietet ihm, sich mit Leib und
1570 2429 2352 2491 Das „Winkelquartett“ stellt uns zwei
1519 2467 2351 2517 komische Pärchen vor. Es setzt sehr hubsch
697 2474 1512 2517 Seele einer bestimmten Partei zu verschrei¬
696 2511 1518 2552 ben. Natürlich kriegt er so von beiden Seiten
1525 2512 2353 2561 ein, und wenn die dicke Obstlerin sich am
691 2545 1513 2594 Prügel. Und bitter fragt er sich: „Wer bin
1518 2546 2342 2600 Anfang der Geschichte vergeblich den Kopf
688 2588 1507 2640 ich und wo bin ich zu Hause? An dem Tisch
1521 2591 2343 2639 zerbricht, wer nun eigentlich der Vater ihres
1528 2631 2352 2687 neuen Sprößlings sein dürste, so hat man
688 2628 1518 2680 der Tschechen sitze ich als Gegner, in meinem
1516 2673 2344 2717 einen nicht üblen Vorgeschmack, der man¬
694 2669 1514 2719 eigenen Lager fühle ich mich fremd. Wie
699 2706 1514 2747 soll sich meine Zukunft hier gestalten? Wo
1518 2708 2344 2746 cherlei verheißt. Aber die späteren Entwick¬
690 2745 2347 2789 soll ich aufs neue Wurzeln schlagen in die= lungen, Schicksale und Betätigungen der
690 2790 1228 2832 sem unterwühlten Boden?“
1228 2785 1512 2836 So setzt er es
1527 2781 2353 2834 „Helden“, vor allem des Kampelmacherfritzen
693 2859 2345 2911 er Prag verlassen, daß er #ach Berlin gehn wie man erwartet, die Drolligkeit steigt nicht
690 2900 2361 2946 darf. Es bedeutet für ihn des Weg ins Freie. zu freiem Humor empor, sondern arbeitet
749 2941 2353 2992 Eine brodelnde Jünglingsseele also. Wir sich in die Karikatur hinein, und auf der
1516 2966 2351 3022 Schlußseite 286 dürften die Leser doch mehr
695 2983 1520 3031 müssen sie verlassen, ohne über sie beruhigt
688 3018 1514 3068 zu sein. Denn man fragt sich doch, ob nicht
1518 3018 2356 3073 enttäuschte als vergnügte Gesichter machen.
697 3049 1513 3106 ein großer Teil der Hemmungen, die Ru¬
1521 3056 2346 3112 Anna Croissant=Rust ist nicht frei und heiter
691 3099 1517 3147 dolfs Entfaltung hindern, in ihm selbst liegt,
1528 3097 1672 3145 genug.
1668 3100 2363 3151 Sie hat wohl auch nicht genug
1525 3138 2353 3178 Wärme und Güte. So zieht sie uns in die
690 3140 1520 3185 ob hier wirklich allein Prag schuld ist. Diese
688 3180 1514 3236 Frage könnte nur ein noch ungeschriebener
1524 3167 2355 3225 Kleinlichkeit dieser ungebildeten und dumm¬
694 3209 1242 3263 zweiter Band beantworten.
1519 3213 2347 3266 schlauen Profitjäger hinein, anstatt uns ihr
729 3234 1522 3304 Überhaupt liegt ja, so sehr der junge Ru¬
1529 3256 2346 3300 Hin= und Hergezerre mehr von oben, aus
687 3297 1513 3344 dolf im Vordergrunde steht, der eigentliche
1533 3294 2355 3346 freier Höhe, genießen zu lassen. Denn nur
696 3323 1520 3377 Kernpunkt des Romans nicht in dieser Fi¬
1526 3323 2350 3385 von oben ist es erträglich und pläsierlich:
1528 3359 2345 3423 in zu großer Nähe beengt es und fällt auf
687 3361 1517 3421 gur. Wohl ist sie wichtig, doch wichtiger
696 3410 1523 3458 ist ihr Milien. Deshalb heißt das Buch
1529 3408 2349 3468 die Nerven. Eher schon hätte uns die Er¬
692 3438 2364 3509 nicht „Rudolf Lowositz“, sondern „Familie zählerin das zweite, menschlich feinere Pär¬
