3344 4000
815 85 1231 157 ins Freie
239 84 739 171 23. Der Ne.
1420 87 1790 180 box 3/3
420 106 1261 194 uen enenenen en en  —  n n a. 4. — 1 6
620 514 2672 641 Die schone Literatur.
624 651 695 728 a0b
1169 677 2142 762 Beilage zum Literarischen Zentralblatt
1449 754 1864 840 für Deutschland.
940 852 2379 926 Herausgeber Prof. Dr. Ed. Zarucke in Leipzig, Braustraße 2.
2478 870 2781 997 10. Jahrg.
530 878 714 1000 Nr. 7.
1241 930 2062 1005 Verlegt von Eduard Avenarins in Leipzig, Roßstraße 5/7.
2271 1037 2795 1103 Preis halbjährlich 3 Mark.
1383 1030 1936 1104 — 27. März 1909.—
522 1035 988 1107 Erscheint vierzehntäglich.
1682 1138 2769 1189 Dramen. Araufführungen (111): Hauptmann, Griselda. Schmidt, Nur
1010 1137 1140 1185 Inhalt.
1714 1174 2770 1212 ein Traum. Müller=Eberhart, Das Kind. Testoni. Das Modell. Lauff,
550 1142 1639 1212 Moderne Romane (105): Schnitzler. Der Weg ins Freie. Bartsch, Die vier
575 1199 1633 1239 Haindlkinder. Burckhard. Die Insel der Seligen. Keller, Unterlehrer
574 1222 1633 1270 Kraus. Rudelli, Frühlingswehen. Hofmann. Die Eroberung der Luft.
1714 1231 2763 1294 Gurseungen. Tochter des Margus, Dostoleweit, Die srende Frat und
556 1249 1643 1301 Gesammelte Erzählungen und Novellen (10y): Lücke, Bergtod. Rosegger,
2039 1279 2763 1327 Ein ehrlicher Dieb. Mistral, Erinnerungen und
1714 1284 2049 1320 der Mann unterm Bett;
576 1280 1645 1329 Alpensommer. Hügli, Die Hochzeitsfahrt. Schrams, Opfer. Dreßler,
1714 1307 2049 1365 Erzählungen. Lagerlö
2096 1316 2770 1367 Wunderbare Reise des kleinen Nils Holgerson mit
576 1306 1642 1362 Der Lebensgarten. Jaroljmek. Von Leidenden und Befreiten. Auernheimer,
2041 1314 2084 1357 f.
1708 1348 2414 1392 den Wildgänsen, 2. Band. Krag. Wandersman
578 1335 1640 1398 Die man nicht heiratet. Iltz, Sinfonia erotica und andere Novellen. Oeser,
1682 1367 2254 1419 Zeitschriften (121). Mitteilungen (126).
570 1371 1213 1420 Zweisimmen. Ruseler, Die gläserne Wand.
635 1443 1145 1490 Alphabetisches Inhaltsverzeichnis.
1722 1446 1806 1507 (112.)
1291 1447 1696 1493 Hauptmann, G., Griselda.
2074 1448 2781 1524 Uberst a. 5. Franzsischen von E. v. Kragz. (120.
527 1453 1175 1519 Auernheimer, R., Die man nicht heiratet.
1285 1482 1668 1528 Hirsch, H., Das Wunder.
1174 1471 1269 1520 (111.)
2048 1509 2687 1559 Müller=Eberhart, W., Das Kind. (115.)
523 1510 1263 1568 Barr, A. C., Der Teufelsgroschen. Autoris. Uebers.
1735 1487 1974 1569 der Luft. (109.)
1283 1479 1734 1552 Hofmann, O., Die Eroberung
2047 1529 2487 1582 Oeser, H., Zweisimmen. (111.)
545 1530 1151 1574 aus dem Englischen von A. Peuker. (119.)
1747 1537 1816 1575 (110.)
1285 1540 1729 1580 Hügli, E., Die Hochzeitsfahrt.
2049 1553 2561 1611 Rosegger, P., Alpensommer. (110.)
512 1556 1191 1613 Bartsch, R. H., Die vier Haindlkinder. (107.)
1730 1544 2037 1605 und Befreiten. (110.)
1288 1556 1739 1610 Faroljmek, E., Von Leidenden
2047 1597 2579 1630 Rudelli, W., Frühlingswehen. 2.
2575 1581 2705 1635 Auflage.
527 1589 1105 1632 Burckhard, M., Die Insel der Seligen.
2711 1585 2785 1632 (109.
1290 1589 2037 1647 Ilt, W. B., Sinfonia erotica u. andere Novellen. (111.)
1124 1597 1191 1636 108.)
2058 1603 2784 1679 Ruseler, G., Die gläserne Wand. Legenden und klein
530 1596 1265 1665 Dostojewski, F. M., Die fremde Frau und der Mann
1763 1623 1833 1662 108.)
1294 1618 1730 1670 Keller, H., Unterlehrer Kraus.
2083 1650 2242 1696 Geschichten.
2231 1654 2343 1692 (111.)
552 1650 1264 1712 unterm Bett. Ein ehrlicher Dieb. Zwei Erzählungen.
1281 1647 2036 1693 Krag, W., Wandersmann. Deutsch v. Leskien. (121.)
548 1669 961 1719 Deutsch v. I#=Schak. (120.)
2048 1664 2602 1715 Schmidt, L., Nur ein Traum. (114.)
1283 1681 2030 1731 Lagerlöf, S., Wunderbare Reise des kleinen Nils
2056 1704 2676 1765 Schnitzler A., Der' Weg ins Freie. (105.)
527 1704 1158 1747 Dreßlez#. jun., Der Lebensgarten. (110.)
1311 1713 2033 1757 Holgerson mit den Wildgänsen. 2. Band. Uebersetzung
2048 1727 2461 1780 Schrams, A., Opfer. (110.)
519 1718 1266 1776 Gu##h, I., Die Tochter des Marquis. Historischer
1322 1737 1973 1783 aus dem Schwedischen von P. Kleiber. (121.)
2045 1759 2536 1800 Testoni, A., Das Modell. (116.)
523 1773 1265 1824 öman. Autorisierte Uebers. aus d. Französischen von
1284 1757 1786 1821 Lauff, I., Der Deichgraf. (116.)
2042 1790 2648 1841 Weinert, L., Die stärkere Stunde. (118.)
537 1793 869 1843 K. Rheinau. (120.)
1283 1794 1726 1840 Lücke, G. P., Bergtod. (109.)
1520 1834 1590 1887 Cnen
1680 1888 2787 1967 zeichnen, lauter geistvolle Paradoxe, reinste Verkörperunge
791 1923 1366 2015 Moderne Romane.
1689 1952 2775 2016 eines tatsächlich vorhandenen österreichischen Prinzips; die
1679 2004 2776 2058 Gestalten haben in ihrer ungemeinen Schärfe und feinen Aus
515 1995 1638 2084 Schnitzler, Arthur, Der Weg ins Freie. Berlin, 1908. Fischer.
524 2047 890 2114 S) 1 4.
1686 2047 2740 2106 prägung durchaus etwas Gedankliches. Sie sind nur
1681 2100 2778 2153 einer Fläche gesehen. Was die Analyse innerhalb diese
512 2097 1654 2172 Bartsch, Rudolf Hans, Die vier Haindlkinder. Leipzig, 1908.
1694 2136 2780 2196 Fläche betrifft, ist nach wie vor die Meisterschaft unbestrei
559 2154 1117 2221 Staackmann. (334 S. 8.) „4 4.
1692 2186 2794 2244 bar. Aber gerade unser Roman läßt auf Schritt und Trit
517 2195 1642 2276 Burckhard, Max, Die Insel der Seligen. Berlin, 1908. Fischer.
1683 2236 2790 2292 die Einseitigkeit dieser wienerischen, allzu wienerischen, da
564 2253 896 2316 (344 S. 8.) „ 4.
1682 2282 2789 2342 Wienerische potenzierenden Begabung fühlen. Dieser Geor,
515 2297 1644 2370 Keller, Heinrich, Unterlehrer Kraus. Berlin, 1908. Fleischel & Co.
1695 2330 2792 2394 v. Wergenthin dilettiert in allem. Er führt Gespräche, die
572 2352 970 2403 (281 S. 8.) M 3, 50.
1693 2382 2711 2440 ihn innerlich nicht das Geringste angehen, hauptsächlich
521 2397 1653 2478 Rudelli, W., Frühlingswehen. 2. Auflage. Leipzig, 1908. Volger.
1688 2431 2803 2489 die Judenfrage, er sieht Schicksale mit an, die mit dem seiner
567 2453 900 2516 (510 S. 8.) „ 4.
1684 2473 2801 2526 kaum durch gedankliche, keinesfalls aber durch lebendige Be¬
523 2508 1650 2573 Hofmann, Oskar, Die Eroberung der Luft. Berlin, 1908. See¬
1695 2519 2799 2582 ziehungen verknüpft sind, und das einzige, was tiefer in sein
571 2562 1085 2623 mann. (239 S. 8.) J4 1, 80.
1678 2563 2810 2621 Innenleben greift, das Verhältnis zu Anna und deren Mutter¬
1695 2622 2804 2680 schaft, gleitet auch schließlich als nur halb erlebte Episode
587 2604 1646 2682 Wenn ein Meister die Form verliert oder verschmäht,
1691 2662 2808 2730 an ihm ab. In diesem Verhältnis zweier differenzierter
524 2644 1657 2731 ist das unzweifelhaft unangenehmer, als wenn ein Tastender
1682 2712 2814 2775 Menschen freilich und vor allem in Annas Gestalt, in ihrer
527 2713 1655 2779 sie sucht. In dieser jüngsten Arbeit hat Schnitzler einen
1690 2762 2805 2818 unendlichen Güte und ihrem tiefen Verständnis für eben jene
520 2762 1640 2819 Gesellschaftsroman und einen Erziehungsroman zusammen¬
1688 2804 2816 2861 Differenziertheit, in der wundervollen Verschwiegenheit und
525 2816 1655 2867 geschweißt, etwas unorganisch, etwas gewaltsam, und dabei
1691 2853 2818 2918 Verschleierung, in der sie durch den Roman geht, als die
528 2860 1645 2920 kommt das eine über dem anderen zu kurz. Die Gesellschaft
1698 2909 2818 2965 einzige echt instinktive, noch mit den Tiefen der Natur ver¬
528 2904 1651 2967 ist zu eng, zu beschränkt und zu wenig einheitlich, als daß
1698 2945 2815 3008 bundene, noch nicht vom Geiste entwurzelte Seele: darin
529 2955 1656 3009 ihre Darstellung ein geschlossenes Ganze ergeben könnte, und
1689 2999 2814 3055 atmet feinste Schnitzlerische Kunst. Hier verehrt der fast
530 2998 1650 3062 die Entwicklung dessen, der aus dieser Gesellschaft den Weg
1690 3036 2812 3105 grausame Beobachter, der kalte Experimentator die reine
533 3047 1648 3113 ins Freie findet, zu schwächlich, zu ergebnislos und zu breit.
1705 3093 2817 3152 Größe des Lebens, über die er sonst in geistvollen Ge¬
529 3096 1648 3146 Ein Mangel bedingt den anderen: in der dichterischen Ge¬
1695 3131 2822 3196 sprächen und paradoxen Schicksalen hinwegspielt. Alle übrigen
532 3142 1652 3202 staltung wie in der Wirklichkeit. Ein gewisser, in der Tat
2748 3186 2820 3242 ich
1697 3188 2692 3249 Menschen sind Dilettanten des Lebens. Sie alle his
535 3195 1660 3253 sehr charakteristischer Ausschnitt des Wiener Lebens konnte
1696 3240 2813 3293 auch im Roman, der mehr Wirklichkeitsschwere verlangt als
524 3240 1651 3291 keine entsprechendere Darstellung finden, als in diesen zwischen
1700 3271 2823 3340 ein dramatisierter Essai oder eine Novelle, nicht von der
528 3290 1652 3346 gesellschaftlichem und persönlichem Leben schwankenden und
1700 3333 2824 3392 müden Weisheit losmachen können: „Wir spielen alle, wer
532 3333 1652 3389 deshalb das eine wie das andere nicht genügend erfüllenden
1698 3385 2822 3434 es weiß, ist klug.“ Diese Lebensanschauung taugt nicht für
533 3381 1648 3439 Bildern, Gesprächen, Erlebnissen und Menschen. Ein ge¬
1700 3425 2814 3483 die Romanform: soviel wird man mit Sicherheit von ihr
528 3430 1658 3489 wisser Ausschnitt. Diese Gesellschaftsschicht repräsentiert nicht
1705 3465 2812 3528 sagen können. Schon deshalb, weil sie von solcher Beschaffen¬
533 3478 1655 3544 Wien in dem Maße, in dem sie vielleicht gerade vermöge
1697 3523 2807 3578 heit ist, daß man auch mit ihr wieder nur spielen kann.
543 3527 1658 3585 der Schnitzlerschen Kunst dem Auslande gegenüber repräsen¬
1701 3566 2818 3625 Leben wird man nie mit ihr können. Und das Leben dieser
536 3578 1653 3638 tativ wirkt. Es ist vielleicht notwendig, das öfter zu sagen.
1705 3613 2830 3691 Menschen hat in der Tat etwas Schattenhaftes. Sie haben
538 3622 1655 3671 Diese Menschen sind, um es ein wenig überdeutlich zu be¬
2705 3660 2788 3716 106
1583 3667 1670 3741 100
595 3676 1330 3743 Beilage zu Nr. 13 des Lit. Zentralbl. f. Deutschland.
