3248 4064
171 114 330 190 23.
359 120 651 187 Der We.
716 119 1155 188 ins Freie
1341 115 1686 212 box 3/3
354 179 1155 215 „
945 673 1398 827 Guan
1431 699 1805 857 WC
1753 887 1800 946 1
2024 987 2210 1043 Ausguck.
849 1035 1549 1086 der Ursprache lesen. Oder nicht? Was
1655 1046 2359 1095 Blasphemie. Wir nahmen auch nur
851 1084 1547 1125 enthält der Roman? Rurz gesagt die
1664 1088 2353 1136 deshalb hier von dem Buche Dotiz,
855 1126 1542 1162 naturalistische Lebensgeschichte einer
1658 1134 2363 1176 um die etwa durch den Titel Angelockten
848 1161 1549 1205 jüdischen Dirne namens (Daria. Swardie
1663 1167 2359 1226 zu warnen. Ließe man nicht am besten
865 1201 1551 1241 Volkscharakteristik, die Schilderung der
1666 1208 2267 1249 olche (Dachwerke unübersetzt?
2311 1210 2352 1259 La
851 1239 1548 1280 Rulturzustände, die Kultusdarstellungen
1656 1244 2353 1282 Madeleine amoureuse; warum über¬
857 1278 1545 1323 verraten ein eingebendes Studium der
1658 1280 2352 1333 setzt man diesen autbentischen Titel
845 1316 1543 1369 Seitverhältnisse beim Beginn der christ¬
1656 1326 2352 1369 nicht schlicht und recht „Das verliebte
851 1355 1547 1401 lichen Epoche; aber es ist alles mit
1662 1362 2353 1411 (Dadelenchen“? Dann wußte doch
858 1396 1545 1443 dem unbarmberzigen Lichte der Ironie,
1662 1396 2354 1449 jeder, daß er ein Stimulans für Besucher
857 1432 1542 1477 a der Abneigung übergossen. An
1652 1441 2346 1481 des (Doulin rouge, verbrämt mit ge¬
1658 1478 2358 1524 lehrten Sutaten zu erwarten hatte. (Dit
846 1512 1547 1557 uns nichts erspart. Die Ebe=Interna des
1663 1513 2348 1567 der Büßexin-der Bibel hat das Buch
845 1549 1551 1592 Rabbi Dappus, dessen Gattin (Daria
1657 1552 1987 1617 nichte=Zu schaffen.
2105 1554 2348 1621 L. Riesgen.
844 1594 1544 1638 zunächst ist, geben mit zpnischen Détails
1690 1608 2357 1662 Eine bunte Reibe.*) III. Das Städt¬
847 1636 1542 1679 an uns vorüber; wie sich später die
1653 1654 2357 1708 chen Birschborn am Deckar gehört zu
851 1664 1539 1709 verstoßene (Daria, vom Bobenpriester
1652 1691 2346 1740 den beneidenswerten Orten, die ein
853 1705 1547 1754 verführt(!), als Drostituierle mit allem
1657 1726 2354 1771 hobes (Daß natürlicher Reize mit einer
844 1747 1541 1792 möglichen Gesindel abfindet, davon
1660 1767 2355 1824 Fülle von geschichtlichen Crinnerungen
849 1775 1540 1827 wird uns das Derbste nicht geschenkt.
1652 1811 2355 1857 und Denkmälern vereinigen, Jenes ver¬
852 1821 1545 1863 Daß Jesu Gestalt in Waleffes entgötterter
1659 1845 2347 1899 dankt es seiner einzigartigen Lage,
846 1860 1541 1903 Dhantasie völlig entwürdigt ist, braucht
1652 1877 2352 1937 diese seinem Rittergeschlechte, denen
848 1898 1291 1939 kaum eines Hinweises.
1292 1896 1544 1946 Tlichts von
1654 1925 2353 1964 „von Hirschhorn“ und seinen Rloster¬
845 1934 1545 1980 Göttlichem, Wunderbarem, Erbebendem.
1657 1964 2356 2005 brüdern, den Rarmelitern. Um das
911 1975 1192 2026 Renan'sche
1210 1977 1535 2029 Betrachtungsweise
853 1977 909 2025 Die
1655 2000 2340 2059 bochragende Schloß und die efeuum¬
847 2017 1535 2059 findet in manchem Rapitel durch die
1650 2036 2348 2092 sponnenen Ruinen der Rlosterkirche
846 2052 1533 2100 scheinbar exakte Darstellung der Vor¬
1654 2082 2335 2126 webt die Romantik und die Sage.
838 2099 1532 2144 gänge noch ihren Crumpf. Die Rreuzi¬
1650 2117 2342 2167 Sie taten es auch einem modernen
848 2126 1538 2181 gung verläuft wie eine der üblichen
1655 2157 2342 2206 Doeten an, Adolf Schmittbenner,
847 2175 1535 2219 Exekutionen überführter Verbrecher.
1648 2192 2339 2246 und er schenkte uns den Roman „Das
841 2207 1541 2251 Die Auferstebung ist natürlich Diebstabl
1646 2234 2342 2279 deutsche Heyz“.**) Es schlägt in der
839 2250 1534 2296 des Rorpus, in seinen (Dotiven von
1646 2270 2343 2324 Bruft Sriedrichs von Birschborn. Ein
841 2288 1539 2326 verblüffender Daivetät, die Erscheinun¬
1651 2311 2336 2357 treues, aber must gerade ein starkes
845 2328 1537 2371 gen des Seilandes sind Balluzinationen.
1641 2354 2334 2397 Berz. Sonst väre er mit den dunklen
841 2365 1540 2407 Daß die bpsterische leigung der
1642 2386 1942 2438 (Dächten, di.
1947 2389 2337 2443 ein Lebensglück be¬
844 2406 1533 2458 (Daria (Dagdalena, die übrigens als
1642 2428 2337 2474 dräuen, wohl besser fertig geworden.
842 2448 1538 2497 epileptisch dargestellt wird, später
1646 2470 2337 2519 Aber er war ein Sohn jener Seit,
840 2485 1529 2524 nach Jesu Tode sich zu dem frübe¬
1644 2507 2332 2556 die den dreißigjäbrigen Rrieg berauf¬
843 2520 1541 2565 ren Gewerbe zurücksehnt, nimmt nicht
1644 2546 2343 2584 führte; einer Deriode grausigen Aber¬
841 2558 1531 2599 weiter Wunder. Als Geliebte des ver¬
1649 2585 2329 2628 glaubens und rober Gewalttätigkeit.
841 2597 1530 2646 weichlichten und sittenlosen Robelet,
1647 2627 2335 2670 Schauerliche bebeimnisse erfüllen Welt
834 2632 1530 2683 eines nibilistischen Genießers, endet
1646 2670 2334 2714 und Leben und halten die (Denschen
839 2678 1530 2719 diese (Daria durch Selbstmord. Wir
1639 2699 2341 2744 in atemloser Angst. Die Leidenschaften
843 2715 1528 2760 wissen nicht, ob Waleffe eine Satire
1642 2740 2330 2784 brechen bervor wie vulkanische Slam¬
841 2754 1529 2807 auf die Drostitution schreiben wollte;
1640 2781 2337 2824 men und richten gleich diesen Tod und
838 2786 1530 2849 der Ernst und die detaillierte Genauig¬
1639 2814 2329 2860 Verderben an. Es ist Schmittbenner
839 2832 1527 2874 keit seiner Vorstudien lassen dies be¬
1643 2860 2325 2899 gelungen, diese Unglückszeit mit einer
834 2870 1527 2913 zweifeln. Aber für manchen ein ge¬
1642 2897 2336 2946 Weisterschaft zu schildern, daß sogar
831 2913 1533 2952 fährliches Buch hat er geschrieben; eine
1634 2934 2332 2980 der skeptische Leser, der allen Spuk
832 2947 1524 2992 diabolisch ins Gegenteil verkehrte Auf¬
1645 2973 2332 3022 der Vergangenbeit überwunden zu
834 2982 1532 3030 fassung des beiligen Berichtes hat er
1640 3013 2329 3062 haben glaubt, bäufig genug zusammen¬
838 3022 1531 3071 verfaßt und die Seit und das Leben
1640 3047 2331 3093 schauert. Auch anziebende iebens¬
840 3067 1524 3112 in seinem Roman so gemalt, wie es
1641 3084 2337 3143 volle Dersönlichkeiten weiß der Ver¬
831 3101 1528 3150 einem Teil der Dariser Boulevardfla¬
1631 3127 2338 3186 fasser zu schaffen, wie den Ritter von
835 3146 1527 3185 neure wohl zu einem faunischen Lächeln
832 3182 1528 3226 passen wird. Das empfindet das Un¬
1664 3191 2096 3247 *) Ogl. 1. Jahrg. Heft 19 u. 24
828 3223 1526 3272 gebeuerlichste schon nicht mehr als
1664 3229 2333 3285 **) Stuttgart und Leipzig, Deutsche Verlagsanstalt.
2176 3273 2227 3341 67
1713 3269 2226 3452 lg
