3296 4192
419 143 704 212 Der We
806 146 967 215 ins
981 143 1237 218 Freie
206 130 442 241 23
1371 107 1763 242 box 3/1
424 168 1247 257 Leug  aaas 4 L U
110 1046 677 1112 ensten Bezirk nicht zur Ruhe;,
663 1047 1865 1119 Schnitzler höchstens an Jahren, ganz gewiß nicht an der produk¬
1873 1051 3066 1142 Punkten zu erhalten. Der Trödler, der ein paar alte Hosen an¬
104 1095 650 1150 antwortlich und keiner entfernt
652 1105 1869 1159 tiven Kraft des Esprits. Man könnte sich eher über ein Zuviel
1874 1109 3055 1171 preist, der große Bankier, der seinen Prokuristen rüffelt, auch kenn
129 1140 658 1194 noch an diesem nationalen
655 1143 1857 1194 beklagen. Nicht als of Schnitzler seinem Dialog Gedankensplitter
1867 1150 3062 1221 der gerade ein Arier sein sollte, der Forscher, der seinem genischt
119 1173 645 1235 eben wie Gefangene, die alle
656 1182 1857 1223 einsetzt, die man zu beliebiger Verwendung wieder herausnehmen
1860 1188 3059 1246 konfessionellen Anditorium einen konfessionslosen Bazillus vorstell; sie
111 1211 648 1262 ht helfen können, weil in der
655 1209 1866 1274 könnte, wie es sich eines Oscar Wilde industriöse Unverfrorenheit
1870 1229 3072 1294 alle befinden sich in einer feelischen Gleichgewichtslage, wenigstens solaige
123 1256 657 1306 inz und damit die Möglichkeit!
654 1259 1858 1316 tatsächlich erlaubt hat. Aber da es sich hier um ein Milien von
1862 1263 3067 1324 sie handeln, zählen, arbeiten und forschen. Gewiß hat das Buch sine
132 1294 652 1343 at Respekt vor dem andern.
657 1295 1865 1358 Schriftstellern und verwandten Naturen handelt, so wird die Debatte
1863 1306 3059 1346 Seele, es verbirgt noch hinter den indiskretesten Enthüllungen des
656 1332 753 1388 fast
122 1329 659 1383 unternehmen, um den „Weg
772 1338 1804 1377 durchgängig von Leuten bestritten, deren Beruf
1862 1334 3064 1405 Geistes eine Art von spröder, stumm gebliebener Scham von dunpf
112 1369 658 1426 icht einmal dem Einzelnen er¬
726 1373 1862 1429 Geist zu haben. Wenn schon der Jude von Natur die
1872 1381 3068 1448 verhaltener Erbitterung, aber dieser Ernst ist auch nutzlos vernn
130 1405 658 1470 ist, ohne Rücksicht auf alle
654 1412 1850 1468 Neigung besitzt, sich selbst mit großer Bewußtheit entgegenzutreten
1872 1422 3067 1467 worden durch die Einschränkung auf diesen Kreis, in dem man
115 1446 646 1502 einungen, die Schnitzler von
654 1445 1861 1507 und sein Ich ironisch zu spalten, wenn der Schriftsteller von Berufs
1856 1452 2851 1515 nichts treibt als Empfindeleien erregen und analysieren.
128 1487 656 1549 Judentums zusammentragen
652 1481 1851 1539 wegen diese Fertigkeit der Beobachtung und Selbstanalyse ausübe:
1897 1500 3058 1556 Es wäre vor allem der Schnitzlerschen Kunst zu wünschen, daß sie ihren
127 1513 646 1583 ders nicht in einem so un¬
655 1524 1851 1583 muß, so kann man sich vorstellen, bis zu welchem Grade von Durch¬
1861 1537 3063 1597 „Weg ins Freie“ findet. Gerade durch ihren echtesten und sympathischsten
136 1566 647 1616 öffentliches Leben von Un¬
656 1563 1858 1621 sichtigkeit Schnitzler selbst als der Klügste von allen, seine Figuren
1854 1578 3059 1623 Pfleger ist die literarische Hyperkultur des nicht mehr ganz jungen
136 1594 652 1661 nmal der Haß ist da echt,
651 1598 1849 1646 durchleuchtet hat, eben bis zu dem Grade, daß sie eine warme
1856 1611 3057 1659 Jungwien bis an die Grenze des Möglichen geführt worden. Ihre
109 1643 645 1688 Mißgunst und die kleinliche
654 1643 1856 1702 physische Existenz zu verlieren scheinen. Gewiß hat der Dichter
1856 1646 3064 1720 Note steht längst in Gefahr, sich zu verbrauchen. Man hat
127 1680 641 1734 alle Tüchtigkeit und Unab¬
653 1682 1855 1739 solche Wirkung der Unruhe hervorbringen wollen, um die krankhafte
1963 1691 3058 1738 die moderne Seele oder die Seele überhaupt als ein
117 1718 648 1774 hat die spezifisch österreichische
657 1721 1856 1770 Nervosität der immer mit sich selbst beschäftigten jüdischen Seele zu
1855 1726 2226 1789 Ding entdeckt,
2295 1732 3061 1802 sozusagen nie recht bei der Sache
111 1758 654 1816 Viener Urbanität mit jüdisch
650 1765 1855 1809 kennzeichnen; erweckt er doch die Vorstellung von Leuten, die sich mit
2052 1761 3058 1835 gibt Ereignisse, die wir am stärksten in der
118 1799 638 1837 amalgamiert. Um so merk¬
643 1793 1854 1854 erhobenen Spiegeln gegenübertreten, um statt des Wirklichen nur ihre
1863 1804 3058 1862 Erwartung erleben, andere am stärksten in der Erinnerung, und
117 1836 640 1886 ugslosigkeit, der Zerriebenheit,
654 1834 1846 1881 Bilder in unendlicher Vervielfältigung zu jehen. Und alle diese Leutebe¬
1861 1843 3054 1892 wenige nur die wir momentan in ihrer vollen Bedeutung und
118 1868 646 1921 dem Buche die Seele gegeben
648 1873 1853 1932 urteilen sich und ihr Gegenüber bis in die allertiefsten Grade des
1854 1880 3068 1943 Schwere aufnehmen. Die Faktoren des äußeren Geschehens setzt die
139 1906 638 1978 den entsprechenden Korper
641 1913 1854 1975 Bewußtseins mit einer Schonungslosigkeit, die kein Geheimnis an¬
1856 1913 3070 1999 Seele immer in ihre irrationalen Gleichungen um, und diese Wiener
659 1956 1843 2007 erkennt, mit einer Beharrlichkeit des Blickes, der vor lauter An¬
1858 1962 2611 2004 haben eine Fertigkeit und Eleganz
2665 1960 3063 2023 der Rechnung mit
93 1970 645 2029 en, wie ein Zola oder
654 1992 1847 2044 streugung wieder blind wird, nur um neue feinere Selbsttäuschungen
1854 2003 3050 2048 Logarithmen erreicht hi##er der so beträchtliche Analytiker der Seele
129 2026 655 2088 Art unerschrockene Hand¬
648 2031 978 2085 hervorzubringen.
1849 2038 1983 2093 wie
1968 2034 2318 2091 Stendhal ode
2305 2033 2510 2087 Flaubert
2616 2039 3065 2101 ehrwürdig Primitive
111 2053 636 2112 schinerie des Romans um¬
686 2059 1087 2123 Aber es fragt sich,
1079 2061 1850 2131 ob im Namen des Themas, das ein¬
1845 2079 3061 2135 zurückzubleiben scheinen. Jlauberts eigentlich psychologischer Roman
105 2096 645 2152 Erlebnis auf eine äußere
652 2096 1851 2161 mal zur Verhandlung gestellt, seine Rechte hat, nur diese
1849 2113 3057 2181 der „Sentimentalen Erziehung“ wird von Schnitzlerschen Leistungen
151 2137 650 2199 einen überzeugten Juden
638 2135 1858 2200 Wirkung erreicht werden durfte. Die Idee des Buches ist nicht zu
1847 2157 2268 2211 geradezu überboten.
2260 2147 2815 2209 Da plandern am Schluß
111 2168 642 2236 ndernisse der widerstel enden
659 2187 1849 2240 ihrem Recht gekommen, weil seine Konzeption trotz aller Breite im
1855 2186 3045 2238 und kalt gewordene Freunde über ihr vergangenes Leben, und
124 2212 644 2282 tenegaten, der doch mit den
657 2227 1838 2277 Einzelnen sich als nicht weit, nicht aufnahmefähig genug erwies.
1858 2229 3063 2297 wie sie weitschweifige Erinnerungen auskramen, bleiben sie mit
132 2255 643 2315 st nicht fertig wird. Schnitzler
644 2267 1848 2311 Auf der schmalen Reibungsfläche, die Schnitzler gewählt hat, spielen
1856 2272 2835 2317 größter Rührung und Anhänglichkeit bei einem Abente
2890 2271 3053 2339 haften,
128 2305 648 2351 send Widersprüchen gebildete
648 2305 1847 2348 sich durchaus nicht die bedeutendsten Kouflikte zwischen dem
1856 2315 2830 2361 wie sie als Jungen der dicken Türkin in einem verdächt
122 2341 644 2399 zusammenzufassen, auch als
650 2343 1846 2394 Judentum und seinen Gegnern ab. Es ist eben nur die bekannte
1854 2347 2810 2393 ein paar Blumen gebracht haven, um nach dieser mit
142 2379 641 2438 gestüm nicht bewiesen, das
649 2378 1842 2436 Schnitzlersche Welt, um deren Besitz oder um deren Anerkennung
1856 2391 2821 2437 gefühlen dargebrachten Huldigung in entsetzlicher Angst da
2971 2382 3045 2444 en.
136 2408 637 2474 von sich selbst fortgerissen
651 2413 1838 2467 hier gerungen wird, die Welt des eleganten Lebensgenusses, der
1850 2427 2826 2472 Das war doch das Schönste: beteueren sich die alten Phi
2966 2433 3053 2489 an
137 2448 330 2506 müßte.
407 2458 647 2512 hm sprachen
646 2459 1839 2510 Satisfaktionsfähigkeit der artistischen Träumerei und des ästhetischen
1846 2464 2841 2517 begeht kaum eine grobe Übertreibung, wenn man die Sit
2943 2473 3047 2532 1im
156 2489 649 2546 ungehört bleiben wollte, 1
642 2487 1850 2549 Komforts. Diese noch dazu fingierte Welt, die ohne Beziehungen
1841 2512 2897 2558 Schnitzlerschen Sinne umkehrt, daß die Dengel in ihrer Ang
2940 2497 3050 2573 chon
109 2522 637 2589 ein Skeptizismus die Form
635 2532 1845 2590 zu dem wirklich aristokratischen und unveränderlichen Altwien allein
1845 2543 3047 2593 vorausberechnen welche (Hußigkeit der Erinnerung sie im Alter aus
106 2568 643 2620 bieder nicht für sich allein
649 2574 1845 2643 durch seine graziöse Kunst existiert, hat durchaus nicht die Macht,
1849 2579 3054 2626 diesem fatalen Moment ziehen werden. In dieser Fertigkeit der
132 2595 639 2663 mit den Privaterlebnissen
636 2608 1846 2667 über einige gesellige Beziehungen hinaus eine Entscheidung zu treffen.
1843 2605 2291 2673 Selbstbeobachtung, in
2289 2617 2603 2670 dieser Technik
2589 2617 3049 2679 der Inquisition, die
104 2632 635 2702 tlichen und häufig verstörenden
652 2656 1847 2698 An ihr kann nichts gemessen werden, am wenigsten eine Gemeinschaft,
1849 2651 3036 2698 die Seele durch immer feinere Fragen bedrängt, haben es die
120 2683 642 2740 chnitzler nicht nur aus Ohn¬
649 2691 1851 2735 die von unten bis oben mit größerer oder geringerer Dichtigkeit an
1849 2694 3048 2739 Wiener zu einer Routine gebracht, an der sie nun endlich müde
108 2722 642 2794 Delikatheit seines Geschmacks
636 2725 1847 2776 allen sozialen Gruppen teil hat. Wenn die Jnden ihre Sache nur
1841 2734 3036 2777 werden sollten. Schnitzler verdankt ihr den überaus großen und
131 2764 225 2814 dlin
262 2765 642 2827 Zonstruierten Aktion
637 2757 1844 2825 vom Gesichtspunkt der gesellschaftlichen Eitelkeit und im Verhältnis
1840 2770 3056 2814 bisher so beständigen Reiz seines Dialogs mit den kapriziösen
282 2804 502 2853 re Form der
551 2808 630 2867 loß
641 2811 1205 2858 zum Kavalierstum betrachten,
1317 2808 1840 2858 es allerdings kein Wunder,
1835 2811 2998 2861 Kurven, die sich doch so überzeugend zwischen den Polen des Be
283 2842 485 2891 Planderei vo
640 2858 1848 2893 daß sie während des Buches zu keinem Ruhpunkte kommen und es!
1844 2851 3045 2897 wußten und des Unbewußten hinschlängeln. Und wer den Appetit
279 2884 467 2928 ntaue diesen
642 2878 1841 2943 mit einer quälenden Nervosität erfüllen. Sie ha##en sich eben der
1838 2886 3042 2945 dazu mitbringt, wird sich gern fünfhundert Seiten Konversation
234 2919 461 2973 rusten, bequem
581 2913 647 2990 n
643 2933 3043 2971 Schnitzlerschen Welt fernyalten sollen, um nicht von Kreaturen ab=! dieses Esprits und dieser hohen schriftstellerischen Kultur vor¬
228 2959 481 3011 tvielleicht nur d
641 2968 2976 3010 zuhängen, die sie im Grunde gemacht haben. Gelegentliche Aus=1 setzen lassen. Andere aber werden sich bei aller Schätzung
110 2997 1846 3044 Homers Schätzung mit Reden] flüge in die Welt, in der man arbeitet, hätten gewib dazu gedient,
1833 2999 3046 3082 verschwenderischer Bewirtung mit dem Toujours perdrin ent¬
112 3043 2153 3108 Zu dieser Freiheit fehlt es; die Stetigkeit des seeljschen Gleichgewichts wenigstens an einigen! schuldigen. A. E
