3248 4096
186 54 357 147 23.
393 57 700 161 Der Fer
741 63 925 137 ins
959 60 1200 162 Freie
1365 54 1725 151 box 3/3
1074 863 2491 913 Sie hätte ihm wieder tröstend übers Haar streichen wollen wie damals
1080 913 2490 974 auf dem See, als er von der Liebe zu jener andern wie zerrissen war.
1077 957 2487 1020 Aber wenn er sich dann plötzlich zurückzog, kühl, trocken und wie aus¬
1079 994 2491 1066 gelöscht erschien, da fühlte sie, daß sie mit ihm nie leben könnte, daß sie
1081 1061 2491 1129 ihm nach ein paar Wochen davonlaufen müßte ... mit einem spa¬
1082 1099 1916 1171 nischen Offizier oder einem Violinvirtuosen.
1141 1138 2485 1212 „Es ist gut,“ sagte sie, etwas gönnerhaft, „daß Sie mit Georg Wergen¬
1071 1195 2490 1255 thin verkehren. Er wird günstig auf Sie wirken. Er ist ruhiger als Sie.
1073 1239 2499 1314 Ich glaube ja nicht, daß er so begabt und gewiß nicht, daß er so klug ist
1078 1297 1371 1369 wie Sie
1142 1337 2503 1420 „Was wissen Sie von seiner Begabung“, unterbrach sie Heinrich bei¬
1071 1396 1296 1463 nahe grob.
1129 1430 2500 1505 Georg trat hinzu und fragte Else, ob man heute nicht das Vergnügen
1084 1485 2501 1559 haben werde ein Lied von ihr zu hören. Sie hatte keine Lust. Übrigens
1082 1552 2492 1600 studiere sie hauptsächlich Opernpartien in der letzten Zeit. Das inter¬
1087 1596 2502 1653 essiere sie mehr. Sie sei doch eigentlich keine lyrische Natur. Georg
1082 1635 2499 1718 fragte sie zum Scherz, ob sie nicht vielleicht die geheime Absicht habe
1076 1686 1500 1763 zur Bühne zu gehen.
1144 1727 1864 1797 „Mit dem bissel Stimme!“ sagte Else.
1142 1756 2496 1846 Nürnberger stand neben ihnen. „Das wäre doch kein Hindernis“, be¬
1088 1831 2498 1900 merkte er. „Ich bin sogar überzeugt, daß sich sehr bald ein moderner
1083 1881 2491 1956 Kritiker fände, der Sie gerade deswegen als bedeutende Sängerin aus¬
1080 1933 2499 1993 riefe, Fräulein Else, weil Sie keine Stimme besitzen, der aber dafür
1086 1984 2498 2052 irgendeine andere Gabe, zum Beispiel die der Charakteristik bei Ihnen
1091 2033 2501 2094 entdeckte. So wie es heutzutage namhafte Maler gibt, die keinen Farben¬
1087 2076 2495 2146 sinn haben, aber Geist; und Dichter von Ruf, denen zwar nicht das
1089 2138 2496 2204 geringste einfällt, denen es aber gelingt zu jedem Hauptwort das fal¬
1080 2186 1621 2255 scheste Epitheton zu finden.“
1138 2206 2500 2288 Else merkte, daß die Redeweise Nürnbergers Georg nervös machte und
1077 2277 2509 2352 wandte sich an diesen. „Ich wollte Ihnen ja etwas zeigen“, sagte sie
1090 2326 2089 2386 und machte ein paar Schritte zu der Notenetagere.
1144 2374 1479 2441 Georg folgte ihr.
1149 2405 2501 2491 „Hier die Sammlung alt=italienischer Volkslieder. Ich möchte, daß
1085 2476 2518 2545 Sie mir die wertvollsten bezeichnen. Ich selber verstehe doch nicht genug
1090 2524 1239 2587 davon.“
1145 2566 2511 2632 „Ich begreife gar nicht,“ sagte Georg leise, „daß Sie Menschen wie
1092 2630 2508 2681 diesen Nürnberger in Ihrer Nähe ertragen. Er verbreitet einen wahren
1081 2673 2102 2727 Dunstkreis von Mißtrauen und Abelwollen um sich.“
1152 2722 2512 2781 „Das hab ich Ihnen schon öfters gesagt, Georg, ein Menschenkenner
1083 2764 2503 2833 sind Sie nicht. Was wissen Sie denn überhaupt von ihm? Er ist anders
1090 2809 2495 2879 als Sie glauben. Fragen Sie nur einmal Ihren Freund Heinrich Ber¬
1092 2873 1233 2929 mann.“
1153 2898 2434 2973 „O ich weiß ja, daß der auch für ihn schwärmt“, erwiderte Georg.
1155 2957 2502 3027 „Ihr sprecht von Nürnberger?“ fragte Frau Ehrenberg, die eben
1085 3012 1268 3078 dazutrat.
1155 3054 2512 3127 „Der Georg kann ihn nicht leiden“, sagte Else in ihrer beiläufigen Art.
1157 3115 2512 3179 „Da tun Sie aber sehr Unrecht daran; haben Sie überhaupt je was
1089 3161 1445 3236 von ihm gelesen?“
1146 3196 1665 3271 Georg schüttelte den Kopf.
1143 3227 2505 3321 „Nicht einmal seinen Roman, der vor fünfzehn oder sechzehn Jahren
2408 3347 2474 3398 83
1108 3354 1447 3407 2. Juliheft 1909
