3344 4128
806 153 1224 225 ins Freie
223 152 763 245 23. Der Neg
322 1434 843 1489 Bbrscheitn, 00
319 1464 1254 1535 und politischer Behörden, polizeiliche und richterliche
321 1525 871 1586 Uebergriffe oder Nachlässigkeiten.
602 1635 955 1728 Feuilleton.
416 1810 1244 1861 Ein anderer viel genannter Wiener Dichter,
325 1854 1251 1909 Arthur Schnitzler, der Verfasser der „Liebelei“,
1090 1898 1244 1949 ointierter
329 1905 1056 1954 „Freiwild“ und zahlreicher fein und pikant
1100 1942 1260 1993 in einem
320 1931 1079 1998 Dramen und Novellen hat sich zum erstenmal
321 1991 1245 2041 größern Roman versucht, den er betitelt hat „Der
326 2035 1251 2084 Wegins Freie*)“ Mir scheint, dieser Titel sei,
318 2057 1252 2132 wie die Handlung, die er bezeichnen soll, nur ein Vor¬
326 2117 1255 2167 wand, um den Haupt=, d. h. den eigentliche egen¬
1157 2161 1250 2212 die
1069 2163 1146 2233 *
330 2161 1057 2212 stand des Romans etwas zu verhüllen.
1172 2201 1251 2259 sthin
327 2204 1076 2263 Liebe des adeligen Komponisten Georg von
1209 2253 1251 2315 ns
319 2252 1085 2304 zu Anna Rosner, aus der der Liebhaber de.
327 2284 1247 2351 Freie findet, obschon sein Verhältnis zu der schönen ##.¬
327 2347 1250 2391 großmütigen Geliebten nicht ohne Folgen geblieben, bil¬
320 2382 1250 2440 det, wenn sie auch von den verschiedenen Liebesgeschichten
324 2428 1254 2486 im Roman den breitesten Raum einnimmt, nicht die Haupt¬
325 2472 1240 2523 sache. Sie bildet als zusammenhängendste und deshall
328 2513 1258 2573 hervorstechendste Handlung vielmehr nur den Faden, an
323 2559 1242 2614 dem der Dichter die zahlreichen Charaktere und Szenen
327 2612 1243 2656 aufreiht, die ihm Gelegenheit geben, auf unauffällig
325 2649 1257 2691 Art zur Sprache zu bringen, was ihm die Haupt¬
330 2686 1193 2745 sache ist und auch im Roman als silche erscheint,
1199 2688 1249 2738 so
323 2730 1248 2784 geschickt er dies verbergen will. Un' das ist die Er¬
327 2784 1248 2827 bitterung und Verbitterung über die Stellung der
321 2820 1246 2874 Juden speziell in der Wiener und österreichischen, anti¬
325 2864 1257 2917 semilisch fühlenden Gesellschaft. Dafür nur einige Be¬
323 2906 1255 2957 lege. Sehr bald heißt es von dem Helden, wenn man
321 2953 1253 3014 überhaupt von einem solchen sprechen darf: „Wo er
377 3025 1006 3091 *) S. Fischer, Verlag, Berlin 1908.
1405 138 1749 229 box 3/2
1287 1436 2223 1522 lichen Fragen selbständig Stellung, soweit
1290 1509 2228 1576 möglich im Einklang mit der freisinnigen und
1293 1609 2229 1665 auch hinkam, er begegnete nur Juden, die sich schämten,
1304 1655 2231 1708 daß sie Juden waren, oder solchen, die darauf stolz
1300 1699 2238 1752 waren und Angst hatten, man könnte glauben, sie
1308 1754 2223 1797 chämten sich.“ Von dem alten Millionär Ehrenberg,
1298 1792 2229 1842 der sagt, „ich schwör Ihnen, die Hälfte von meinem
1308 1831 2237 1884 Vermögen gäb ich her, wenn ich die ärgsten von unsern
1309 1882 2231 1931 Feinden am Galgen säh“ sagt seine Frau: „Ueberall
1305 1918 2217 1973 sieht er Antisemiten, selbst in der eigenen Familie.
1296 1973 2231 2018 Worauf der alte feine jüdische Schriftsteller Nürnberger
1310 2008 2230 2057 agt: „Das ist die wüste Nationalkrankheit der Juden.
1294 2062 2226 2107 Mir selbst ist es bisher erst gelungen, einen einzigen
1303 2103 2235 2149 echten Antisemiten kennen zu lernen. Ich kann es
1296 2139 2231 2194 Ihnen leider nicht verhehlen, daß er ein bekannter
1301 2186 2226 2237 Zionistenführer war.“ Trotzdem wiederholen sich die
1306 2230 2234 2283 Klagen über ungerechte Behandlung der Juden durch
1300 2277 2223 2322 den ganzen Roman hindurch in allen Variationen.
1307 2319 2228 2368 Der Schriftsteller Bermann entschuldigt sich dafür, daß
1303 2368 2227 2415 er den Fehlern der Juden gegenüber besonders empfind¬
1305 2404 2226 2455 lich ist, mit den Worten: ... Es verbittert einen
1304 2455 2237 2504 eben, daß man immer wieder für die Fehler von andern
1300 2498 2225 2544 mitverantwortlich gemacht wird, daß man für jedes
1298 2536 2232 2591 Verbrechen, für jede Geschmacklosigkeit, für jede Un¬
1298 2577 2231 2634 vorsichtigkeit, die sich irgend ein Jude auf der Welt
1300 2628 2223 2687 zu schulden kommen läßt, mitzubüßen hat.“ Natürlich
1298 2673 2230 2724 gelangt auch der Haß gegen die Feinde wiederholt
1303 2713 2232 2763 kräftig zum Ausdruck. Von einem christlichen Radfahrer¬
1305 2755 2225 2808 klub sagt eine der jüdischen Personen des Romanst
1317 2800 2234 2856 Gräßliches Volk . . . . Und solche Kerle bilden sich
1305 2846 2230 2900 dann noch ein, daß sie da eher zu Hause sind als
1297 2899 2228 2941 unsereiner“. Und sehr richtig sagt der gleiche Sprecher:
1309 2935 2226 2986 Mein Instinkt ist mir mindestens ebenso maßgebend
1302 2984 2229 3026 wie der der (antisemitischen) Herren Jalendek junior
1297 3030 2236 3091 und senior, und dieser Instinkt sagt mir untrüglich,
2273 1440 3201 1518 Komttnation ii Seetand wird ader nur einer
2278 1515 3217 1578 einzigen noch Bedeutung beizulegen sein. Im
2281 1593 3213 1663 daß hier, gerade hier meine Heimat ist und nicht in
2283 1650 3206 1706 rgend einem Land, das ich nicht kenne, das mir nach
2279 1704 3198 1749 den Schilderungen nicht im geringsten zusagt und das
2287 1741 3200 1794 nir gewisse Leute jetzt als Vaterland einreden wollen
2281 1792 3202 1842 mit der Begründung, daß meine Urahnen vor einigen
2277 1826 3209 1875 tausend Jahren gerade von dort aus in die Welt ver¬
2279 1871 3208 1925 streut worden sind. Wozu noch zu bemerken wäre, daß
2276 1920 3205 1970 die Urahnen des Herrn Jaleudek, und selbst die unseres
2281 1962 3208 2018 Freundes, des Freiherrn von Wergenthin, gerade so
2278 2009 3213 2062 wenig hier zu Hause gewesen sind, als die meinen und
2274 2050 2492 2112 die Ihrigen.“
2332 2081 3212 2147 Ganze Seiten hindurch wird debattiert über den
2279 2137 3213 2194 Zionismus und dessen Basler Kongreß. Daß der Stand¬
2279 2183 3214 2232 punkt des Verfassers auch bei der Verteilung von
2286 2232 3211 2279 Licht und Schatten in der Handlung und der Charak¬
2281 2269 3206 2320 terzeichnung der Personen zur Geltung gekommen ist,
2288 2311 3211 2369 raucht wohl kaum gesagt zu werden. Den zahlreichen,
2277 2363 3209 2417 zum Teil ganz prächtigen, zum mindesten geistreichen
2282 2403 3215 2453 oder interessanten jüdischen Personen stehen auf der
2286 2445 3215 2507 indern Seiie eigentlich nur Georg von Wergenthin
2294 2488 3207 2535 — sein Bruder spielt eine zu geringe Rolle, um in
2276 2531 3201 2583 Betracht zu fallen — und seine Braut gegenüber.
2275 2576 3208 2637 Und welch kraftloser Aesthet ist dieser Held, halb
2283 2619 3216 2679 Dilettant, halb Künstler und auch in der Liebe vor¬
2275 2669 3213 2717 wiegend Aesthet und deshalb schwächlich. Was ist das
2275 2711 3200 2760 im Grunde für eine Gesellschaft, deren eigentliches
2276 2752 3213 2806 Lebenselement der Flirt ist, die es so selbstverständlich
2282 2798 3210 2846 findet, daß die verliebten Paare aus guten Familien
2286 2840 3212 2889 ür einige Wochen auf eine Hochzeitsreise und dann
2273 2886 3201 2938 wieder auseinandergehen. So groß die Rolle ist, die
2278 2933 3205 2988 die Liebe spielt, so ist diese doch stets nur sinnlicher
2280 2973 3216 3023 Natur, sonst würden die Männer und Frauen nicht
2280 3023 3206 3073 immer wie Gummibälle einander zu= und wieder von¬
