3296 4064
215 36 1196 114 23. Der Ner ins Freie
1382 32 1733 139 box 3/5
400 89 836 147 RRRR
570 589 876 675 ur Vertröstungen
917 594 1966 667 (+ 9500) Tonnen Verfrachtung. Die Gesamteinnahmen
575 652 876 721 nnen ist, in der
931 664 1965 719 des abgelaufenen Monats betrugen K 28,966.200
572 704 876 771 Sanierung des
925 701 1953 765 (+ 1,392.424). Hievon entfallen auf die westlichen
606 754 867 819 nicht verkannt
925 762 1953 825 Linien im Personenverkehr K 6,820.000 (+916.794)
563 804 875 866 en dringend er¬
918 805 1954 858 bei 5,444.000 (+ 784.300) Reisenden, im Güter¬
581 851 870 922 nöt##en Rückhalt
916 845 1964 910 verkehr K 13,665.000 (—45.362) bei 2,719.900
560 905 867 966 ationären zu ge¬
959 909 1967 958 43.300) Tonnen Verfrachtung; auf die östlichen
915 953 1959 1016 Linien aus dem Personenverkehr K 2,491.400
581 952 864 1014 allen Interessen
547 1004 864 1065 geführt und nicht
922 1004 1963 1065 (+ 178.802) bei 1,236.800 (+ 57.000) Reisenden,
542 1049 865 1119 erzielt wird, was
920 1061 1962 1115 aus dem Güterverkehr K 5,989.800 (+ 341.190) bei
539 1100 879 1163 inziellen Verlegen¬
935 1104 1775 1155 46.500 (+ 52.800) Tonnen Verfrachtung.
1882 1105 1959 1165 Die
539 1145 874 1215 fen würde. Es ist
926 1143 1965 1212 höheren Ergebnisse des Personenverkehrs sämtlicher Linien
521 1199 867 1263 e Reihe durchführ¬
928 1201 1961 1261 der österreichischen Staatsbahnen resultieren zum Teil
530 1245 862 1306 das Komitee der
919 1252 1958 1319 aus dem Pfingstverkehr, der im heurigen Jahr zur
526 1302 874 1358 cd. Die Association
931 1293 1963 1360 Gänze in den Berichtsmonat fiel, zum Teil aus dem
529 1345 874 1410 sandlungen für die
915 1357 1965 1413 regen Besuch vielfacher festlicher Veranstaltungen. Die
520 1393 874 1461 hre Bereitwilligkeit
923 1403 1961 1453 etwas geringere Einnahme im Güterverkehr der west¬
529 1442 865 1510 id noch weitere in
919 1454 1959 1510 lichen Linien findet ihre Begründung ausschließlich darin,
525 1488 862 1561 in Vorschlag ge¬
920 1498 1953 1556 daß der diesjährige Monat Juni um einen Ruhetag
530 1540 869 1600 esentliche Besserung
916 1547 1949 1603 mehr zählte als der vorjährige. Auf den östlichen Linien
530 1592 865 1656 das Projekt, durch
929 1592 1965 1661 ergab sich trotzdem, und zwar hauptsächlich aus den
526 1640 866 1708 ligationen statt der
931 1643 1960 1717 tärkeren Verfrachtungen von Baumaterialien, Holz, Kohle
522 1687 870 1755 herbeizuführen, auf
918 1691 1957 1755 und Mahlprodukten, ferner von Petroleum eine ent¬
921 1739 1393 1800 sprechende Mehreinnahme.
531 1739 861 1798 ligationäre stoßen
530 1787 873 1853 werte Projekte vor,
1016 1775 1962 1857 (K. k. Nordbahn.) Die Einnahmen der k. k.
530 1838 866 1907 en und dabei die
913 1833 1952 1892 Nordbahn betrugen im Monat Juni aus dem Personen¬
551 1878 871 1949 ebenso wie den
921 1891 1954 1944 verkehr K 2,177.100 (+ 277.190) bei 1,372.300
573 1931 870 2003 die Gesellschaft
912 1936 1958 1984 Reisenden, aus dem Güterverkehr K 7,235.100
542 1983 864 2035 ür kommt nament¬
919 1988 1948 2050 (+ 164.947) bei 1,420.000 Tonnen Verfrachtung. Die
555 2032 858 2096 Annuität im Be¬
919 2035 1955 2103 Gesamteinnahmen des abgelaufenen Monats betrugen
913 2083 1478 2151 K 9,412.200 (+442.137).
562 2078 871 2138 Abstoßung eines
523 2131 868 2193 t in Betracht. Es
525 2174 868 2245 Verwaltung auch
998 2196 1887 2299 Theater, Kunst und Literatur.
522 2230 864 2295 in Herabminderung
521 2276 856 2346 Staat dem Unter¬
1092 2280 1777 2365 Arthur Schnitzlers Roman.
517 2321 857 2395 treten wird, denn
922 2347 1962 2418 „Der Wegins Freie.“ Berlin, S. Fischer, 1908.)
524 2372 865 2443 resse an der Ren¬
527 2429 863 2489 äter auf ihn über¬
1004 2419 1949 2493 Anatol ist alt geworden und weise. Er genießt
526 2473 866 2545 chtung, für strenge
920 2477 1960 2526 nicht, was ihm so aufstößt, er wählt und denkt im
545 2523 866 2582 der Aktionäre zu
911 2528 1950 2584 Genusse. So wird ihm ein Abenteuer zum Ereignis,
539 2572 857 2640 Erträgnissen nicht
905 2574 1951 2629 beinahe führt ihn ein Kind, das seinem Bunde mit einem
911 2622 1690 2683 sittsämen Mädchen entstammt, in die Ehe.
549 2622 855 2691 zu nehmen sind,
540 2664 867 2738 Aktionäre zu ver¬
1013 2667 1949 2734 Dieses „Beinahe“ ist der Inhalt von Schnitzlers
519 2713 862 2782 ußer Acht gelassen
907 2730 1953 2782 neuestem Romane. In diesem „Beinahe“ liegen Ver¬
914 2768 1953 2828 tiefungen des alten Liebelei=Motivs, wie sie nur inner¬
516 2765 865 2836 üdbahn im Bereich
912 2819 1946 2873 liches Erleben und verarbeitendes Empfinden lehren. Mit
511 2817 856 2876 le Privatbahnen in
915 2871 1943 2923 sichtlicher Tendenz wird das sinnliche Moment des Ver¬
508 2863 858 2929 gsweise verstaatlicht
910 2922 1946 2975 hältnisses zurückgedrängt, und von einem süßen Mädel
518 2915 863 2981 das einzige größere
905 2964 1943 3029 hat die kluge, bedachtsame Anna keinen Zug. Sie bleibt
526 2960 866 3032 und es wird bei
1543 3196 1910 3318 Ph
1917 3240 2105 3408 2
