3296 4384
1391 174 1752 270 box 3/2
800 183 1193 259 ins Freie
226 184 744 275 23. Der Neg
400 252 1228 307 #
647 1420 1750 1472 bedachte Wirklichkeitssinn verstanden sein will. Aber Schnitzlers
650 1464 1747 1525 Juden haben alle mehr oder weniger messianischen Glanz. Soll
645 1514 1740 1571 man sie charakterisieren, so muß man die Phrase anwenden, die
648 1562 1737 1619 ein berühmter Rabbiner zur Einleitung jeder Grabrede
639 1609 1745 1688 benützte: „Ein guter Mensch, ein edler Mensch ist gerissen aus
649 1653 983 1721 unserer Mitte ...“
757 1679 1741 1763 Nun aber, wird man einwenden, der Helb des Romans,
642 1750 1737 1808 der Freiherr Georg von Wergenthin, und seine Geliebte, das sind
649 1803 1745 1852 doch Nicht=Juden? Ja. Aber ich möchte an dem Ariertum dieses
644 1844 1742 1901 Freiherrn nicht kratzen, es könnte am Ende jüdisch hervor¬
641 1892 1736 1950 schimmern. Erster Verdacht gegen Wergenihin Er ist Künstler.
645 1943 1738 1992 Wenn in diesem Kreise einer Künstler darfn immer an
643 1989 1745 2040 der arischen Abstammung zweifeln. Zweiter Verbacht Der Frei¬
640 2036 1734 2094 herr wird als ganz#rter Mensch geschildert. Diese Isolierung
646 2090 1726 2144 ist sonst für den jüdischen Känstler typisch, weil von der kauf
647 2139 1743 2191 m.ännischen Tradition ein viel größerer Schritt zum Künstler##
637 2185 1743 2238 nötig ist als von der freiherrlichen Existenz. Ein Sohn des
643 2228 1739 2279 Hauses Ehrenberg muß sich unwillkürlich isolieren, wenn er der
650 2276 1750 2332 Musik leben will, ein Freiherr von Wergenthin hätte das nicht
645 2325 1739 2389 nötig. Trotzdem ist Schnitzlers Freiherr als ganz isolie dargestellt.
648 2369 1744 2426 Außer einem Bruder hat er keinen Verwandten, keinen geseil¬
645 2420 1708 2477 schaftlichen Umgang, keine Klassenzusammenhänge. Dritter
649 2470 1721 2524 dacht: Schnitzlers Freiheer verkehrt nur mit jüdischen Literat¬
650 2510 1737 2575 Vierter Verdacht: Der Freiherr wird so oft gerührt. Selbst
648 2549 1750 2618 seine Liebe ist hauptsächlich Rührung. Sollie am Ende der alte
643 2605 963 2674 Wergenthin...2
751 2643 1738 2714 Die Gestalt der Anna Rosner! Ein Frauenbild in zarteren
652 2687 1742 2760 Farben hat Schnitzler nie gemalt. Eine edle Passivität, die
649 2755 1740 2810 sich in stillen tragischen Augenblicken bis in wortloses Fügen
643 2799 1738 2851 ins Schicksal steigert, beseelt dieses Mädchen, das eine entfernte
646 2841 1733 2897 Schwester der Marie Grubbe sein könnte. Hier wirkt Schnitzlers
638 2892 1743 2945 Kunst, Menschen in der Dämmerung zu malen, geradezu be¬
647 2931 1744 2991 zaubernd. Diese junge Frau, die gesegneten Leibes Abends da
643 2989 1741 3060 draußen in einem Garten in Salmannsderf vor sich hinträumt
1790 1436 2881 1484 und die aufschreckt, wenn ein Besucher ihre wachen Träume zer¬
1791 1479 2884 1535 eißt, die iebt vor uns und neigt mit ernstem Lächeln das
1783 1533 2876 1589 Haupt zur Seite und nickt uns zu, wenn wir behutsam still
1784 1575 2886 1634 die Gartentür von außen schließen. Wie merkwürdig, wie
1787 1621 2878 1676 bannend ist dieser Abend geschildert, da der Freiherr, von einem
1791 1713 2891 1777 vortlos den Kopf in den Schoß legt und viel gesteht, ohne auch nur
1784 1761 2876 1822 einiges zu sagen .. . Nebenbei: dieser Freiherr weint in seiner
1781 1811 2879 1863 Geliebten Schoß wie Hirschfelds und Dörmanns Judenkinder
1784 1859 2174 1931 in ihrer Mutter Schoß.
1900 1907 2887 1967 Diese Anna Rosner widerlegt alle Tölpelei des Typus
1782 1957 2885 2006 Adolf Bartels. Wem es gelungen, diese Frauenseele in seine
1780 2005 2880 2063 Dichtung einzufangen, wer neben das feine, zur Leidenschaft
1790 2053 2878 2106 infähige Fräulein Else Ehrenberg diese stark weibliche, warm
1835 2098 2889 2150 iterliche Geliebte zu stellen gewußt, der hat aus dem Reiche
1841 2144 2879 2198 ##nderen“ das schönste Lied zu erlauschen gewußt. Daß
1822 2190 2878 2248 chur Schnitzler diese Anna Rosner gedichtet, widerlegt all die
1842 2246 2873 2296 #engtheorien, die seine Juden zum besten geben
1787 2292 2883 2348 Und nicht ihepretisch=logisch, auch künstlerisch ist der Roman
1792 2332 2880 2392 dort am schönsten, wo er nur Liebeserzählung ist. Die Ge¬
1787 2385 2879 2437 schichte der Anna Rosner hat der Dichter Arthur Schnitzler ge¬
1786 2423 2879 2482 schrieben, an dem jüdischen Gesellschaftsroman hat der Denker
1790 2474 2873 2554 ###thur Schnitzler gearbeitet, von allerlei pathetischen, aber halt¬
1784 2519 2230 2590 losen Zionismen verführt.
1897 2557 2874 2630 Der Roman heißt „Der Weg ins Freie“. Weil ein Künstler
1783 2612 2879 2677 ein armes Mädchen sitzen läßt? Dieser Freiherr von Wergenthin
1790 2666 2877 2718 hat, mit Ibsen zu reden, in einer Seele das Liebesleben getötet.
1790 2714 2878 2769 Ist dies ein Weg ins Freic? Mit mehr Recht könnte auch dieser
1789 2756 2878 2817 Roman „Liebelei“ heißen, denn er ist nur eine neue, anspruchs¬
1781 2812 2879 2866 vollere Variation des alten Schnitzlerschen Themas. Nur daß
1777 2854 2881 2910 die echten Wiener des Schauspiels hier ein aufrichtiges Glaubens¬
1779 2905 2887 2974 bekenntnis ablegen. Führt von der Liebelei nicht in höher auf¬
1782 2948 2256 3019 steigender Weg ins Freie?
2386 2983 2858 3056 Stefan Großmann.
2929 1363 3270 1454 des Justizminist
2917 1443 3263 1504 Herrenhauses mäc
2922 1490 3253 1561 des allgemeinen
3028 1538 3224 1600 In einer
2922 1566 3266 1655 einen Reinwaschr
2920 1629 3204 1693 Feststellungen
3206 1641 3274 1686 n
2926 1680 3216 1744 reschütterlichen
2927 1728 3135 1789 betrachten
3138 1730 3239 1787 ist.
2920 1772 3247 1837 liche Urte
2927 1819 3273 1883 klärt, der Beweis
2935 1865 3277 1935 Starck habe politi
2925 1915 3272 1980 gelungen: und de
2923 1967 3263 2035 vertrelung die L
2923 2003 3248 2078 mäßig erwiesen,
2921 2048 3266 2127 Es wird wohl n
2924 2100 3258 2171 ordneten das geri
2923 2154 3269 2224 druck vorzulegen.
2924 2202 3270 2266 festgestellt worden
2920 2249 3247 2311 Geld genommen
2923 2299 3248 2363 er es bekommen:
2916 2339 3270 2407 nur, was für A
2918 2391 3279 2455 Herr Simon Stol
2927 2438 3239 2502 männerkonferenz
2920 2487 3239 2548 Schwindel „auf
2928 2532 3269 2598 auch der Antrag,
2928 2580 3265 2648 eingebracht, ver
2918 2629 3267 2692 müßte, bevor der
2928 2675 3278 2740 Und weil er w
2929 2724 3193 2788 schehen kann,
2924 2759 3300 2841 „Ausschuß“! Als
2925 2818 3263 2885 wir von ihm erz
2917 2865 3275 2935 wahr ist, und nu
2921 2911 3269 2979 zu erzählen wäre
2920 2957 3262 3039 alles schon längst
