3296 4192
213 138 1203 223 23. Der Nec ins Freie
1370 146 1731 236 box 3/1
419 180 1238 248 I 2 A J 4 un  .   A. —
1105 669 1441 838 eter
577 669 1106 869 Tawad
885 832 1400 962 44 04 40c 08
514 873 810 969 012 150
488 1071 1659 1149 Der Wegins Freie. Roman von Arthur Schnitzler.
446 1100 930 1162 S. Fischer, Verlag, Berlin.)
486 1148 1647 1216 Von Keyserling führen heimliche Fäden zu Schnitzler hinüber.
411 1182 1636 1244 Der litanische Graf ist verwachsen mit alter Kultur, der öster¬
411 1227 1652 1278 reichische Dichterarzt infiziert mit Kultiviertheit. Das gibt bei ihm
410 1273 1644 1328 ähnliche leise und schwermütige Klänge und eine feine Politur der
202 1257 350 1352 3
413 1314 1636 1358 Sprache. Leise Wehmut lagert auch über Schnitzlers Dichtungen,
407 1354 1642 1403 ein feines Lächeln schwebt hindurch. Man merkt wohl, die müde
408 1391 1647 1431 Grazie, die bleiche Lässigkeit ist scharmant beherrschter Stil der
418 1428 1643 1482 Dekadenz, Künstlichkeit, wo Keyserling aus seinem Blute gibt. Aber
419 1470 1636 1516 die capuanische Kultiviertheit Schnitzlers mit dem vornehmen Schliff
409 1497 1640 1546 macht ihn zu einem liebenswürdigen Autor, auch wo er so schwäch¬
413 1541 1652 1599 lich wird wie in diesem neuen Roman. Im Brennpunkt natürlich
412 1580 1641 1634 wieder ein Lebejüngling Georg von Wergenthin, der distinguierte
415 1628 1636 1673 Genießer, dem das Plebejertum auf die musikalischen Nerven geht.
411 1654 1645 1703 Neben diesem aristokratischen Komponisten natürlich auch das süße
411 1702 1649 1741 Mädel. Und die obligate Schnitzlersche Liebelei beginnt. Das
404 1736 1635 1783 Mädchen wird Mutter, aber mit dem toten Kinde stirbt auch die
414 1778 1635 1822 Liebe des stark mit Egoismus behafteten Georg von Wergenthin.
417 1821 1638 1864 Daß dieser das traurige Spiel mit Gefühlen abbricht, zu deutsch,
414 1856 1643 1896 daß er das hingebende süße Mädel sitzen läßt, weil er eine Künstler¬
412 1895 1241 1943 seele besitzt, die keine Fesseln tragen kann
1296 1886 1648 1949 das ist der Weg
408 1932 1648 1977 ins Freie. Schnitzler weiß das alles natürlich mit stiller
411 1977 1638 2026 Anmut und reizvoller Dialektik vorzutragen. Aber wir stehen
416 2012 1633 2067 diesem frommen Betrug doch kühl gegenüber. Dieser Lebejüngling,
417 2056 1645 2093 der sich mit so hohen Worten seine Junggesellenfreiheit rettet, ist
417 2086 1641 2137 zwar ein Lebenskünstler, im übrigen aber sind seine kleinen
404 2138 1639 2185 Empfindungen und sein sogenannter Lebenskampf von einer ver¬
413 2166 1651 2212 teufelten Banalität. Die Geschichte lebt von ihrer vibrierenden
410 2208 1644 2251 Erotik und der Schnitzlerschen zärtlichen Musik, in der sie vor¬
407 2255 1650 2300 getragen wird. Am Ende aber sieht man ernüchtert das echte Gesicht
414 2283 647 2332 Schnitzlers:
655 2288 1641 2332 das Spielerische seiner Muse. Liebelei, Sterbelei,
414 2322 1642 2364 Empfindelei, Kämpfelei! Seine Menschen spielen mit allem, selbst
414 2360 1654 2405 mit ihrem Intellekt. Es sind vorwiegend Juden, die um den
411 2403 1639 2457 „Helden“ des neuen Romans gruppiert sind. Wie sie um die Juden¬
407 2447 1637 2496 #frage herumsprecheln, und wie an der Tragik des Judentums die
416 2482 1647 2534 Seelen dieser jüdischen Jünglinge in gehobener Lebenslage mit
416 2522 1636 2583 affektierter Wohlredenheit leiden — das alles zeigt Schnitzler in
424 2559 1675 2632 einer Stärke der leichten Causerie, aber auch in seiner Schwäche,
422 2613 1341 2662 die an den Dingen eben nur herumzuspielen weiß.
2784 141 3157 229 Telephon 12801.
2043 240 2105 301 7n
2048 292 2106 320 km
2038 314 2083 357 4
2055 344 2103 383 #
2132 305 3159 410 teter # Ken
2022 378 2108 431 340
2034 400 3175 473 G l. österr. behördl. konz. Unternehmen für Zeitungs-Ausschnitte
2226 469 3066 542 Wien, I., Concordiaplatz 4.
2029 533 2121 595 4
2413 538 2846 603 Vertretungen
2101 584 3154 638 in Berlin, Budapest, Chicago, Christiania, Genf, Kopen¬
2025 639 3160 684 hagen, London, Madrid, Mailand, Minneapolis, New-Vork,
2129 666 3136 724 Paris, Rom, San Francisco, Stockholm, St. Petersburg.
2446 714 2832 763 (Quellenangabe ohne Gewähr.:
2022 761 2068 809 *
2044 744 3216 831 6 Ausschnitt aßheinisch Westph. Zeitung, Esser
2026 817 2071 882 n
2286 837 2564 920 6 7 1908
2026 862 2263 932 E vom:
2321 974 2892 1053 Der neue Schnitzler.
2044 1039 3173 1111 Arthur Schnitztenorre=Fus rstelf Mic Mik einem großen
2012 1077 3186 1180 oman an die Oeffentlichkeit. Er heißt „Der Weg ins
2022 1154 3174 1195 Freie“ (Berlin, S. Fischer) und er weckt schon durch seinen
2016 1192 3179 1271 Titel bedeutende Hoffnungen. Man hatte schon immer das
2016 1244 3173 1281 Gefühl, Schnitzler würde einmal jenes gefährliche Oester¬
2007 1281 3172 1329 reichertum überwinden, das in der durchaus sekundären
2018 1318 3177 1385 Poesie eines Hugo von Hofmannsthal am stärksten in Er¬
2022 1362 3174 1434 scheinung getreten ist. Diese Art Poeten hat ähnlich wie
2016 1410 3179 1486 ein D'Annunzio allzuviel Bildung, zu viel künstlerischen
2017 1449 3176 1518 Ballast, zu viel fertige Bilder und Begriffe in sich aufge¬
2012 1493 3177 1561 nommen, um noch etwas wirklich Schöpferisches, das aus
2013 1546 3176 1592 wahren Seelentiefen hervorquillt, produzieren zu können.
2008 1583 3171 1644 Der Erfolg dieser Schriftsteller darf uns nicht darin be¬
2011 1620 3182 1697 irren, daß sie im Grunde nur in der Art des Schauspielers
2011 1674 3172 1734 feinsinnig interpretieren und reproduzieren, aber eben
2013 1711 3176 1785 nichts schaffen, was nicht schon vorher dagewesen ist.
2004 1751 3175 1816 Schnitzler scheidet sich von diesen Geistern dadurch, daß er
2009 1800 3177 1874 ein ausgezeichneter Seelenkenner und Seelenkünder ist und
2003 1846 3169 1908 wie wenige neben ihm die seltsam verwirrte Psyche des
3105 1891 3138 1910 — —
2007 1887 3168 1942 Weibes kennt. Aber wenn sein Talent für die Novellistik
2010 1926 3170 1998 und das Dramolet ausreicht, für jene überaus feinen, mit
2008 1969 3180 2019 der Wiener Kultursphäre gesättigten Bilder, wie sie uns
2006 2021 3172 2079 gleich sei Anatol gegeben hat, so versagt er im Drama
2002 2058 3179 2125 großen Stils und im eigentlichen Roman. Auch sein „Weg
2010 2098 3192 2181 ins Freie“ ist im Grunde nur eine langgezogene Nov#l#
2045 2213 3190 2315 in der das Liebesverhältnis zwischen einem Baron und
2038 2258 3201 2362 Kunstdilettanten und einem Mädchen aus kleinbürgerlichem
2025 2284 3185 2404 Kreise m#t großer Ausführlichkeit dargestellt wird, während
2034 2334 3182 2444 die Typen der Wiene: Gesellschaft, die nebenher gehen, nur
2027 2371 3195 2486 wie im Fluge gesehen und mit einer beinahe äbsichtlichen
2025 2420 3191 2531 Flüchtigkeit skizziert sind. Wohl hat unser Roman n
2028 2461 3190 2575 Problem, das von den auftretenden Personen wieder und
2023 2505 3180 2616 wieder diskutiert und von Schnitzler mit vornehmer Objek¬
2019 2563 3185 2666 tivität dargestellt wird. Es ist das Problem der Hesmat¬
2021 2600 3189 2708 losigkeit des modernen Juden, der hier in den verschiedensten
2019 2647 2495 2711 Typen dargestellt wird.
2492 2665 3185 2748 Da finden wir den modernen
2026 2683 3177 2796 Zionisten, der alles Heil von dem neuen Königreich Jerusa¬
2013 2720 3187 2830 lem erwartet, wie den Juden alten Stils, der sich entschieden
2019 2774 3182 2876 aufbäumt gegen die beleidigende Toleranz, die man seinen
2017 2809 3168 2899 Stammesgenossen entgegenbringt. Den skeptischen israeb¬
2009 2861 3177 2959 tischen Literaten mit der zerrissenen, selbstironisierenden
2003 2890 3167 2997 Note, den Juden, der seine Rasse absichtlich überall hervor¬
2006 2939 3159 3031 kehrt, und den andern Typus des Snobisten und Dekadenten.
2002 2986 3170 3088 welcher seine Abstammung ebenso ängstlich verbirgt.
2000 3032 3167 3130 Aber man muß sagen, daß Schnitzler diese Probleme fein¬
1998 3064 3152 3182 sitznia erkennt, um sie doch mit Worten abzutun. Seine
2006 3116 3157 3215 psychologische Art des Zusehens und des Sichnichtberühren¬
2003 3156 3156 3257 lassens, die er auf einen Helden übertragen hat, geht den
1997 3203 3152 3306 Könflikten aus dem Wege und erlebt sie nur auf Sekunden.
2002 3240 3153 3345 Ist das wirklich das Leben? Wir sehnen uns gewiß nicht im
1991 3288 3148 3387 Roman nach einem Helden, aber wenn durchaus ein Held
2000 3328 3149 3421 sein soll, brauchte er wenigstens nicht nach dem Vorbilde
1986 3375 3152 3476 Oswald Steins aus den „Problematischen Naturen“ zu ge¬
1987 3421 3143 3518 raten, sich uns als ein Mann vorzustellen, dem trotz geringer
1991 3457 3135 3557 Qualitäten jedes dieser zum Teil recht erfahrenen Mädchen¬
1990 3500 3142 3605 herzen entgegenschlägt, um sich, wenn die Stunde naht, von
1985 3549 2481 3623 ehm verführen zu lassen.
2516 3570 3140 3650 Der Dichter mag einwenden:
1977 3589 3139 3684 Aber so ist unsere Zeit, und so ist das spezifische Wiener¬
1988 3632 3131 3737 tum unserer Tage. Gut, aber wo bleibt denn das, was
1980 3677 3142 3781 über der süßen Weiblichkeit dieser pflichtlosen Existenzen
1983 3714 3131 3818 steht, und wo ist hier der Weg, der ins Freie führt. Unser
1979 3760 3129 3859 Baron wird Vater eines Kindes, das tot zur Welt kommt,
1968 3807 3135 3905 verläßt die Geliebte, um eine Kapellmeisterstelle in Detmold
1975 3850 3139 3944 anzunehmen und sein Leben weiterzugenießen. Ist das
1979 3888 2375 3963 der Weg ins Freie?
2531 3950 3132 4049 Hans Landsberg.“
2347 4053 2618 4132 —
