3296 4384
1410 181 1765 264 box 3/2
238 181 1229 257 23. Der Nec ins Freie
442 234 1241 291 a0 — K. d4 K g — —      4 . 1
968 960 2448 1028 sonderbarsten und unmöglichsten technischen endung über solche Zwiespältigkeiterhebt, als eine
967 1010 2445 1066 Aufgabe beladen: im Hin und Her der stetig stumm bedeutsame Lösung seines Urproblemes
963 1049 2448 1113 fortentwickelten Debatte eine Aktion zu för= gelten. In ihm ist der Widerspruch nicht
963 1104 2454 1162 dern, Menschen von innen her zu formen, mehr; Gedanken sind starkes Leben geworden,
972 1150 2456 1216 die Farbe, den Ton und die Lebendigkeit und lebendiges Leben geht in Gedanken auf.
971 1198 2450 1252 gesellschaftlicher Ereignisse festzuhalten. Ein Die pspchologisch=technische Meisterschaft des
973 1243 2443 1309 weniger aufmerksames, wenigeraufrhothmische Dichters, der hier die stärksten Proben auf¬
967 1289 2452 1343 und stilistische Empfindlichkeit geschultes Talent erlegt waren, webt unmerklich ein in das
966 1331 1704 1382 müßte an den zehnfachen Härten dieser For¬
1717 1334 2453 1396 andere, vermählt und erhöht beides zu einer
964 1377 1699 1442 derungen zerscheitern. Schnitzler gelingt es,
1718 1390 2450 1449 neuen geistig=seelischen Innerlichkeit. Die
962 1425 1704 1491 die Entwicklung seines geistigen Themas mit
1733 1435 2444 1493 chwerste Frage, die dieses Gedankenwerk stellt,
963 1471 1696 1532 dem Gang der Handlung, mit dem Aufbau
1712 1483 2454 1542 hat es so für sich selbst und seinen Schöpfer
960 1518 1693 1573 der Menschenbilder, mit der Ausweitung des
1720 1526 2450 1584 beantwortet: die Frage, wie absolute Geistig¬
965 1566 1701 1616 Milieus in gleichem Takt zu halten. In dem
1715 1567 2448 1635 keit in starke Lebendigkeit aufzulösen sei. Die
957 1609 1692 1668 Vielerlei von ideellen, gesellschaftlichen und
1717 1618 2448 1680 Antwort lautet freilich: durch künstlerische
966 1663 1687 1715 persönlichen Beziehungen, die sich hier durch¬
1713 1665 2441 1720 Bewältigung, und ist freilich nur für Künstler
963 1713 1688 1765 einanderbewegen, ist mit hingebendster Sorg¬
1715 1717 2446 1769 zu gebrauchen. Indessen, es besteht auch eine
970 1753 1692 1813 falt alles so geführt, daß Kreis um Kreis
1725 1760 2450 1818 Künstlerschaft, die nichts anderes zu gestalten
963 1802 1690 1859 dieser mannigfaltigen Lebendigkeit im gleichen
1712 1811 2454 1868 weiß, als das eigene Leben. Sie ist Ergebnis
959 1849 1693 1906 Tempo und zur gleichen Bedeutsamkeit sichtbar
1710 1855 2452 1906 persönlicher Kultur und allen erreichbar, die
965 1898 1698 1952 wird. Und hinter allem webt das Licht jener
1723 1898 2452 1947 Entwicklung in sich haben. Diesen gilt die
960 1941 1700 1992 besonderen Psochologie, die den besten Ruhm
1719 1946 2446 2001 stumme Antwort, die das Buch sich selbst und
964 1992 1695 2043 und den ganz modernen Reiz gerade dieses
1718 1992 2454 2050 seiner lautesten Frage gibt; ihnen gilt die
959 2037 1688 2091 Dichters ausmacht; einer Psochologie, die auf
1724 2045 2455 2090 wortlose Mahnung, ihr gefährlich unfrucht¬
966 2080 1691 2136 kleinste Widersprüche, Hemmungen und Selbst¬
1712 2086 2451 2147 bares Denken rhythmisch zu bewältigen, zum
955 2126 1699 2179 täuschungen nachdenklicher Seelen eingestellt
1713 2128 2456 2188 künstlerischen Erlebnis, zu einem kulturbilden¬
958 2178 1703 2225 ist, auf alles, was unbestimmbar zwischen
1719 2177 2129 2247 den Elewent zu erhöhen.
959 2223 1692 2280 Bewußt und Unbewußt balanciert. Sie leuchtet
2177 2212 2412 2281 Willi Handl
971 2271 1696 2319 auch hier durch die Endlosigkeit der Gespräche
959 2320 1696 2382 und bringt menschliche Bewegung in das
959 2363 1697 2421 blutleere Getümmel der Gedanken. Sie gibt
1947 2350 2241 2459 Trommelynck
958 2404 1701 2466 den Problemen, die das wichtigste in diesem
961 2455 1699 2510 Buche sind, die Schwere persönlicher Erleb¬
1816 2436 2448 2509 aß is uzösischer Dichter es sich ge¬
958 2507 1692 2555 nisse, sie gibt hochansteigenden Abstraktionen
1790 2472 2447 2569 )statten darf, so barbarisch zu heißen,
960 2548 1700 2616 den Pulsschlag lebendiger Temperamente. Sie
1838 2551 2441 2610 Crommelyuck, Fernand Crommelynck,
957 2595 1695 2654 schafft den Grund her, auf dem sich die innere
1690 2597 2450 2657 vor zwanzig, vor zehn Jahren wäre es viel¬
964 2648 1691 2705 Echtheit dieser Menschen aufbaut, die niemals
1687 2642 2449 2698 leicht noch verwunderlich gewesen. Heute aber
962 2691 1702 2753 durch besondere Schicksale oder einen beson¬
1713 2693 2444 2746 zeugt nicht Frankreich selbst, sondern das Aus¬
957 2733 2447 2798 deren Zweck in ihrer Welt beglaubigt werden. land den Franzosen ihre großen Dichter.
962 2780 1326 2838 Denn sie ist imstande
1328 2782 2447 2836 — und das war von Maeterlinck, Eekhond, Verhaeren sind Belgier,
968 2830 2452 2891 jeher ihre vorzüglichste Kraft! — das in Vielé=Griffin Amerikaner, Stuart Merill
955 2882 2443 2932 Wahrheit Unausgleichbare künstlerisch aus Engländer, und klingt ein Dichtername einmal
961 2932 2453 2981 zugleichen; den Widerspruch zwischen dem gut gallisch, wie der des Jean Moréas oder
965 2972 2439 3029 Leben, das lebt, und den Gedanken, die darüber der Komtesse de Noeilles, so ist's nur Falsch¬
962 3018 2447 3072 hingehen, in stilvoller Selbstbetrachtung auf= meldung des Griechen Papadiamantopulos
954 3058 2443 3114 zubeben. Und weil dieser Widerspruch von und der rumanischen Prinzessin Bibesco.
959 3116 2451 3168 naipem und geistigem Dasein dem Getriebe Bald werden sie (und wir) sich noch an den
960 3159 2452 3206 von Fragen, die das Buch erfüllen, immer zerklüfteten Namen des Fernand Crommelynck
965 3201 2443 3256 den ersten und stärksten Anstoß gibt, kann das gewöhnen müssen, dieses ganz unwahrschein¬
956 3247 2456 3322 Werk selbst, das sich in künstlerischer Voll= lich jungen Belgiers, der mit einem tragischen
1133 3344 1255 3428 1892
