3248 4352
1309 174 1689 274 box 3/1
687 173 1160 255 ins Freie
141 176 645 263 23. Der Ne
345 206 1260 298 an. a    . enene enene e ene
345 719 948 839 Armia-Remte
1172 737 1330 935 4
1087 874 1428 1001 S
764 939 1068 1025 Senen e
343 964 541 1022 S ealen
352 1014 1423 1070 „Der Weg ins Freie.“ Berlin, S. Fischer, 1908.)
428 1068 1410 1141 Anatol ist alt geworden und weise. Er genießt
318 1120 1415 1197 licht, was ihm so aufstößt, er wählt und denkt im
333 1174 1406 1237 Genusse. So wird ihm ein Abenteuer zum Ereignis,
342 1224 1417 1305 beinahe führt ihn ein Kind, das seinem Bunde mit einem
336 1270 1164 1336 sitisamen Mädchen entstammt, in die Ehe.
425 1317 1403 1389 Dieses „Beinahe“ ist der Inhalt von Schnitzlers
330 1371 1403 1419 neuestem Romane. In diesem „Beinahe“ liegen Ver¬
339 1416 1403 1466 tiefungen des alten Liebelei=Motivs, wie sie nur inner¬
339 1462 1411 1529 liches Erleben und verarbeitendes Empfinden lehren. Mit
332 1498 1410 1566 sichtlicher Tendenz wird das sinnliche Moment des Ver¬
338 1566 1414 1612 hältnisses zurüelgedrängt, und von einem süßen Mädel
335 1608 1403 1683 hat die kluge, bedachtsame Anna keinen Zug. Sie bleibt
343 1658 1409 1726 auzusehr im Schatten, alles Licht fällt auf den jungen
342 1710 1403 1774 Mann, den „beinahe“ das ernste Schicksal, Vater zu
339 1760 1406 1826 sein, erreicht, das sich aber glücklicherweise durch den
328 1801 1405 1876 raschen Tod des Sprößlings, nur in ein Vaterwerden
329 1846 1397 1918 löst. Georg ist Anatol, in seiner Leichtfertigkeit des An¬
334 1905 1418 1963 knüpfens, seinem Hinwegsetzen über äußere und innere
335 1965 1409 2017 Bande, seinem Dilettantismus: denn gerade jene Er¬
328 1992 1404 2060 hebung zum Künstler und Berufsmenschen, die ihm der
327 2050 1402 2118 Dichter geben will, glaube ich nicht. Aber daß er seelische
334 2093 1410 2162 Prozesse durchmacht, daß sie ihn bilden über das kleine
333 2152 1411 2209 Erlebnis hinaus, das stellt ihn über den Lebenskünstler
336 2208 1405 2263 aus Schnitzlers Frühzeit. Noch keinem Buche hat der
330 2244 1398 2320 Dichter so viel Selbstgedachtes und Empfundenes ge¬
328 2279 1407 2368 geben, ja, wie seine letzten Dramen, erscheint auch das
330 2345 1405 2414 neue Buch überladen mit innerlichem, nicht restirs be¬
340 2396 1398 2448 wältigtem Materiale. Dieser Ueberfluß strömt nicht aus
341 2448 1392 2497 der Handlung, sondern aus den zahlreichen Nebenfiguren,
340 2492 1395 2539 die unzählige Sprachrohre des Verfassers bilden. Es ist
341 2539 1397 2594 der Hauptvorwurf, den ich dem Werke machen möchte,
334 2588 1392 2645 daß sein geistiger Inhalt allzuwenig aus dem Stoffe,
344 2639 1401 2693 sondern aus einer Unsumme von Dialogen fließt, von
330 2677 1407 2740 Gestalten vorgeführt, die nur schwach den beabsichtigten
328 2734 1392 2803 Kontrastwirkungen dienen, sondern nur als Redner wirken.
336 2785 1394 2843 So entzückende Bilder von Wien in sanften Andeutungen
338 2829 1399 2891 entworfen werden, ein Wiener Roman ist das Buch nur
339 2887 1394 2940 zum Teil, wo es nur einen Ausschnitt der Gesellschaft,
342 2932 1395 2992 und diesen in einer ganz bestimmten Beleuchtung gibt.
343 2980 1390 3030 Man vergleiche nur „Jettchen Gebert“; wie fließt da
336 3023 1393 3091 Berlin und Judentum unabsichtlich aus den Gestalten
330 3070 1403 3155 und Situationen. Diese organische Verbindung fehlt hier,
330 3124 1331 3194 wo der Dichter und immer nur der Dichter spricht.
421 3155 1397 3239 Aber wie spricht er! Alle Bedenken mögen zurück¬
324 3221 1393 3286 treten vor der Bewunderung einer darstellerischen Kunst,
319 3273 1397 3321 die nicht leicht ihresgleichen hat. Was Fluß der Erzäh¬
321 3319 1392 3379 lung, stille, aber zwingende Kraft des Ausdruckes, musi¬
333 3369 1405 3431 kalische Harmonie des Satzbaues ist, das mag man hier
331 3414 1398 3476 studieren. Zuweilen scheint einem wohl jede Aeußerung
324 3465 1395 3523 des Temperaments allzusehr zurückgedämmt, aber einem
969 3510 1030 3546 V1
323 3509 1392 3582 aufmerksamen Ohre wird die verhauene Matt der Leiden¬
326 3560 1397 3625 schaft viel zu sagen haben.Ekwus von der Kunst der
324 3601 1401 3674 Goetheschen „Wahlverwandtschäften“ lebt in diesem klaren
325 3661 1401 3704 und doch tiefen Werke, etwas Menschliches, das weit
328 3708 1404 3774 über dem Inhalt und der Form steht. Das Freie felbst
403 3758 1404 3823 Schnitzter hät es noch nicht erreicht, noch liegt er
321 3803 1408 3873 in den Banden seines ringenden Ich; aber einen schönen
328 3852 1003 3927 „Weg ins Freie“ ist er gegangen.
1122 3852 1421 3929 A. v. A24.
2511 951 2914 1048 Telephon 12801.
1751 1114 2911 1221 P M STITEnm
1769 1222 2904 1280 O l. österr. behördl. konz. Unternehmen für Zeitungs-Ausschnitte
1760 1260 1851 1313 8
1921 1264 2805 1361 Wien, I., Concordiaplatz 4.
1751 1329 1863 1393 1
2149 1340 2575 1409 Vertretungen
1799 1385 2903 1468 D in Berlin, Bud’pest, Chicago, Christiania, Gent, Kogen¬
1760 1445 2908 1490 # hagen, London, Madrid, Mailand, Minneapolis, New-Vork,
1766 1485 2861 1536 C Paris, Rom, San Francisco, Stockholm, St. Petersburg.
2150 1517 2557 1581 Qualianapggbe cinme Gbewrüh-
2738 1524 2849 1602 pech
1762 1539 2916 1631 Ausschnitt auses Litterarisene Bohe, Baran
2160 1613 2462 1695 1- 8 18l8
1757 1653 1988 1739 E vom:
1950 1718 2824 1804 Zur Besprechung zeitgenössischer Autoren und
1901 1790 2820 1845 Werke geben ausnahmslos nur neu erschienene Bücher
1906 1832 2822 1884 den Anlaß. Hans Bethge hat seinen vor sechs Jahren
1902 1866 2816 1905 im LE erschienenen, seitdem schon häufiger an ver¬
1900 1904 2814 1965 schiedenen Stellen gedruckten Aufsatz über J. J.
1901 1946 2827 2002 David jetzt wieder im „Homb. Fremdenbl.“ (156)
1900 1987 2813 2025 anläßlich der bei Georg Müller erscheinenden Ge¬
1901 2019 2815 2080 samtausgabe untergebracht und schreibt in der „Bresl.
1905 2071 2824 2126 Ztg.“ (469) über Peter Altenberg, der kürzlich
1906 2110 2827 2156 eine einbändige Auswahl aus seinen Büchern heraus¬
1899 2138 2813 2188 gegeben hat. — Nicht ohne kritische Einwände, aber
1899 2172 2814 2229 im ganzen mit vieler Anerkennung bespricht Richard
1905 2209 2814 2273 M. Meyer Jakob Wassermanns „Kaspar Hauser“.
1898 2258 2810 2300 (Voss. Ztg., Sonnt.=Beil. 28). — Der neue Ro¬
1895 2298 2815 2345 man von Schnitzler war in den „Münch.
1893 2340 2815 2384 N. Nachr.“ schön vo Dr. Ludwig Bauer kri¬
1895 2376 2813 2414 tisch gewürdigt worden: einen zweiten Kri¬
1900 2411 2814 2457 tiker findet er hier (Beilage 5) in Joseph Hos¬
1898 2450 2812 2496 miller, der besonders die Reinheit der Mittel
1890 2490 2815 2533 und das künstlerische Maß an dem Buche hoch be¬
1898 2533 2820 2583 wertet. „Ein Werk von fast fünfhundert Seiten, so
1895 2571 2824 2621 gleichmäßig und künstlerisch im Ton, so vornehm und
1896 2606 2822 2664 sorgsam in der Mache, so von Anfang bis zu Ende
1895 2644 2827 2691 festhaltend, so gänzlich auf das Herausarbeiten
1895 2686 2821 2741 brillanter Einzelheiten verzichtend, so durchaus als
1898 2723 2814 2783 Ganzes angelegt und als Ganzes wirkend, will immer¬
1896 2757 2807 2804 hin etwas besagen. Es hat Stil. Was ihm fehlt,
1891 2802 2815 2851 ist Entwicklung.“ — Mit Schnitziers Werk hat das
1893 2842 2808 2888 jüdische Milien Augusie Hauschners neuer Roman
1889 2875 2813 2933 „Die Familie Lowositz“ gemein. Ihre große Kunst
1895 2916 2812 2955 der Milieuschilderung hat diese Verfasserin bisher
1886 2950 2815 3004 hauptsächlich in ihrer Meisternovelle „Daatjes Hoch¬
1893 2989 2811 3053 zeit“ und dem in einer mährischen Fabrikgegend spie¬
1887 3032 2817 3094 lenden Roman „Zwischen den Zeiten“ offenbart.
1886 3067 2805 3123 „Diesmal“ bemerkt Alfred Klaar (Voss. Zig. 201),
1885 3099 2809 3166 „stellt sie sich eine besonders schwierige Aufgabe: sie
1889 3155 2804 3194 greift mitten hinein in das nationale Gewirre ihrer
1888 3189 2813 3245 Vaterstadt Prag, in das wunderlich zerklüftete soziale
1895 3224 2810 3263 Gemeinwesen, dessen Eigenart, dessen kulturelle Viel¬
1893 3260 2802 3325 farbigkeit, dessen Reiz und Unerquicklichkeit sich aus
1892 3312 2810 3350 einer Fülle sich. kreuzender historischer und politischer
1885 3350 2804 3395 Strömungen entwickelt hat. In langjährigem ver¬
1887 3386 2801 3442 liner Leben und Schaffen hat sie Distanz zu jenen
1882 3422 2800 3472 Erinnerungen gewonnen, vielleicht zu viel Distanz, um
1878 3457 2799 3523 den Zug der großen Fragen, die da selbst das Kleine
1881 3502 2812 3548 und Kleinliche durchdringen, fest im Auge zu be¬
1886 3545 2791 3576 halten; aber gerade genug, um die lebendig ge¬
1895 3564 2801 3632 bliebenen Bilder gewisser Seiten des gesellsch iftlichen
1889 3619 2790 3662 Lebens mit frappierender Objektivität darzustellen.“
1945 3650 2784 3725 Der selbe Kritiker hestätigt an aleichee #t.fi
