3248 4192
749 173 1202 248 ins Freie
1341 169 1740 269 box 3/1
167 169 700 280 23. Der Nei
380 220 1217 295 DOI  S A a 4 A SI
609 1109 1818 1170 Die 3. Fortsetzung der Novelle „Ein unpersönlicher
1808 1123 3263 1202 kannten „Wiener Note“ stammen alle aus dieser Zeit. Schnitzler h
736 1145 1809 1206 Meusch“ von Paul Heyse befindet sich auf Seite 27.
1808 1170 2997 1253 Heute freilich sind das nur noch dürre Banalitäten; in¬
2986 1166 3246 1260 Weg stellten
1810 1219 2990 1311 dessen, daß im Herbst die Blätter welken, beweist nichts
2989 1236 3256 1297 Reife, inde
1821 1264 2379 1347 gegen den Frühling ...
732 1230 1600 1392 VFeuilleton.
2989 1273 3236 1345 bis die fehl
514 1179 700 1383 #
2989 1320 3262 1396 geht und d
1881 1327 2989 1409 Eine ganze Saat ist seither in die Halme geschossen;
943 1353 1502 1456 Der Weg ins Freie.
2992 1376 3244 1451 selber kam.
1806 1367 2991 1454 Novellen, Stücke und Gedichte, die alle dem Wiener
2983 1430 3259 1492 zu warten,
1807 1427 2996 1508 Boden entsprossen, die Wiener Marke trugen. Der literar¬
712 1414 1815 1497 Selten noch ist ein Buch freudiger erwartet worden.
2989 1474 3261 1543 es geben kor
1802 1469 2998 1559 historische Schnitter mäht's und bemerkt dazu: Jung¬
632 1470 1808 1572 als dieser neue Roman von Arthur Schnitzler— und
2983 1521 3233 1587 Früchte reif
1812 1526 2995 1605 Wien. Nur gerade der Roman wollte nicht wachsen.
629 1536 1804 1599 das nicht nur um des heute schon illustren Namens
2991 1569 3265 1639 nicht sich sel
1817 1574 2992 1666 Wir haben zwanzig Dramen, die man mit hinreichender
630 1573 1803 1643 seines Autors willen, sondern vor allem, weil mit dem
2992 1613 3249 1683 andere Hem
627 1623 1813 1696 Erscheinen dieses Werkes eine lang gehegte österreichische
1803 1620 2992 1704 Berechtigung als „Wiener Komödien“ bezeichnen kann,
2997 1664 3118 1727 schaftl
1806 1672 2992 1744 und nicht einen Roman, in dem sich das Leben
617 1681 1812 1734 Hoffnung in Erfüllung geht. Keine ganz junge Hoff¬
2996 1714 3131 1773 beseitig
619 1718 1814 1794 nung mehr; sie stammt aus dem Beginn der Neunziger¬
1801 1712 2989 1806 unserer Stadt in seiner Totalität zeitgemäß spiegeln
2988 1762 3150 1822 einheitli
619 1766 1814 1846 jahre, ist also immerhin schon anderthalb oder zwei Jahr¬
1804 1771 3000 1833 würde. Woran liegt das? Zunächst wohl daran, daß jene
3029 1811 3201 1876 argume
1807 1813 2993 1899 jungen Wiener, die damals, in den Neunzigerjahren, das
622 1831 1805 1901 zehnte alt, und das ist etwas viel für eine Hoffnung, denn
2986 1854 3188 1919 schwieg;
1802 1847 2984 1936 neue literarische Programm aufstellten, durchwegs jung
623 1871 1805 1929 Hoffnungen und Träume altern rasch. Ja, so lange
2989 1896 3262 1975 aber war da
1800 1908 2988 1984 waren. Die Jugend aber disponiert nicht zu Romanen
628 1913 1810 1991 etwa ist es her, seitdem das literarische Selbstbewußtsein
2990 1952 3264 2025 einfach um
1825 1963 2994 2027 — wenigstens nicht zu geschriebenen. Die Jugend ist
618 1968 1816 2046 unserer Stadt erwacht ist und die Sehnsucht nach einer
2990 1998 3201 2068 Tatsache,
1797 2015 2985 2087 ach! eine dramatische Zeit. Der alternde Literat Nürn¬
615 2010 1804 2073 „Wiener Komödie“ einem Wiener Roman“ zum ersten¬
2984 2048 3120 2104 Waru#
615 2048 1810 2133 mal laut wurde. Nicht als ob nicht auch schon früher
1794 2045 2993 2130 berger, eine der Nebenfiguren des Schnitzlerischen Werkes,
2990 2095 3172 2165 vielleicht,
1806 2105 2979 2186 sagt ein gar feines und nachdenkliches Wort. „Ueberall,“
630 2108 1805 2171 Stücke, die in Wien spielten, und Romane, die hier zu
2981 2143 3179 2203 diesen
626 2152 1808 2232 Hause waren, geschrieben worden wären. Aber es ge¬
1799 2152 2985 2226 meint er, „darf man gerecht sein, nur nicht im Drama.“
2984 2191 3235 2276 heißt: Der
625 2191 1804 2272 schah gleichsam hinter dem Rücken der Literatur, der
1801 2197 2986 2275 Ja, und eben darum schreiben alle jungen Dichter
3059 2241 3218 2315 Georg
622 2251 1801 2320 großen nämlich, die zu jener Zeit sich noch kosmopolitisch
1801 2251 2991 2323 Dramen. Weil die Jugend ungerecht ist.... Insoweit
2974 2262 3202 2355 geht ihn,
623 2292 1798 2364 schminkte und über alle Grenzen schielte. „Das Allge¬
1802 2293 3181 2398 also lag es an den Schriftstellern, wenn wir bislang hindurch
625 2345 1800 2412 meinmenschliche“ sagten die Dichter damals, warfen sich in
1797 2345 2989 2419 keinen Wiener Roman hatten. Zur anderen Hälfte aber
2980 2375 3192 2445 wie der K
622 2382 1810 2460 die Brust und schauten schwärmerisch und unbestimmt
1799 2397 2988 2459 lag es an Wien. Der Roman nämlich setzt, ähnlich dem
2980 2412 3210 2490 wie so viel
1803 2447 2978 2517 Lustspiel, eine Gesellschaft voraus. Das macht ja beispiels¬
612 2441 1810 2507 ins Weite. Dabei verloren sie allgemach den Boden
3025 2471 3164 2554 inft, K
617 2486 1799 2556 unter den Füßen. Dann aber kamen die Jungen und
1796 2485 2988 2567 weise gerade den Reiz der guten Pariser Romane aus,
2985 2526 3170 2592 Lieder
622 2534 1804 2603 stellten eine neue Theorie auf. Sie sagten: Das Allge¬
1794 2544 2983 2619 daß sich in ihnen alle Stände, Klassen und Berufe
3102 2573 3187 2629 , da
624 2586 1799 2651 meinmenschliche kann sich nur aus dem Besonderen ent¬
1798 2584 2980 2663 mischen, wie in einem guten Pariser Salon. Wir aber,
2971 2606 3209 2680 Absicht traß
620 2640 1795 2706 wickeln, und das Besondere muß naturgemäß irgend¬
1794 2629 2977 2706 in unserem vom Parteihader zerklüfteten, von Vorurteilen
2983 2662 3170 2731 keinesweg
624 2670 1806 2752 wo wurzeln: man muß mit dem Nächstliegenden an¬
1798 2681 2977 2752 umschränkten, vom konfessionellen Haß unterwühlten
2975 2715 3157 2781 der Gese
623 2731 1795 2783 fangen. Sie ließen die Luft und betrachteten lieber den
1792 2729 2978 2802 Wien haben seit langem schon keinen repräsentativen
2980 2761 3263 2822 bei all dem
612 2783 1797 2850 Boden; sie gaben ihren jungen Werken eine heimatliche
1796 2780 2975 2865 Salon mehr. Darum haben wir auch kein Lustspiel und
2971 2805 3235 2874 nähert, der
1796 2822 2134 2898 keinen Roman.
611 2823 1790 2893 Färbung, ihren Menschen vertraute Namen, und sie hörten
2973 2855 3223 2935 an der ang
611 2867 1803 2949 der Natur ohne Unwillen zu, auch wenn sie einen leisen
1866 2877 2980 2973 Oder richtiger: Wir hatten keinen. Denn der „Weg
2968 2901 3198 2963 Ziel und
609 2916 965 2984 Dialekt sprach.
944 2906 1256 2982 Die lieben
1236 2926 1798 3000 alten Schlagworte vom
1788 2911 2974 3019 ins Freie“ ist ein Wiener Roman, nicht nur eln Roman,
2972 2948 3251 3015 päck deklarier
603 2991 3262 3079 „Erdgeruch“ der „Bodenständigkeit“ und der sattsam be¬ der in Wien spielt, und das ist seine Bedeutung. Situation au
561 3294 1809 3379 Hochschule überhaupt unmöglicheu#
556 3372 826 3447 machen.
589 3426 1715 3536 Prinz Aloig Liechtenstein über-Professor
871 3500 1443 3602 Dr. Adolf Harnack.
1351 3528 1715 3617 Wien, 2. Juni.
644 3604 1747 3670 Von einem Wiener Hochschuldozenten, der ein Schüler
564 3648 1747 3719 Adolf Harnacks in Berlin ist und dem berühmten
566 3699 1745 3767 Gelehrten auch persönlich nahesteht, erhalten wir ein
561 3746 1461 3833 Schreiben, dem wir folgendes entnehmen:
656 3788 1743 3854 „Von den, was Prinz Liechtenstein gestern im Ab¬
567 3847 1752 3917 geordnetenhause über Professor Harnack sagte, beruht nicht
563 3885 1755 3954 ein Wort auf Richtigkeit. Es ist unrichtig, daß Harnack
561 3931 1750 4011 vom Lehramte entfernt wurde; vielmehr liest er wie
570 3984 1746 4042 immer noch seine grundlegenden und stark besuchten
565 4018 1750 4101 Kollegien über Kirchengeschichte und Dogmengeschichte an
566 4059 1752 4136 der theolovischen Fakultät der Berliner Universität. Von einer
