3248 4192
963 202 1207 283 Freie
781 212 911 280 in
198 200 737 301 23. Der Neg
409 193 1762 324 Delueghans Wiele box 3/1
539 917 3263 984 gerückt, daß eben erst sein Vater gestorben ist, nachdem; Freiherrn v. Wergenthin, der eigentlich eine Novelle irgend einer Stell
1829 939 3254 1000 Anna wird Georgs Geliebte und die Geschichte keinen Bezug hät
544 961 1711 1013 ihn die Mutter, von der er die Künstlerpassion hat,
1712 979 3262 1056 bleibt — man kann das wirklich gar nicht anders sagen und traurige Dich
530 992 1721 1066 bereits in einem früheren Zeitpunkt verlassen hatte. So
2871 1025 3241 1098 und auch von
1802 1037 2888 1095 nicht ohne Folgen. Der junge und etwas
533 1045 1720 1116 sicht er sich plötzlich allein und auf sich selber angewiesen,
2868 1067 3262 1142 Sinn: Künstlertr
1713 1074 2880 1141 egoistische Künstler denkt natürlich nicht daran,
536 1080 1717 1148 und wenn er jetzt, an einem dieser frühen Herbsttage,
2883 1123 3217 1187 nicht vereinen.
1713 1129 2887 1198 Anna zu heiraten, obwohl er sie, was man so nennt,
541 1134 1719 1198 aus den Fenstern des alten freiherrlichen Hauses, das
2873 1147 3253 1238 Und wie immer
1705 1177 2838 1244 verführt hat. Er ist theoretisch vollkommen mit sic
538 1172 1719 1252 irgendwo in der Nähe des Schwarzenberggartens gelegen
1712 1220 2886 1285 einig, alleinzwas sind Theorien in einem solchen Falle?
2877 1208 3263 1302 gewählt zu haben
548 1234 1712 1294 sein muß, über die ruhende Stadt seinen Blick hin¬
1708 1276 2885 1327 Während die Frucht im Leibe des geliebten Weibes reift,
549 1274 1719 1347 schweifen läßt, so meint er mit seinen veränderten Augen
2946 1277 3262 1361 Georg wird
1714 1322 2891 1377 dem Leben entgegen, reift er selber, Georg, in die Ehe
540 1321 1713 1391 ein anderes Wien zu sehen als früher. Aber auch das
1712 1352 3262 1436 hinein oder, um im Sinne der Verheirateten zu sprechen, Frau geliebt, die
538 1371 1713 1445 neue, das ernstere Leben lockt den jungen Mann; er läßt
1709 1385 3263 1457 zur Ehe empor. Das ist nun meisterhaft dargestellt in andere Hälfte des
533 1416 1707 1485 seinen Schmerz, seine Erinnerungen zu Hause, geht aus,
1722 1438 3253 1529 diesem Roman, dieses beinahe automatische Sich=Zusam¬ steht das dünkle
531 1474 1719 1523 trifst Bekannte, die ihm wieder von anderen Bekannten
2864 1487 3249 1566 gegenüber, und
1719 1489 2889 1568 menziehen des Netzes, in dem sich ein gutgearteter, wenn
533 1519 1711 1592 erzählen, so daß wir gleich ganz zwanglos, „ie auf
1712 1528 3253 1614 auch leichtsinniger junger Mann gerade mit seinen besten Brücke, die diese
536 1554 1724 1626 einem Spaziergang, sein Leben und seine Beziehungen
1711 1572 3262 1654 Eigenschaften so rettungslos verstrickt, daß es am Ende mit einander ve
542 1610 1716 1685 kennen lernen. Er macht dann auch bei Anna Rosner
2866 1620 3256 1700 Brücke, wenigstens
1723 1649 2887 1720 für ihn kein Entrinnen mehr gibt, ja, daß er sich, was
539 1657 1716 1736 einen Besuch, einer hübschen Gesangslehrerin, für die er
2870 1674 3254 1740 gebt ja zum Sch
1711 1693 2886 1761 noch viel mehr und alles sagen will, am Ende gar kein
540 1706 1724 1787 sich zu interessieren beginnt, und der er gefällt; verläßt
2872 1720 3262 1784 daß er im Roma
2251 1736 2857 1808 Georg bleibt scheinbar ganz
1714 1744 2272 1825 Entrinnen mehr wünscht.
538 1756 1712 1825 das Haus Rosner aber wieder und geht mit einem be¬
2871 1763 3215 1835 durch diese Erg#
1720 1805 2803 1862 frei und ungebunden, er übernimmt keinerlei
535 1806 1716 1870 kannten Schriftsteller in den Prater. So lernen wir
2876 1808 3230 1883 der Ehrenberg'sch
1708 1845 2818 1919 pflichtung, die über das Selbstverständliche hinausgel
534 1859 1715 1915 auch gleich den Prater kennen, sogar den Wurstelprater,
2879 1859 3249 1929 v. Wergenthin d
1714 1898 2830 1961 er wahrt sich sogar seine erotische Unabhängigkeit, küt
534 1899 1718 1971 der ja unbedingt in einem Wiener Roman Platz finden
2886 1912 3263 1975 werden sollte: ein
1712 1946 2875 2004 andere Frauen, und wird doch von Monat zu Monat
536 1951 1716 2018 mußte. Im Wurstelprater aber trifft man abermals Be¬
3118 1956 3260 2024 ern lie
1712 1987 2859 2052 mehr Ehemann — bis zür Niederkunft. Da aher trikt
542 1986 1713 2066 kannte, heiiere diesmal, und der Abend schließt in einem
3175 2005 3248 2066 na
1452 2029 1722 2101 Was nicht
1710 2033 2830 2090 der Umschwung plötzlich ein, ein so überraschender un
541 2034 1406 2114 vertrauten Wiener Milieu — im Separee.
1718 2086 2811 2158 dabei so abgrundtief motivierter Umschwung, wie ihn n
535 2089 1716 2153 kindert, daß der junge Freiherr schließlich spät nachts
1712 2124 2792 2194 das Leben selbst oder ein echter Dichter findet. N
538 2129 1719 2208 an seinen Schreibtisch zurückkehrt und dort in guter
1713 2175 2752 2236 lich, das Kind kommt töt zur Welt, und an dieser
545 2168 1716 2238 Stimmung zu komponieren beginnt. Das ist der In¬
1714 2225 2771 2303 geburt stirbt auch die Lieve, die diese beiden Men
537 2228 1711 2294 halt des sehr umfangreichen, aber meisterhaft geformten
541 2255 1715 2350 ersten Kapitels, das, ähnlich dem ersten Kapitel von
1716 2267 2732 2341 mit einander verbunden hat. Das Band ist 3
541 2318 1716 2385 Dandets „Sappho“, in einer geistreichen Verkürzung
1713 2319 2753 2392 und jedes von beiden kehrt in die eigene Welt zu
549 2378 1720 2434 bereits den ganzen Roman gibt. Denn wenn der Frei¬
1714 2372 2737 2441 Anna in das Elternhaus, Georg zu seinem Schre
2599 2404 2785 2478 ht als
549 2409 1713 2486 herr von seinen Spaziergängen und Besuchen schließlich
1710 2428 2585 2487 zu seinen Noten, seinen Träumen. Er g
538 2456 1716 2541 zu seinem Schreibtisch heimkehrt, so ahnen wir bereits
1723 2459 2884 2528 kapellmeister nach Detmold, er findet den Weg ins Freie,
543 2499 1717 2582 daß er dies auch am Ende des Romans tun wird, und
2885 2518 2946 2583 be
1710 2521 2881 2586 der ihn, den jungen Künstler, zum Ruhme führt. „Ich
544 2540 1715 2619 daß der richtige Weg ins Freie einen jeden von uns
1711 2567 2838 2641 glaube nicht, daß solche Wanderungen ins Freie sich ge
2460 2600 2898 2684 Denn die Sträßen
546 2606 1303 2677 nur immer zu sich selber führt..
1713 2617 2406 2679 meinsam unternehmen lassen.*
2892 2616 2972 2677 schö
632 2658 2959 2736 Dann in den folgenden Kapiteln entwickelt sich der dorthin laufen ja sicht im Lände draußen, sondern in int
544 2695 2966 2806 Roman, oder richtigert der Roman des Helden des uns selbst.“ sagt, einmal der Schriftsteller Beermann un del
3150 3085 3266 3164 Frivil
3154 3174 3255 3238 lmy
3127 3221 3265 3286 Hut
3122 3274 3264 3337 npaa
3038 3312 3251 3380 mit einem
2921 3363 3184 3433 die Sozialde
2914 3416 3262 3486 einem Kavaller
2908 3461 3262 3532 auf acht Tage,
2900 3507 3248 3587 spielt auch die
2910 3556 3260 3627 mal bei Schnitz
2904 3608 3251 3668 viel ernster und
2903 3638 3254 3718 dem Dichter des
2916 3695 3256 3761 Ekel genannt w
2910 3755 3244 3811 genannt wird,
2906 3794 3253 3868 die Wiener Lan
2905 3846 3262 3910 Roman nicht fel
2907 3895 3263 3966 der Hausmeister
2913 3933 3263 4008 nahmen. Aus
2933 3988 3263 4053 den Kämpfen di
3089 4039 3212 4106 gene
2959 4077 3017 4140 1
3095 4082 3149 4136 u
