3248 4096
1382 97 1731 197 box 3/3
206 113 1200 186 23. Der Nec ins Freie
400 159 1210 211 aen ee en
1039 895 2441 967 fragen der heutigen Judenschicksale berührt werden. Vielleicht hat —
1048 960 2465 1035 stofflich genommen — Schnitzler darin das Tiefste und Wahrste und
1044 1012 2459 1079 zugleich auch das Eigenartigste zu geben, was seine Natur erlaubt.
1044 1059 2453 1122 Und das ernste Eindringen in die letzten Motive und Folgen dieser
1047 1104 2456 1181 Schicksale ist vielleicht geeignet, manches eilfertige Urteil zu mildern und
1036 1144 1250 1214 zu klären.
1093 1195 2458 1284 Der Roman ist bei S. Fischer in Berlin erschienen (geb. 6 Mark).
1906 1254 2466 1343 Imm. Ernst Anders]
1079 1396 2454 1467 m erhöhten Erker auf dem grünsamtenen Sofa saß Frau Ehrenberg
1111 1455 2462 1528 mit ihrer Stickerei; Else, ihr gegenüber, las in einem Buch. Aus
1046 1474 2453 1576 O dem tiefern und dunklern Teil des Zimwers, hinter dem Klavier
1036 1542 2457 1620 hervor, leuchtele das weiße Haupt der marmornen Isis, und durch die
1038 1604 2457 1669 offene Tür floß aus dem benachbarten Zimmer ein heller Streif über
1038 1638 2454 1719 den grauen Teppich. Else sah von ihrem Buche auf, durchs Fenster
1034 1696 2463 1776 zu den hohen Wipfeln des Schwarzenbergparkes, die sich im Herbstwind
1039 1750 2456 1828 regten, und sagte beiläufig: „Man könnt vielleicht dem Georg Wergen¬
1039 1793 1909 1859 thin telephonieren, ob er heut abend kommt.“
1097 1835 2456 1922 Frau Ehrenberg ließ ihre Stickerei in den Schoß sinken. „Ich weiß
1042 1882 2455 1964 nicht", sagte sie. „Du erinnerst dich, was für einen wirklich scharmanten
1037 1934 2455 2012 Kondolenzbrief ich ihm geschrieben und wie dringend ich ihn in den
1038 1985 2450 2064 Auhof eingeladen hab. Er ist nicht gekommen, und seine Antwort war
1034 2033 2052 2099 auffallend kühl. Ich würde ihm nicht telephonieren.“
1090 2097 2456 2158 „Man kann ihn nicht behandeln wie die andern", erwiderte Else.
1037 2137 2455 2209 „Er gehört zu den Leuten, die man gelegentlich daran erinnern muß, daß
1040 2188 2453 2257 man auf der Welt ist. Wenn man ihn erinnert hat, dann freut er sich
1035 2222 1342 2297 schon darüber.“
1086 2271 2466 2343 Frau Ehrenberg stickte weiter. „Es wird ja doch nichts werden“, sagte
1028 2305 1221 2384 sie ruhig.
1095 2345 2452 2451 „Es soll auch nichts werden,“ entgegnete Else, „weißt du denn das
1040 2426 2415 2497 noch immer nicht, Mama? Er ist mein guter Freund, nichts weiter -
1038 2479 2459 2545 und auch das nur mit Unterbrechungen. Oder glaubst du wirklich, daß
1035 2514 2450 2596 ich in ihn verliebt bin, Mama? Ja als kleines Mädel war ich's, in
1035 2559 2445 2650 Nizza, wie wir miteinander Tennis gespielt haben, aber das ist lang
1026 2611 1184 2676 vorbei.“
1095 2654 1625 2730 „Na, — und in Florenz?“
1091 2708 1968 2778 „In Florenz — war ich's eher in Felician.“
1091 2764 2001 2832 „Und jetzt?“ fragte Frau Ehrenberg langsam.
1091 2820 2450 2895 „Jetzt ...? Du denkst wahrscheinlich an Heinrich Bermann ... Also
1036 2847 1459 2921 du irrst dich, Mama.“
1089 2903 2455 2982 „Es wäre mir lieb, wenn ich mich irrte. Aber heuer im Sommer
1029 2958 2016 3022 hatte ich wirklich ganz den Eindruck, als ob ....“
1088 3004 2443 3084 „Ich sag dir ja schon“, unterbrach Else sie ein wenig ungeduldig.
1039 3053 2438 3132 „Es ist nichts und es war nichts. Ein einziges Mal, an dem schwülen
1039 3105 2440 3173 Nachmittag, wie wir Kahn gefahren sind — du hast uns ja vom Balkon
1034 3151 2437 3228 aus gesehen, sogar mit dem Operngucker — da ist es ein bißchen gefährlich
1028 3203 2442 3282 geworden. Aber wenn wir uns auch einmal um den Hals gefallen wären,
1026 3255 2440 3344 was übrigens nie vorgekommen ist, es hätte doch nichts zu bedeuten gehabt.
1019 3299 1728 3368 Es war halt so eine Sommersache.“
1053 3352 1385 3442 2. Julbhest vod
