3248 4128
212 139 1212 205 23. Der Neg ins Freie
1390 131 1739 223 box 3/3
397 195 814 241 ——
1188 197 1229 227 —
684 639 1637 721 ja nicht im Lande draußen, sondern in uns selbst.
684 716 1632 762 Es kommt nur für je den darauf an, seinen inneren
688 750 1634 808 Weg zu finden. Daher ist es natürlich notwendig,
690 790 1632 843 möglichst klar in sich zu sehen, in seine ver¬
681 831 1632 890 borgensten Winkel hineinzuleuchten. Den Mut seiner
687 886 1634 928 eignen Natur zu heben. Sich nicht beirren lassen.
685 925 1639 977 Ja, das müßte das tägliche Gebet jedes anständigen
692 965 1640 1009 Menschen sein: Unbeirrtheit!. Es ist kein neuer
689 1006 1636 1053 Gedanke, daß die Gemeinsamkeit in seelischen
685 1051 1628 1096 Dingen meist zu nichts führt, daß man allein seinen
696 1092 1638 1138 Weg finden muß. Aber dies kann vielleicht nicht
687 1136 1629 1185 oft genug gesagt werden.-Das Verstehen ist ein
687 1178 1630 1231 Sport wie ein andrer. Ein sehr vornehmer Sport
687 1221 1634 1277 und ein sehr kostspieliger. Man kann seine ganze
683 1269 1627 1317 Seele darauf verschwenden und als ein armer
693 1309 1641 1366 Teufel dastehen. Aber mit unsern Gefühlen hat
693 1351 1596 1396 das Verstehen nicht das allergeringste zu tun
684 1394 1641 1442 beinahe so wenig wie mit unsern Handlungen.
684 1440 1636 1503 Es schützt uns sucht vor Leid, nicht vor Ekel,
690 1482 1140 1543 nicht vor Vernichtung.
753 1522 1627 1567 Das Verstehen im Gegensatz zu unsern Ge¬
684 1561 1627 1617 fühlen! Und hier ein andres Wort über das höchste
685 1609 1631 1653 Gefühl. die Liebe:  das konnte eine Art von
682 1645 1637 1706 Liebe sein, und was sie für Heinrich fühlte, eine
682 1697 1626 1747 andre. Es gab wirklich viel zu wenig Worte. Für
692 1744 1633 1786 den einen geht man in den Tod, mit dem andern
692 1778 1632 1830 liegt man im Bett, — vielleicht noch i der Nacht,
693 1818 1635 1876 ehe man sich für den andern ertränkt.: Dies ist
691 1868 1625 1917 von einer Schauspielerin gesagt, von der es an
693 1906 1627 1956 einer andern Stelle heißt: -Georg fühlte ein selt¬
693 1956 1627 2007 sames Mitleid mit ihr, wie man es manchmal im
693 1992 1625 2048 Traum mit Toten fühlt, die nicht wissen, daß sie
684 2036 1009 2100 gestorben sind.:
752 2074 1637 2125 Noch eine Stelle über den Tod möchte ich
685 2125 1638 2177 hersetzen, welche an eine andre erinnert, die ich
693 2163 1635 2231 neulich aus der ssilbernen Tänzerine von Otto
690 2211 967 2272 Gysae zitierte:
762 2234 1627 2299 Es gibt ernstere Dinge als den Tod, traurigere
690 2298 1633 2351 gewiß, weil eben diesen andern Dingen das End¬
697 2336 1631 2391 gültige fehlt, das im höhern Sinn das Traurige
698 2378 1627 2426 des Todes wieder aufhebt. Es gibt z. B. lebendige
701 2419 1637 2470 Gespenster, die auf der Straße wandeln bei heil¬
687 2463 1636 2521 lichtem Tag, mit längst gestorbenen und doch
691 2506 1635 2564 sehenden Augen, Gespenster, die sich zu einen
694 2549 1633 2601 hinsetzen und mit einer Menschenstimme reden,
696 2590 1632 2642 die viel ferner klingt als aus einem Grab heraus.
692 2642 1638 2694 Und man könnte sagen, daß im Augenblicke, da
692 2684 1635 2733 man dergleichen erlebt, das Wesen des Todes
700 2723 1632 2770 sich viel unheimlicher erschließt, als in solchen,
693 2765 1627 2815 da man dabei steht, wie jemand in die Erde ge¬
693 2804 1636 2858 senkt wird  Zum Schluß nur noch eine
697 2848 1634 2909 Stelle: -Ich hab mich ohne Schuld gefühlt,
692 2889 1628 2940 irgendwo in meiner Seele. Und wo anders, tiefer
696 2934 1641 2990 vielleicht, hab ich mich schuldig gefühlt ... und
692 2973 1639 3034 noch tiefer, wieder schuldlos. Es kommt immer
692 3020 1630 3070 nur darauf an, wie tief wir in uns hineinschauen.
699 3068 1634 3116 Und wenn die Lichter in allen Stockwerken an¬
687 3106 1628 3164 gezündet sind, sind wir doch alles auf einmal:
686 3159 1635 3204 schuldig und unschuldig, Feiglinge und Helden,
686 3195 1078 3263 Narren und Weise.
755 3226 1629 3288 Ich muß es mir versagen, hier mehr über dieses
686 3282 1637 3331 Buch und aus ihm zu schreiben. Vielleicht regen
699 3329 1633 3379 diese wenige Zeilen manchen dazu an, sich das
687 3372 1637 3428 unvollkommene Bild zu ergänzen und den Roman
697 3407 1644 3457 zu lesen. Damit wäre mein Zweck erreicht und
685 3457 1635 3512 der Leser selbst fände die schönste Befriedigung
684 3495 995 3562 und Belohnung.
1749 650 2623 711 Das andre Buch, auf das ich leider nur noch
1678 701 2628 752 kurz hinweisen kann — ich bitte, die Qualität
1687 748 2574 808 nicht nach der Länge der Besprechung zu werten
1682 792 2631 844 ist ein Roman von dem Verfasser des lustigen
1687 834 2622 882 Sofas auf Nr. 6-, Otto mar Enking, Wie Trages
1689 875 2624 926 seine Mutter suchte!). In diesem Buch wird die
1688 916 2633 967 Sehnsucht eines armen Jungen nach seiner Mutter
1687 962 2625 1024 geschildert, die er nie gekannt hat, deren Liebe
1689 1002 2620 1056 er im kalten Leben vermißt. Der Junge reift zum
1694 1050 2622 1109 üingling und zum Manne, aber diese Sehnsucht
1684 1092 2626 1146 begleitet ihn. Das Buch hat eine seltsam weh¬
1684 1134 2623 1184 mütige Stimmung, alles Glück darin ist voll Weh¬
1686 1176 2627 1236 mut und Sehnsucht. Es sind Liebesszenen darin
1689 1228 2621 1277 von Zartheit und dabei von einer Glut, wie ich
1690 1263 2630 1322 wenige kenne. An Theodor Storm wird man
1690 1306 2629 1368 erinnert, welchem Enking eine kongeniale Natur
1683 1358 2620 1399 zu sein scheint. Dieses Buch wird mir eine Er¬
1688 1391 2617 1443 innerung bleiben, zu welcher ich immer gern zurück¬
1683 1437 2628 1489 kehren werde, ein gütiger, etwas weher Hauch
1685 1478 2633 1534 liegt darüber. Hier soll nur eine Stelle Platz
1683 1516 2628 1575 finden: . Wir alle brechen einmal im Leben
1689 1562 2626 1622 gleichsam eine Kastanie auf und stehen voll Scham
1685 1611 2623 1655 und voller Zorn über uns selbst, wenn wir doch
1687 1657 2631 1701 in ihrem Innern nichts von dem erkennen was
1687 1702 2629 1748 wir erkennen wollten. Und wir alle werfen die
1683 1732 2629 1788 zerstörte Frucht in den Nachbarhof hinüber und
1687 1778 2632 1832 trauern, indem wir bedenken, wie schön es sein
1680 1818 2631 1874 könnte, wenn der Baum gewachsen wäre und wir
1681 1865 2589 1911 schließlich geruhsam in seinem Schatten säßen.
1745 1906 2630 1958 Wie viel fröhlicher wären wir, wenn wir es über
1679 1955 2623 1998 uns gewännen, die Frucht ungestört wachsen zu
1680 1990 2623 2045 lassen, und uns damit begnügten, daß es Geheim¬
1677 2033 2632 2081 nisse gibt, an die wir nicht tasten dürfen, sofern
1683 2086 2628 2133 wir ihren Segen genießen wollen. Ja, wir wären
1673 2116 2625 2175 glücklicher. Und doch ist es unsre büchste Be¬
1683 2163 2626 2210 stimmung, die keimende Kastanie aufzubrechen.
1744 2204 2630 2252 So brechen wir die Kastanie auf, greifen zu
1680 2239 2624 2301 nach dem Leben und seinen Erfahrungen, Lehren
1685 2302 2623 2347 und Enttäuschungen, und es bleibt uns nichts
1682 2332 2630 2382 übrig, wenn wir die Jugend und die harmlose
1680 2377 2631 2423 Fröhlichkeit verloren und verlernt haben, als die
1684 2418 2621 2470 Erinnerung und die Sehnsucht, welche uns be¬
1683 2469 2628 2518 gleiten.Aber man findet niemals, was man verloren
1687 2509 2627 2561 hat und sucht, man behält die Wehmut, wenn
1685 2549 2623 2601 man dabei auch froh sein kann, und nur wie im
1690 2593 2626 2648 Traume sieht man das Vergangene von ferne
1679 2631 2638 2700 leuchten. Ein Ritornell von Theodor Storm fiel
1681 2677 2352 2724 mir ein, als ich Enkings Buch las:
1683 2723 2206 2777 Schnell welkende Winden,
1688 2752 2544 2811 Die Spur von meinen Kinderfüßen sucht ich
1677 2803 2632 2872 An eurem Zaun, doch konnt ich sie nicht finden.
2241 2852 2588 2938 ERNsr WLorzKA.
1874 2984 2434 3065 Neuerscheinungen.
1682 3054 2462 3122 Stulz, Dr. O.,Nervöse. Moderne Gesichtspunité
1799 3113 2452 3151 für die Behandlung der sogenganten
1799 3147 2408 3200 Nervosität. (Berlin, Herm. Walthez)
2475 3138 2631 3202 M. 1.20
1675 3192 2452 3247 A. Hartlebens kleines statistisches Taschenbuch
1799 3233 2457 3290 über alle Länder der Erde. XVI. Jahrg.
2471 3268 2631 3344 M. 1.50
1802 3275 2268 3330 19o9. (Wien, A. Hartleben)
1684 3295 2449 3365 Burwinkel, Dr. med. O., Die Rückenmarks¬
1798 3356 2457 3413 schwindsucht (Tabes), ihre Ursachen und
1794 3410 2448 3452 Bekämpfung. (München, Arztliche Rund¬
2474 3445 2630 3499 M. 1.20
1799 3451 1910 3509 schau)
1763 3511 2642 3590 1) Verlag Schuster & Loeffler, Berlin und Leipzig
1678 3570 2199 3650 roof. Preis 4 M., geb. 5 M.
