3296 4192
1032 338 1072 395 I
807 316 901 395 in
205 322 694 407 23. Der We
422 314 1748 446 eie box 3/1
1309 1624 1685 1705 Telephon 12801.
551 1816 637 1857 6#e
625 1777 1669 1885 MEr BTMM
544 1848 633 1899 9
552 1881 1688 1946 ● l. österr. behördl. konz. Unternehmen für Zeitungs-Ausschnitte
711 1933 1595 2011 Wien, I., Concordiaplatz 4.
529 2005 633 2057 1
937 2021 1368 2078 Vertretungen
582 2063 1694 2136 D in Berlin, Budapest, Chicago, Christiania, Genf, Kopen¬
543 2104 1684 2164 hagen, London, Madrid, Mailand, Minneapolis, New-Vork,
648 2148 1650 2206 Paris, Rom, San Francisco, Stockholm, St. Petersburg.
958 2186 1352 2242 (Quellenangabe ohne Gewähr.)
1153 2217 1413 2299 4 JUK W9OE
544 2223 1030 2312 4 Ausschnitt aus:
866 2319 1785 2387 Czernowitzer Tagblatt, Czernowitz
537 2337 773 2411 E vom:
673 2425 1780 2502 Arthur Schnitzler: Der Weg ins Freie. Ro¬
525 2457 1790 2549 man, geb. K## große Roman Arthur
531 2508 1785 2600 Schnitzlers ist zu gleicher Zeit der erste zeitgeschichtliche Ro¬
531 2565 1782 2651 man des heutigen Wiens. Reich gewegte Bilder aus den ver¬
533 2614 1788 2695 schiedensten Gesellschaftskreisen werden vor uns entrollt. Eine
540 2661 1789 2742 Fülle von Gestalten lernen wir kkennen, die in der besonderen
525 2705 1792 2787 Atmosphäre ihrer Stadt, unter den komplizierten Verhältnissen
521 2755 1794 2816 ihres Landes zu den mannigfachsten Beziehungen miteinander
521 2805 1778 2885 verknüpft sind. Allerlei Probleme der Zeit werden berührt,
515 2842 1781 2938 insbesondere den Schickluten der modernen Juden, innerhalb
513 2906 1785 2982 der eigentümlichen Gruppierung der Wiener Gesellschaft, wird
520 2957 1774 3042 mehr noch nach der seelischen als der rein sozialen Seite nach¬
525 2996 1781 3083 gegangen. Aus heiter leichten Anfängen sich eptwickelnd,
522 3050 1776 3133 schreitet die Handlung des Werkes mit immer wachsender
526 3101 1781 3179 Lebendigkeit und Kraft zu Geschehnissen von tiefstem Ernste
516 3145 1791 3203 weiter, aus deren Bann der Leser am Ende mit weiten und
512 3205 1305 3266 bedeutenden Ausblicken entlassen wird.
2796 655 3196 745 Telephen 12891.
2122 826 3063 929 MMTRTRTETTTS
2030 878 2125 928 —
2042 919 2117 960 □
2117 917 3192 995 I. österr. behördl. konz. Unternehmen für Zeitungs-Ausschnitte
2199 962 3081 1051 Wien, I., Concordiaplatz 4.
2435 1040 2863 1117 Vertretungen
2048 1094 3177 1147 0 in Berlin, Budapest, Chicago, Christiania, Genk, Kopen¬
2031 1129 3169 1207 hagen, London, Madrid, Mailand, Minneapolis, New-Vork,
2141 1181 3144 1246 Paris, Rom, San Francisco, Stockholm, St. Petersburg.
2435 1223 2835 1270 . Wielienangabe ohne Gewähr.)
2042 1252 3143 1361 □ Ausschnißleriiur Zeitung am Mittag, Berlin
2388 1331 2666 1423 15 6. 1908
2027 1373 2265 1438 E vom:
2455 1466 2527 1534 4
2229 1463 2670 1623 Ein neuer
2669 1489 3102 1621 Schnitzler.
2279 1619 3109 1702 Nie ist Arthur Schnitzler so aus sich
2229 1689 3102 1747 herausgegangen, wie in seinem neuen Roman:
2224 1722 3101 1777 „Der Wegins Freie"*). Wie eine Beichte
2228 1769 3103 1821 ist dieses Buch, eine Beichte intensivster Emp¬
2241 1809 3104 1861 findungen eines Dichters, der bisher vielleicht
2238 1853 3101 1901 zu bescheiden, vielleicht zu ängstlich gewesen, zu
2228 1899 3104 1958 sagen, was ihm Mensch und Rasse sind. Und
2234 1947 3108 2006 es ist wunderbar, wie er es heute sagt, wie er
2238 1984 3096 2035 sich loslöst von all den Beziehungen, die ihn
2226 2038 3099 2090 an Gesellschaft, Literatur, Politik knüpfen, wie er
2229 2069 3092 2128 alles, was um ihn kriecht, seziert und mitten
2226 2117 3097 2161 durch seine eigene Weltanschauung durchleuchten
2225 2152 3099 2209 läßt. Und schreibt doch vorurteilsfrei, tendenzlos,
2227 2202 3101 2260 rein nur aus dem Rausch des dichterischen
2237 2243 3103 2290 Sehens, seine Bekenntnisse hin. Sein „Weg ins
2234 2288 3101 2359 Freie“ ist sein Weg ins Große, ist sein Herr¬
2225 2329 2985 2392 lichstes, das er uns bisher gegeben hat.
2269 2371 3093 2434 In Wien ist kein zweiter, der so zu erzählen,
2217 2423 3096 2481 sa zu schildern, so zu vergleichen, so zu gestalten,
2218 2463 3093 2526 so zu vermenschlichen versteht wie er; keiner,
2223 2502 3097 2565 der so wie er imstande ist, die Wiener „Gesell¬
2223 2552 2955 2608 schaft“ in ihrem Kern zu packen, in
2964 2552 3091 2607 ihrer
2222 2590 3090 2640 Schwachheit und Fäulnis, ihrer Macht und
2224 2636 3086 2680 Ohnmacht. Ja, dieses Buch ist der Wiener
2214 2673 3087 2740 Roman, nach dem die Literaturprotzen an der
2209 2728 3088 2771 Donau seit Jahren schon schreien. Aber sie
2222 2761 3098 2829 haben ihn sicher anders gewünscht, haben sicher
2217 2813 3086 2859 geglaubt, daß Arthur Schnitzler einer von jenen
2211 2856 3090 2899 sei, die sich „anregen“ lassen, den Kaffeehaus¬
2201 2887 3094 2965 rezepten der Cliquen zu folgen ... Schnitzler
2198 2944 3086 2997 aber hat den Weg ins Freie gefunden. Und
2206 2984 3077 3032 obgleich sein Roman „spezifisch wienerisch“ ist,
2204 3026 3075 3089 wird er gewiß auch hier aufs höchste inter¬
2208 3075 3085 3135 essieren. Denn in diesem Buche ist nichts Ver¬
2201 3109 3079 3164 heimlichtes, nichts Verlogenes, nichts Ueber¬
2210 3152 3084 3230 zuckertes. Nie ist Echteres aus Wien und über
2201 3194 3081 3258 Wien geschrieben worden. Und selbst jene, die
2209 3241 3083 3300 Wiens „Gesellschaft“ — Aristokraten und Juden,
2198 3278 3087 3339 Literaten, Politiker, Musiker und wieder Juden
2198 3335 3083 3389 und Aristokraten — niemals kennen gelernt
2206 3372 3080 3430 haben, werden sich in diesem neuen Werke
2198 3408 2806 3481 Schnitzlers zurechtfinden können.
2252 3464 3070 3536 Freilich, der Held des Romans, ein kompo¬
2200 3502 3071 3576 nierender Aristokrat, der sich in ein „Bürger¬
2193 3548 3065 3606 mädel“ verliebt, es verführt, und der, als das
2195 3589 3080 3676 Kind der beiden tot zur Welt kommt, gleich¬
2194 3639 3071 3697 sam die innere Freiheit wiederfindet, ist ein
2195 3685 3082 3764 Dutzendtypus, wie wir ihm schon unzählige
2188 3730 3072 3789 Male begegnet sind. Aber die meisterliche Art,
2183 3771 3074 3833 wie Schnitzler ihn charakterisiert, die köstliche
2192 3812 3101 3891 Lebendigkeit, wie er die Gesellschaft, in der
