3248 4384
1402 178 1747 278 box 3/2
801 179 1203 262 ins Freie
224 179 723 279 23. Der Ne
116 1418 628 1503 r. Oder sollte es Herr
664 1439 1766 1499 tarischen Traditionen zu widersprechen scheinen;sie waren
111 1496 625 1554 el an Freiheitlichkeit er¬
658 1499 1759 1554 nur der Ausdruck des Selbstbewußtseins der Oligarchen,
673 1591 1769 1639 Schichten einer Nation, wenn möglich der ganzen Nation ist.
666 1635 1768 1686 Im höchsten Sinne repräsentativ war Goethe, in dem naivstes Volks¬
113 1587 549 1727 eton (
675 1681 1765 1745 gefühl und intellektuellstes Forschertum, Götzens derbe Männlichkeit
668 1729 1769 1791 und Tassos zitternde Seelenhaftigkeit zu dichterischen Stimmen
112 1710 365 1796 koman.“
669 1777 1761 1830 kamen. Auch Gerhart Hauptmann, was man auch wider ihn
105 1792 632 1866 ur Schnitzler ist ein Wiener
679 1823 1765 1884 agen möge, ist repräsentativ für die Nation. Der Fuhrmann
109 1859 624 1919 de hat sich hineinverirrt, aber
673 1874 1757 1929 Henschel, die Webersleut', das arme Hannele, aber auch Pippa,
108 1898 631 1965 szufinden. Alle Männer von
673 1926 1769 1976 die Elfin, und Vockerath, der Ringer, und Michael Kramer, der
115 1949 622 2013 Roman, moderne und un¬
666 1965 1760 2025 Künstler, sind in seiner Seele. Möglich, daß Houptmann kein
119 1996 621 2068 te und weniger assin lierte
671 2017 1762 2071 starker Repräsentant der Deutschen ist, umfassend genug wäre
121 2040 628 2104 inanzjuden, jüdische Gigerln
669 2063 1763 2121 er! Er ist nicht nur das niedrige Gewächs einer kleinen Klasse.
118 2090 622 2164 le Juden und sozialistische
770 2114 1765 2169 Was soll man, von solchen Gedanken ausgehend, zum
101 2139 622 2201 Wiener Roman geworden, den
666 2154 1762 2212 neuen Roman Arthur Schnitzlers sagen? Das ist die Repräsen¬
120 2187 623 2245 schland als Repräsentant des
668 2206 1761 2261 tation eines ganz kleinen Kreises: des wohlhabenden Wiener
158 2232 631 2298 sondern bloß der Leopold¬
668 2250 1757 2308 Judentums. Von einem Dichter, der immer wieder für die
106 2275 622 2356 n wahrhaftig, es fehlt der
668 2301 1763 2361 höchste Dichterehrung des Reiches vorgeschlagen wird, war zu
142 2324 630 2389 nicht an Kunstwerken, die
672 2357 1759 2414 erhoffen, daß sein Gesichtskreis weniger eng ummauert sei. Was
122 2381 629 2438 Georg Hirschfeld hat daran
667 2401 1762 2457 soll man denn dem Typus Adolf Bartels erwidern, wenn einem
120 2421 624 2477 ann hat darauf seinen Ruhm
677 2445 1758 2491 Arthur Schnitzler der Wiener Roman bloß zu einem Bilde
96 2468 625 2534 hat das Problem in seinem
665 2491 1759 2549 jüdischen Literaten= und Jourlebens wird? Und wie steht
116 2514 621 2580 Grafen Charolais“ beschwatzt.
672 2541 1761 2586 Arthur Schnitzler mitten drin in seiner Gesellschaft! Als
101 2566 621 2624 gen Jahres „Jettchen Gebert“
669 2586 1761 2647 Georg Hirschfeld seine Judendramen schrieb, da konnte man
666 2637 1764 2690 den Adolf Bartels zurufen: Ihr Tauben, ihr verstopften
110 2666 625 2721 geschöpft, möchte ich in
674 2679 1764 2732 Ohren, ihr blind Gebornen, seht ihr denn nicht, daß diese
134 2710 621 2770 erwähnen. Also genug, mehr
664 2730 1765 2791 Dichtungen eines jungen Deutschen jüdischer Abstammung vor
80 2746 620 2813 #en auf die Judenfrage! Kurz¬
665 2776 1767 2828 allem Darstellungen der Distanz sind, die zwischen dem
90 2799 628 2862 rch seinen Heine=Haß berühmte
664 2827 1760 2874 alten, unassimilierten, ewig nir an Zwecke denkenden Judentum
111 2857 631 2913 nung begreiflicher, wenn man
675 2871 1766 2930 und dem jungen, vom Zweckdenken schon befreiten, rein und
113 2904 629 2963 e, namentlich Berliner und
669 2916 1768 2962 künstlerisch schauenden, unwillkürlich deutschen Wesen der Juden¬
108 2943 633 2993 Kontakt nur mit den Juden¬
677 2967 1757 3023 öhne besteht? Die jüdischen Anklagedramen Georg Hirschfelds
157 2992 624 3052 Ein Dichter (und sogar ein
678 3018 1766 3068 varen Abschiedsrufe der deutschen Judenjünglinge an das nur
101 3027 636 3100 Bedeutung und am Ende auch
677 3061 1760 3109 nüchterne, im tiefsten kaufmännische Judentum! Doch dieser
120 3091 630 3152 präsentant bestimmter
669 3109 1768 3160 Roman Schnitzlers? Der Dichter hat gar keine Distanz zu
671 3155 1766 3209 seinen Juden, steht vielmehr mitten drin und sein Auge ver¬
117 3144 624 3239 reie.“ Roman von Arthur
665 3199 1770 3259 weilt auf ihnen mit wahrhaft Güdemannischem Wohlgefallen.
115 3200 250 3266 Fischer.
1807 1424 2582 1529 des Landes“ ist eben seine Herrschaft.
1814 1597 2895 1640 Darum sind alle Juden in diesem Roman edel! Der gute, alte
1809 1640 2905 1690 Berthold Auerbach hätte sie nicht edler malen können. Da ist der
1804 1685 2904 1747 Schriftsteller Heinrich Bermann, ein Jude, eminent geistreich, ein
1805 1740 2897 1792 psychologischer Bohrer und doch voll Phantasie, noch dazu mit
1810 1785 2895 1838 einer interessanten, immer wieder aufbrechenden Seelenwunde!
1809 1829 2903 1883 Da ist der Schriftsteller Nürnberger, Jude und also der absolut
1799 1876 2899 1931 weise Mensch, erhalen über alle Eitelkeiten der kleinen Welt,
1803 1927 2905 1979 unschöpferisch aus Tiefsinn, menschenverächtlich, weil angefüllt
1805 1973 2903 2022 mit Menschenkenntnis, mit einem kleinen Licht im dunklen
1798 2018 2850 2070 Herzen: der Erinnerung an eine früh verstorbene Schwester.
2849 2027 2885 2068 *
1807 2063 2893 2128 Da ist ein alter, menschenfreundlicher Arzt, Doktor Stauber, die
1803 2123 2889 2179 personifizierte jüdische Güte, ein Cousin Nathans des Weisen.
1801 2162 2897 2216 Sein Sohn, der junge Stauber, das ist der jüdische Idealismus,
1806 2205 2901 2256 der zwischen wissenschaftlicher Hingabe und öffentlicher Werk¬
1802 2255 2893 2314 tätigkeit schwankt. Da ist ein junger Zionist, Golowsky, zu ver¬
1809 2307 2903 2368 stehen als die jüdische Tapferkeit in Person. Schießt einen grau¬
1813 2353 2901 2409 amen antisemitischen Hauptmann im Zweikampf mausetot. Aber
1802 2409 2907 2463 auch alle anderen Juden sind edel. Ein alter Finanzmann Ehren¬
1805 2442 2903 2504 berg würde gern die Hälfte seiner Millionen hingeben, wenn er
1804 2494 2902 2542 ein paar rohe Antisemiten aus der Welt schaffen könnte. Die
1810 2541 2903 2595 Sehnsucht sitzt auch in diesem Schnitzlerschen Bankier so tief,
1803 2590 2907 2644 daß er im Frühjahr nach Jerusalem wandert. Nicht alle
1805 2635 2896 2689 jüdischen Financiers gehen zur Erholung nach Palästina. Im
1807 2681 2906 2746 Anfang des Romans wird wenigstens der Sohn des
1803 2729 2899 2789 alten Cyrenberg als flacher Assimilationsstreber gezeichnet,
1812 2779 2904 2826 der sich seines Judentums schämt und sehnsüchtig zum
1810 2822 2903 2879 Jockeyklub äugt. Kaum aber hat der alte Ehren¬
1804 2874 2897 2922 berg dem jungen einmal eine Ohrfeige gegeben, so
1808 2918 2893 2999 erwacht schon die stolze jüdische Seele in ihm, der Oberflächliche
1800 2972 2897 3035 wird tragisch und versicht Selbstmord! . .. Vergebens wird
1801 3018 2894 3067 man das ganze Buch nach einem einzigen gemeinen Juden, ja
1805 3061 2902 3118 auch nur nach einer gemeinen Regung durchsuchen, die doch die
1813 3112 2898 3175 psychologische Belletristik selbst den Helden gelegentlich gestattet.
1814 3160 2899 3216 Wobei unter gemein keine sittliche Charakteristik, sondern nur
1807 3206 2903 3285 der allezeit praktische. allezeit nüchterne, stets nur auf Zwecke
