3296 4352
943 254 1156 329 Frei
770 251 912 327 ins
185 255 736 343 23. Der Nec
397 300 1218 363 n K  un S  ene an en e enen en
91 1430 1420 1499 sprachliche tieften und bis in die kleinste Handlung eingehend be¬
87 1471 307 1544 die Kreise,
320 1473 1423 1545 gründeten, ja förmlich sezierten Vorwürfen gehen allerhand
91 1514 310 1573 hen sollten,
312 1525 1430 1573 gesellschaftliche, politische und künstlerische Zeit= und Lokal¬
107 1562 1434 1635 ursprüng= fragen den nötigen Gegenwartsgeschmack. Ten Hintergrund
85 1602 299 1655 nden Bei¬
312 1607 1430 1676 bildet ungefähr das heutige Wien, in dem aber noch die
83 1643 305 1702 üßen. Da
309 1647 1429 1723 Pferdebahn fährt und manch andere neue Errungenschaft
92 1683 296 1745 er schreitet
303 1701 1421 1752 noch nicht vorkommt. Daß es dabei nach verschiedenen
87 1731 301 1786 ferisch, bei¬
311 1745 1427 1790 Seiten hin Hiebe absetzt, ist bei der Rassenzugehörigkeit
70 1783 1426 1847 chgewaltig. des Verfassers nicht verwunderlich. Die stärksten werden
78 1825 1419 1892 ngen und einem Wiener Stadtrate, einem christlichsozialen Ab¬
83 1878 1427 1945 inden Zu= geordneten, sowie einer christlichen Wiener Zeitung erteilt.
93 1912 1419 1984 und oft Dies und das übrige finde ich vom Standpunkte des
93 1941 291 2013 werden sie
302 1960 1420 2018 Dichters aus ganz natürlich. So bietet der Roman ein
87 1998 292 2054 da atmen
311 2010 1408 2068 echtes Zeitbild unserer Stadt, allerdings nur ein Bild,
82 2030 298 2115 andes oder
298 2049 1421 2118 wie es Schnitzler sieht und wie deren der Dichter bereits
304 2093 1421 2163 mehrere geschaffen hat. Aber es ist nicht das Bild unseres
89 2104 300 2181 nane mit¬
304 2137 1412 2206 deutschen Wien, sondern des Wien, wie es die
84 2168 293 2236 ftiges Blut
295 2186 1417 2239 jüdische Gesellschaft sieht und macht. Der Roman ist
96 2220 1411 2276 Freunden, nicht übel aufgebaut und manchmal sogar sehr schön, ja
91 2262 289 2325 sammeln,
295 2270 1411 2327 teilweise von bleibendem Werte, wenn ich schon gar manch¬
110 2305 295 2370 so möge
294 2317 1410 2375 mal recht schematische Fabriksarbeit gefunden habe. Das
72 2344 296 2420 ls Weizen
295 2360 1417 2414 „Hexeneinmaleins des modernsten Realismus“ versteht
84 2393 289 2448 ichen, be¬
304 2409 1412 2467 Schnitzler ja ausgezeichnet. Diese Vorzüge und die ge¬
91 2435 282 2493 helläugige
302 2453 1412 2511 nannte Stellung des Verfassers zu Tages= und Ortsfragen
87 2482 287 2533 ichen Um¬
300 2489 1400 2561 haben ihm die glänzenden Besprechungen stammes= und
84 2523 288 2586 erfasser der
297 2531 1409 2589 sinnverwandter Kritiker verschafft. Uns Deutsche und uns
89 2567 294 2629 ik der Er¬
293 2584 1406 2648 Christen vor allem aber kann keine auch noch so blendende
278 2622 1404 2695 Darstellung und Anpreisung täuschen. Die vorgeführten
94 2626 291 2722 i Deutsch¬
288 2664 1405 2727 Lebenserscheinungen und die sittlichen Anschauungen und
84 2697 166 2759 er!
282 2713 1408 2788 Grundsätze sind echt Schnitzlerisch — man versteht, was
81 2748 157 2805 eits
164 2749 286 2809 mehr¬
292 2752 1410 2800 das zu bedeuten hat — und die Dichtung ist ihrem ganzen
77 2793 171 2854 en“,
169 2799 290 2852 nicht
291 2805 1407 2862 eigentümlichen Wesen nach jüdisch. Dieses Dichters Welt
76 2841 285 2901 hane „Der
296 2843 1399 2917 ist nicht unsere Welt, seine Ansicht nicht die unserige. Ein
80 2883 276 2941 bleme. Be¬
294 2885 1306 2948 deutscher Dichter ist Schnitzler nicht, sondern
1313 2899 1406 2961 ein
89 2929 276 2984 „Weg ins
292 2926 1321 2977 jüdischer, der, weil er deutsch erzogen worden ist,
1315 2944 1405 3006 in
85 2971 275 3030 rhältnisses
290 2974 1409 3045 deutscher Sprache schreibt. Als jüdischem Dichter aber wollen
88 3016 281 3073 ls Neben¬
299 3025 1392 3083 wir ihm die Kränze, die ihm seine Gesinnungsgenossen
86 3056 283 3120 Grundlage
294 3066 1396 3124 vielleicht allzu üppig gewunden haben und gerade wegen
77 3097 290 3164 Diesen an
292 3104 1393 3181 dieses Romans immer wieder winden, nicht nehmen und
76 3141 276 3206 nd ewige
296 3144 660 3220 auch nicht neiden.
84 3192 312 3256 rlauf ver¬
1355 247 1733 346 box 3/2
2891 839 3241 917 In Rom wurde
1743 854 2666 918 abzulegen, müssen Sie schon jetzt gehörchen.“
2908 957 3245 1025 zärtlichen Gewal
1983 964 2669 1092 Literaturblatt.)
2671 1009 3242 1092 verklärte und al
2915 1054 3243 1122 klang finden lie
2908 1103 3239 1167 Lebensdinge. Un
2035 1094 2597 1202 „Die Haindlkinder.“
2904 1150 3238 1213 hereinschmetternd
2600 1115 2886 1242 M
2104 1171 2526 1260 Von Stefan Zweig.
2920 1194 3242 1261 dutzende Leuchtk
2915 1246 3240 1310 gängerbuch des
1826 1244 2889 1305 Es war ein gutes Jahr, das Wiener Jahr 1908,
2904 1293 3246 1353 der Steiern
1731 1304 2903 1359 und undankbar wären wir, wollten wir ihm nicht laut
2912 1334 3248 1406 voneinander wie
1737 1345 2899 1404 Dank sagen. Ein gutes Jahr nicht nur darum, weil viel
1742 1388 3251 1452 Fahnen geschwungen wurden, festtäglich die Straßen sich hat uns das rei
2906 1434 3241 1495 Bücher, so trächt
1736 1437 2906 1501 füllten, weil das Jubiläum alle Glocken von fern und
2906 1474 3235 1557 was in diesem
1745 1483 2905 1545 nah zusammenklingen ließ, sondern auch weil der künst¬
2910 1528 3254 1590 willig dafür gebe
1743 1534 2893 1598 lerische Boden Wiens selten bessere Frucht getrieben als
2900 1574 3252 1647 jedem Buchschran
1747 1578 2893 1634 in diesem hellen Frühling und milden Herbst. Ein Jahr
2909 1624 3244 1686 sowie man Kof
1742 1623 2895 1702 der Romane war es. Und gerade der Roman, der Wiener
2909 1672 3247 1736 Kellern und Spi
1736 1669 2895 1734 Roman, hatte in unserer Literatur — die, sagen wir
1744 1712 2896 1778 es nur offen, heute stärker ist, als je seit Grillparzers
2977 1717 3237 1796 Aber dieser
1995 1774 2897 1831 im Kreise des Könnens gefehlt. Wien galt
1738 1771 1961 1838 Todestag
2902 1767 3235 1858 seinen Jugend
1742 1819 2898 1868 trotz der großen dramatischen Erfolge draußen im
2905 1828 3243 1895 schwiegen, gelern
1739 1860 2893 1921 Reich immer nur als die erste Werkstait der Ziseleure,
2898 1872 3248 1941 ist von dichterisch
1736 1911 2903 1985 der Kunstschmiede, der Meister des Arrangements, der
2898 1918 3233 1986 zu Werk, daß
1737 1957 2897 2013 lyrischen Virtuosen, die Verse so zu schmieden wußten,
2902 1969 3247 2037 Und noch ehe d
1737 2000 2898 2079 daß sie blank glänzten, fein klangen und wie mit hellen
2911 2015 3248 2088 hat, hat er rasch
1741 2055 3246 2124 Juwelen durch die Luft blitzten. Als die Stadt galt nachgeworfen, de
1746 2099 2894 2157 Wien, wo alles Kleine vortrefflich gemeistert wird, wo
2894 2107 3248 2184 einen unbändige
1743 2143 2897 2209 das Feuilleton Vollendung, die Novelle Meisterschaft
2895 2153 3253 2222 der klingt wie de
1745 2207 3250 2260 wird, wo alles, was Kultur und nicht Kraft erfordert, die Wiener Lan
1731 2231 3248 2305 sich in edelsten Formen vergeistigt. Dieses gute Jahr verliebt (am wen
1740 2295 2896 2352 aber hat gelehrt, des es Zurückhaltung und nicht
2892 2291 3245 2365 Roman fließt wi
1741 2329 2893 2395 Schwäche, Sparsamkeit und nicht Armut, feinstes Grenz¬
2898 2344 3239 2413 Landschaft zwisch
1738 2380 2892 2447 gefühl und nicht Schüchternheit war, wenn unsere Künstler
2895 2396 3240 2457 wo das Schicksal
1740 2430 3259 2505 sich nicht an die breite, die wuchtige Form der Aussprache, und gütiger scheit
1742 2477 3248 2540 den Roman wagten. Arthur Schnitzlex hat endlich hügel und sanfte
1739 2532 2888 2586 seinen Roman ediert, auf den der von Jahr zu Jahr
2906 2536 3236 2596 brunn und die
1729 2571 2889 2632 erweiterte Kreis seiner Verehrer so lange schon wartete
2903 2580 3255 2653 mehr vergißt, un
1737 2615 2884 2670 und hat mit diesem „Weg ins Freie“ vieler Sehn¬
2899 2628 3249 2694 schrieben, das sei
1732 2669 2879 2728 sucht unserer Stadt ein Ziel gewiesen, hat all das, was
2899 2676 3243 2750 aber und alle F
1730 2710 2891 2772 in den meisten ohnmächtig würgte und mit verhaltenem
2896 2721 3248 2791 merkwürdige See
1742 2759 2888 2817 Atem drängte, Wort werden lassen und verheißungsvolle
2893 2762 3259 2838 in seinem Buche
1743 2809 2887 2866 Botschaft. Der prachtvolle Fremde aus Franken, der nun
2902 2815 3256 2888 das ganze Oester
1732 2851 2888 2921 bei uns wohnt und den wir so gern ganz den Unseren
2903 2867 3231 2933 Wiens willen,
1738 2889 2888 2967 nennen möchten, Jakob Wassermann, hat in diesem
2901 2902 3246 2980 stärksten sein Oe
1739 2942 3227 3010 Jahr „Kaspar Hauser“ geschrieben, dieses wunder=stehen, weil er
1738 3003 2890 3063 volle Monument, das der deutschen Literatur nie mehr
2898 3005 3254 3080 bei uns die Visi
1742 3054 2886 3108 wird wieder vergehen können. Diesen beiden, schon Be¬
2889 3047 3240 3128 spaltenen, vom
1728 3089 3258 3150 rühmten, haben sich Jüngere gesellt. Franz Karl reich noch leben
1730 3142 3251 3211 Gnzkey hat in seinem „Jakobus und die Armee empfind
1742 3196 3237 3260 Frauen“ eine Jugend voll Wehmut erzählt und damit! und Großmacht,
1731 3229 3239 3301 ein Buch geschenkt, schlicht und schön, auf dem goldener und einheitlich w
1733 3273 2881 3350 Widerschein von Gottfried Kellers sonnigem Blick hin¬
2897 3288 3215 3355 nach obenhin el
1731 3335 2885 3385 glänzt. Ein anderer Wiener, Emil Lucka, den man
2892 3339 3248 3405 mündet. Das Mil
1727 3378 2881 3433 bislang nur als Philosophen kannte, hat in seinem er¬
2897 3384 3253 3458 reich, die sich no
1735 3419 2898 3482 greifenden Roman „Tod und Leben“ ein schwarz¬
1723 3470 2920 3552 gerändert Geschick sanft gemacht, indem er es mit all der
3003 3472 3247 3545 *) Verlag von
2464 3531 2902 3644 MF' nu. 18 ##1
