3248 4192
165 162 405 267 23.
936 157 1205 241 Freie
399 155 685 239 Der We
742 166 816 239 1
1325 155 1730 260 box 3/1
380 179 1214 288 Leeg in eN
275 1227 3099 1311 seinte Gesangskunst in die Gesellschaft gebracht. Gekannt haben sich 1 dem „Weg ins Freie" das Werk eines jungen Poeten, das an dieser
257 1288 1675 1357 die beiden schon, jetzt schließen sie sich eng und heimlich zusammen,
1688 1302 3115 1348 Stelle schon seine Würdigung gefunden. An künstlerischer Reife
266 1326 1683 1402 holdes Liebesleben blüht zwischen ihnen auf, rückhaltlos, ohne irgend
1688 1343 3098 1400 stehen die „Zwölf aus der Steiermark“ hinter dem Buch des
262 1389 1686 1444 ein leises Fragen schenkt sich Anna dem Geliebten. Und da si dann
1675 1393 3103 1452 Wiener Autors zurück. Angesichts dieser Anfänge des Steirers
266 1427 1680 1499 Georg sagt, daß sie ihm ein Kind schenken werde, klingt die
1684 1444 3105 1518 werde ich an die liebe Aeußerung Segantinis erinnert, der
261 1473 1675 1553 Botschaft feierlich erhebend und die junge Muiter heiligend ihm
1680 1490 3108 1557 über die Wiener Sezessionisten meinte: sie hätten den Mut
269 1524 1679 1603 ins Herz. Aber es gibt auch Tage, da skeptische Anwandlungen über
1684 1541 3098 1608 ihrer Fehler. Toll, ungeschlacht, freventlich keck sprudelt alles bei
264 1577 1674 1649 den Weltmann kommen, fremder Frauenreiz lockt ihn von Anna
1686 1588 3096 1667 Bartsch heraus, während wir der vornehmen Darstellungsmise
266 1626 1687 1695 hinweg, die mit raschem Ahnen den Wegen Georgs nachsinnt. Sie
1687 1642 3105 1704 Schnitzlers allen Respekt zollen müssen. Was uns jedoch aus dem
264 1675 1677 1746 leidet schweigend und begrüßt den Rückkehrenden mit groß¬
1682 1692 3095 1752 Hymnus auf die grüne Steiermark in jubelnder Frische grüßt, das
269 1727 1683 1802 mütiger Wärme. Mit neugieriger heißer Liebe erwartet er sein Kind,
1678 1739 3102 1799 ist die Sicherheit gesundheitsstrotzender Jugend. Jugend, die lacht
265 1766 1672 1830 wird er die Minter als Lebensgefährtin sich gesellen? Er gelobt es
1679 1786 3100 1846 und weint, liebt und haßt, flucht und segnet, ohne irgend ein Gefühl
265 1828 1683 1893 sich, um im nächsten Augenblick das Versprechen als Last für seine
1682 1837 3103 1907 von Verantwortlichkeit gegenüber irgend einer Kritik, sondern ganz
258 1864 1686 1953 künstlerische Entwicklung anzusehen. Alles bedrückt seine Seele, die
1678 1884 3095 1937 aus starkem Daseinsgefühl heraus. Und was in dem Buch ver¬
256 1899 1684 1994 Wiener Welt, in der er lebt, deren Wirren und Kämpfe und nun
1678 1932 3095 1996 handelt wird, das ist der Lebensinhalt einer neu heraufgekommenen
266 1965 1680 2050 auch das Ringen zwischen der Pflicht, die ihm die wunschlose Hin¬
1675 1991 3089 2043 Generation. Sie ist auch in Wien vorhanden in höheren und
270 2017 1680 2082 gabe Annas auferlegt, zwischen der Pflicht, gegen sein Kind und der
1682 2033 3106 2089 niederen Sphären, ihr Denten und Fühlen jedoch lebt fernab von
265 2066 1679 2134 notwendigen Freiheit seines Schaffens. Bis der schwere Tag für die
1672 2080 3100 2141 der Gesellschaft, in der der Jüngling Georg v. Wergenthin empor¬
264 2112 1682 2183 Geliebte anbricht und der Arzt ihn nach langen Stunden sein Kind sehen
1678 2128 1930 2208 gewachsen.
258 2168 1675 2251 läßt, im Tode noch wehmütig schön. Vorüber ist's, seine ganze bis¬
1784 2176 3096 2248 Der junge Freiherr glaubt seinen „Weg ins Freie“ gefunden
260 2213 1670 2277 herige Welt sinkt vor ihm zurück, auch die Mutter seines Knaben,
1677 2207 3091 2285 zu haben, er zieht in die reichsdeutschen Lande hinaus und in der
259 2259 1687 2354 er geht hinaus in die Verhältnisse, wo erziehende Arbeit ihn
1677 2269 3094 2338 idyllischen Stille einer kleinen Residenz wird er künstlerisch schaffen,
266 2300 571 2392 fesseln wird.
1675 2330 3088 2379 das Bild der Geliebten wird über ihm walten, gleich einer Muse
380 2344 1686 2429 Um Georg und Anna herum dreht sich der bunte Reigen
1675 2372 3099 2449 des schlichten österreichischen Lieds. Ob er im Kampf mit der Ver¬
258 2385 1672 2488 jener Wiener Kreise, die bisher ihre Welt bedeutet. Die gastliche
1675 2420 3096 2493 gangenheit, mit der Erinnerung an die Welt, die er hinter sich
259 2451 1673 2527 Familie eines Bankiers mit ihren Freunden und Freundinnen,
1675 2468 3092 2529 zuruckgelassen, bestehen und ein wirklicher Freier sein wird? Jene
260 2500 1680 2578 Aerzte, Advokaten, Politiker und Künstler. Bewußt oder unbewußt
1674 2517 3098 2573 Welt zählte so viele Freigelassene und so wenig Freie und wir
262 2549 1672 2627 stehen sie alle im Bann der antisemitischen Bewegung. Eine jede
1679 2569 3099 2622 merken es nur zu deutlich in unserem öffentlichen Leben, welche
258 2591 1672 2676 Unbefangenheit ist von ihnen gewichen. Das Leid, der Schimpf, die
1676 2617 3114 2679 laute Sprache die einen führen, während die andern nur selten ihre
256 2646 1673 2719 Ausnahmsstellung, die ihnen geschehen, hat nicht bloß ihr Urteil ge¬
1682 2647 3113 2737 Stimmen erheben können oder sich in freiwilligem Schweigen be¬
260 2696 1685 2791 trübt, auch ihr Empfinden wird durch dies Hauptgefühl bestimmt.
1672 2709 2036 2792 scheiden müssen.
2830 2713 3051 2778 F. Zw.
265 2751 1682 2823 Die Alten wehren sich ornig oder hüllen sich in die vornehme Toga
2941 2743 3166 2829 —
268 2796 1678 2850 überlegener skeptischer Weltweisheit, die Jungen versuchen die ver¬
2168 2785 2577 2888 Sport.
260 2842 1677 2910 schiedensten Wege, um über die Barre, die ihnen die breite Straße
1775 2856 3091 2932 (Rennen zu Kottingbrunn.) Im Mittelpunkt der rennsportlichen
261 2902 1679 2976 verlegt, herumzukommen. Die einen, die Reichen, setzen verlegen über
1678 2909 3088 2982 Ereignisse des zweiten Tages zu Kottingbrunn steht das Herren¬
255 2934 1666 3028 das Hindernis hinweg und tun so, als ob es für sie nicht bestehe,
256 2983 1666 3073 anderc stürzen sich in das Gewühl des sozialen Kampfes und
1671 3009 3095 3075 Das Rennen wurde im vergangenen Jahre von zehn Pferden bestritten
253 3035 1670 3103 erträumen sich vom Sieg der sozialdemokratischen Propa¬
1680 3049 3101 3115 und von dem Outsider Pomali unter Leutnant v. Sibrik sehr
257 3084 1675 3186 ganda alles Heil und — Rache. Die Frauen flüchten sich
1663 3101 3104 3161 leicht vor Loredan gewonnen, während den dritten Platz der hohe Favorit
1662 3141 3100 3207 Miutanbesetzte. Der Totalisateur zahlte für den Sieg Pomalis
432 3143 1690 3289 „Der Weg ins Freie“. Roman von Artur Schnitzler, Berlin,
1670 3192 3108 3244 118:10. Auch in diesem Jahre kann das Rennen wieder sehr stark be¬
248 3188 647 3291 Verlag S. Fischer.
1657 3230 3102 3305 stritten werdev. denn es sind 15 Pferde genannt worden, von denen wohl
