3296 4096
1381 69 1729 163 box 3/3
221 75 1197 161 23. Der Neg ins Freie
2177 586 2644 720 O0 AN
997 858 1798 910 heraufbeschwören: nach so vielen Fronten
1843 841 2650 906 das Hinzutreten eines Konfliktes zwischen
1849 912 2653 971 den beiden Reichshälften würde unsere
995 904 1789 962 kämpfen zu wollen, wäre selbstmörde¬
994 954 1790 1018 risches Beginnen. Unsere Lage der englisch¬
1838 950 2455 1023 Dosition noch mehr erschweren.
991 1010 1792 1066 russisch=italienischen Koalition gegenüber
1926 1025 2460 1088 Wien, am 28. Dezember 1908.
985 1054 1797 1133 ist schon heute keine beneidenswerte, und
1617 1156 2024 1257 Rundschau.
1160 1190 1557 1286 Wes
1845 1266 2637 1326 zeitliche und örtliche Distanz voraussetzt, die dem
1002 1257 1382 1326 Erzählende Literatur.
1074 1319 1787 1378 In einem groß angelegten Werke, das die
1850 1358 2634 1418 wüste Literaturaufgebot gründlich erschwert wird.
999 1367 1785 1419 analptische Untersuchung aller typischen Erschei¬
1923 1399 2648 1448 Wer sich diese Distanz sozusagen mit Faust
996 1416 1792 1469 nungen der neuesten Literatur einem tiefen syn¬
1849 1443 2637 1503 und Hirn trotz allem schafft und wahrt und zu¬
1011 1458 1787 1502 thetischen Zweck und Gehalt dienstbar macht und den
1847 1486 2641 1540 zeiten vor die mißliche Aufgabe gestellt ist, was
1011 1497 1788 1551 chöpferischen Charakter der großen literarischen
1848 1528 2640 1588 er im Umkreis wahrnimmt, mitzuteilen, der wird
996 1542 1795 1592 Kritik aufs neue dartut, betrachtet S. Tublinski
1845 1578 2646 1627 an den außerordentlichen Verheißungen des kri¬
1006 1591 1787 1638 den „Ausgang der Moderne““ mit einem weiten
1848 1618 2641 1667 tischen Dropheten, so sehr er ihnen Wahrheit und
1004 1631 1791 1679 Überblick auf die Zukunft der Dichtung. Seine
1843 1666 2644 1722 Wirklichkeit wünscht, zuweilen recht inständig
995 1675 1791 1728 Folgerungen entstammen bei aller genauen Strenge
1841 1708 1993 1766 zweifeln.
1010 1725 1789 1772 es Urteils doch der unverlierbaren Hoffnungs¬
1929 1738 2644 1811 Unter den Kennzeichen jener modernen
996 1770 1786 1818 freudigkeit eines künstlerisch fruchtbaren Geistes,
1852 1791 2631 1839 Klassizität, die Lublinski schildert und voraus
1007 1812 1785 1864 der seinen Wünschen mit dem Rechte einer dich¬
1855 1841 2640 1892 agt, ist vor allen eines wesentlich: das ureigen¬
1002 1855 1790 1905 terischen Konzeption Erfüllung zubilligt und das
1847 1885 2640 1936 tümliche Zusammentreffen und Wirken des in¬
1002 1895 1790 1944 Endziel aus der logischen und Empfindungs¬
1850 1921 2646 1977 tuitiven Erkennens, Erlebens und naiven Schauens
998 1942 1786 1999 wahrheit vorwegnimmt. Er sieht ein Zeitalter
1841 1979 2631 2023 mit einem scharfen bewußten Verstande. Eine
1001 1983 1786 2039 einer neuen, eigentlichen, weil umfassenden Hu¬
1844 2013 2639 2061 erhöhte, ständig schwingungsfähige allgemeine
996 2033 1781 2083 manität, eine höchste Dollendung aller künstleri
1842 2062 2640 2109 Stimmungsbereitschaft gibt dem Schaffenden die
1016 2073 1781 2130 chen Gebilde voraus, wie sie den wesentlich mo
1841 2109 2634 2158 Mittel und Gegenstände des Ausdruckes. Don
1004 2118 1790 2171 dernen Lebensformen technisch, ökonomisch, ge¬
1847 2149 2637 2203 der Gegengewichtigkeit seines organisierenden,
1002 2165 1784 2214 sellschaftlich und politisch zum Teile bereits eignet,
1843 2194 2634 2245 wählenden, richtenden Geistes hängt es ab, ob er
1008 2213 1786 2263 während eine originale materielle Kultur ihres
1842 2242 2631 2295 mit ihnen einen geschlossenen, wohlgegliederten
1005 2251 1786 2309 gemäßen geistigen Ausdrucks in Kunstschöpfungen
1852 2281 2633 2329 Bau errichten kann. Jede poetische Hervorbrin¬
1845 2323 2639 2374 gung zeigt diese beiden wirkenden Grundkräfte
1000 2339 1791 2388 bloß jene Bewegung gelten dürfte, die unter dem
1850 2372 2636 2421 n einer mehr oder minder glücklichen Verbindung,
1002 2384 1795 2441 Gesamtnamen der „Moderne“ geht. Man folgt
1848 2414 2636 2466 die wahrhaft bedeutende, und sei es die motivisch
993 2433 1784 2487 mit ungemeinem Genuß dem zugleich intellektuell
1838 2462 2640 2511 kleinste Schöpfung, ruft den Eindruck voller Har¬
1002 2473 1788 2528 scharfen und kühn phantasievollen Gedanken¬
1850 2509 2635 2557 nonie hervor; jeder Impuls der Phantasie, des Ge¬
997 2521 1794 2570 gange, der die Hauptströmungen der jüngsten
1855 2545 2635 2593 ühls ist durch die beherrschende Energie und Treue
999 2569 1789 2610 Literatur aus der Vergangenheit ableitet, dann
1850 2591 2636 2647 es Verstandes, des ordnenden, zugleich befrei¬
996 2605 1783 2656 in ihrer gegenwärtigen Zweiteilung: Neuromantik
1848 2635 2641 2693 enden und bindenden Geistes gerechtfertigt,
995 2648 1785 2697 und Naturalismus auf die Erhebung der exakten
1844 2677 2634 2731 Mittel und Zwecke, Form und Inhalt werden
995 2694 1780 2738 Wissenschaften, auf die Steigerung differenzie
1844 2725 2630 2774 eins und der einzelne Gegenstand, sein Motiv
1844 2760 2638 2822 seine Aussage, sein Charakter erweitert sich zu
1842 2806 2635 2865 einem Weltbilde, wie es denn das eigentümliche
999 2825 1792 2882 gehaltes zurückführt und ihre notwendige Ver¬
1843 2855 2633 2912 Problem des Schaffens ist, von welchem Aus¬
1008 2865 1795 2918 inigung zu einer Monumentalität voraussieht,
1841 2899 2649 2965 gang der Betrachtung immer, das Ganze des
997 2914 1777 2967 in welcher eine Sputhese der jetzt noch wider
1843 2943 2161 3001 Daseins zu treffen.
1009 2957 1786 3004 treitenden Einzelkräfte zu bleibenden Formen der
1917 2984 2647 3037 Im Epischen drückt sich diese eigentümliche
993 3017 1785 3071 großen, unverlierbaren Gattungen: Lprik, Epos,
1843 3030 2645 3081 Zweiseitigkeit des dichterischen Drozesses durch
1002 3048 1334 3101 Drama sich vollzöge.
1845 3080 2626 3134 das „Finden“ und „Erfinden“ aus. Das „Finden
1067 3091 1795 3144 In solcher kritischen Bildung, die ihren um¬
1841 3118 2635 3177 ist Sache der Eingebung, der bedingten Artung
997 3137 1784 3194 fassenden Charakter selbst als Kunstwerk eines
1847 3157 2646 3214 jedes individuellen Erlebens, der unwillkürlichen
993 3182 1784 3231 modernen Humanismus darstellt, findet man eine
1855 3208 2638 3258 Einordnung aller Eindrücke unter gewisse sub¬
998 3225 1786 3273 Rechtfertigung der kritischen Hroduktion über¬
1847 3256 2630 3306 jektiv notwendige Anschauungsformen. Das tp#
999 3270 1791 3327 haupt, die aus dem Einzelnen das Ganze, aus
1852 3298 2638 3356 ische Schicksal, die einzige Möglichkeit der Deu¬
1001 3314 1788 3368 dem Besonderen das Allgemeine zu erschließen hat,
1847 3345 2633 3395 tung, Anregung, Auffassung bietet dem Schaffenden
997 3361 1783 3413 was freilich nicht bloß eine eigentümliche und
1839 3384 2620 3432 einen genau umgrenzten Kreis — einen „Fund“
994 3400 1791 3461 seltene Begabung, sondern auch eine geistige,
1905 3429 2633 3477 von Stoffen und schließt ihn zugleich not¬
1847 3471 2635 3532 wendig von anderen aus, eine Art von poetischer
1073 3461 1461 3539 * Leipzig, C. Reißner 1908.
2788 590 2887 680 0
