3296 4352
575 125 678 201 We
940 124 1062 200 Fr
762 125 877 201 in
1364 120 1735 219 box 3/2
185 123 453 215 23. D
393 143 1221 235 e1e
1170 406 2413 528 Kue-MWanan Kercnc
1520 530 2260 635 6. Helerder 100 F
1185 717 2115 835 § „Der Weg ins Freie.“
1474 792 2071 888 Von Ludwig Hiyschfeld=Wien.
1185 859 2446 937 Es ist eine rechte Freude und der feinste literarische Genuß, die
1114 916 2427 983 Entwicklung eines Dichters selbst mitanzusehen und mitzuerleben. Als
1123 965 2433 1039 Zeitgenosse dem gleichsam beizuwohnen, was man in zehn oder zwanzig
1128 1000 2436 1064 Jahren in Literaturgeschichten und im Koyversationslexikon sehr nüch¬
1126 1047 2441 1111 tern und übersichtlich beschrieben lesen sann: das Werden dieses Dich¬
1120 1092 2440 1159 ters aus spielerischen Anfängen, von denen unmutig tendenziöse Ueber¬
1126 1135 2434 1201 gänge für eine Weile ins Artistische und schließlich sogar ins Ver¬
1120 1184 2424 1233 schwommene und Unverständliche führen. Und wie dann dieser Dichter
1127 1223 2426 1291 von seinem gesunden Sinn geleitet aus dem literarischen Dickicht, in
1119 1268 2425 1315 dem man das Leben vor lauter Worten und Gleichnissen und die
1127 1303 2420 1357 Menschen vor lauter Aestheten nicht sieht, plötzlich wieder heraus¬
1123 1351 2422 1422 findet, wie er sich mutig hineinstürzt in die Wirklichkeit, unbeküm¬
1114 1397 2423 1471 mert um die verwirrende Zahl von lauten und stummen Fragezeichen;
1121 1438 1877 1495 und Problemen, die hier seiner warten.
1183 1471 2421 1571 Das ist, in allgemeine Worte gefaßt, die Entwicklung Artur
1116 1521 2424 1601 Schnitzlers. In einer Spanne von kaum zwei Jahrzehnten um¬
1111 1572 2424 1639 faßt sie eine Fülle von Stufen, von Formen und Nüancen, zu deren
1116 1616 2416 1677 Ueberwindung andere ein ganzes Leben verschrieben haben, und das
1116 1660 2408 1736 hat bei manchen of##cht ausgereicht. Um sich diesen merkwürdigen
1113 1701 2423 1778 Werdegang zu veranschaulichen, braucht man ja nur irgend zwei Werke
1109 1748 2415 1808 Schnitzlers gegenüber zu halten: das bis zum Dilettantischen ehrliche
1104 1781 2416 1862 und unbeholfene Erstlingsschauspiel, das Märchen und die raffinierte
1108 1835 2422 1909 Seelenkomödie „Zwischenspiel“. Oder die gezierte und kokette Anatol¬
1117 1881 2417 1943 tändelei und den herben tiefernsten „Einsamen Weg“. Wenn man
1118 1932 2408 1997 zwei solche Werke Schnitzlers miteinander gleichsam konfrontierte, —
1117 1970 2402 2034 sie würden sich nicht erkennen, eins vom andern nichts wissen, nicht
1111 2016 2404 2082 einmal, daß sie Kinder desselben Vaters sind. Diese verblüffende
1111 2049 2399 2124 Vielgestaltigkeit und Verwandlungsfähigkeit mag ja denen um Hou¬
1111 2102 2406 2178 ston Stewart Chamberlein, die am Menschen bloß die Schädelform
1107 2151 2412 2206 und nicht seinen wahren Wert sehen, willkommener Anlaß zu allerlei
1112 2186 2408 2261 spitzfindigen Schlüssen sein. Wer jedoch einen Dichter nicht mit dem
1109 2236 2400 2310 Zirkel, sondern mit feineren künstlerischen und menschlichen Maß¬
1110 2278 2402 2361 stäben mißt, der wird sich gestehen müssen, daß man es hier mit einer
1098 2338 2410 2401 ganz außerordentlichen Begabung zu tun hat, mit einem redlichen, ge¬
1101 2366 2402 2431 wissenhaften Künstler, der unermüdlich an sich arbeitet — vielleicht
1109 2406 2026 2478 sogar mehr, als seiner Konstitution zuträglich ist.
1169 2452 2401 2529 Seitdem Schnitzler sich in dem Novellenband „Dämmerseelen“.
1090 2497 2400 2554 als Meister einer edlen und geläuterten Erzählungskunst erwiesen
1098 2538 2400 2621 hatte, und zwar in einer intensiv österreichischen, aber gar nicht mehr
1093 2578 2403 2662 jungwienerischen Weise, wußte man, was von ihm jetzt zu erwarten
1093 2632 2399 2705 sei: der große Wiener Roman, diese ungestillte literarische
1100 2673 2397 2756 Sehnsucht der letzten Jahrzehnte. An interessanten Versuchen hat es
1090 2719 2393 2791 ja nicht gesehlt, man braucht nur an den reichbegabten J. J. David
1089 2771 2397 2829 zu denken; aber in seinen Romanen fand sich doch immer nur ein mit
1096 2805 2396 2886 den enttäuschten und verbitterten Augen des Provinzlers gesehenes
1088 2844 2395 2950 Wien, während die epische Schilderung dieser Stadt gerade das Ge¬
1094 2900 2388 2975 genteil erfordert: einen zwanglosen freien Menschen, der hier aufge¬
1092 2936 2384 3024 wachsen ist, alles kennt, alles versteht und der selbst im Zorn und im
1083 2982 2385 3050 Ekel noch zu lächeln vermag. Das alles hat man Schnitzler mit Recht
1083 3035 2403 3098 zugetraut, dem reisen Mann, der die Vierzig, diese Schwelle zum
1090 3066 2397 3148 Roman, überschritten hat, und als die Kunde von seinem Buch mit
1081 3113 2402 3188 dem wunderbaren Titel vernehmlich wurde, da bildete sich zum Emp¬
1082 3145 2388 3252 fang des Werkes ganz von selbst eine Triumphpforte von Neugierde,
1068 3202 1714 3272 von Vermutung und Erwartung.
1159 3244 2389 3320 Das soll nur gleich gesagt werden: Eine leichte, aber nicht zu
1084 3276 2390 3372 verbergende Enttäuschung hat sich beim ersten Anblick eingestellt.
1074 3317 2397 3401 Der Dichter selbst trägt vielleicht weniger Schuld daran, als das
1073 3375 2390 3457 Publikum; die Erwartungen waren zu groß, zu unbescheiden. Aber
1080 3426 2390 3507 es will manchem scheinen, daß „der Weg ins Freie“ nicht der große
1076 3461 2387 3541 Wiener Roman ist, den wir alle meinten. Gewiß, er spielt im
1074 3495 2392 3586 heutigen Wien, im heutigen Oesterreich und bringt eine Ueberfülle
1079 3553 2385 3636 von frappierenden Beobachtungen und Zügen aus unserem gesell¬
1070 3585 2383 3675 schaftlichen und öffentlichen Leben. Es sind darin sogar eine Reihe
1069 3636 2397 3719 von politischen und literarischen Episoden, Typen und geflügelten
1063 3684 2382 3752 Worten verwertet, die jedem einigermaßen Eingeweihten und zum
1079 3730 2378 3804 Teil jedem Zeitungsleser bekannt sind. Und dennoch, es ist nicht
1072 3771 2385 3834 das, was wir meinten und hofften, eine künstlerische Konzentration
1069 3813 2378 3894 des nach Einheit strebenden Durcheinanders, das man Oesterreich
1073 3866 2372 3924 nennt. Kein ruhiges übersichtliches Bild des zwischen gestern und
1073 3908 2373 3962 morgen pendelnden Wien — im Gegenteil, der Fremde, der diesen
1073 3935 2370 4024 Wiener Roman liest, wird uns am Ende für noch wirrer und un¬
1061 3978 1804 4048 ruhiger halten, als wir wirklich sind.
1146 4038 2377 4106 Es ist wohl ein charakteristischer Umstand, daß man die eigent¬
1066 4066 2368 4143 liche Fabel, den eigentlichen Helden dieses Romans gar nicht als das
