3296 4352
500 67 2638 137 in der Wohnung des großbrikannischen Untertanen wissermasen ui  genegeene
1588 123 2689 177 fing. Und so mußte von ihr, das fühlte Georg
502 139 1598 194 Robert Andersen, Wassili=Ostrow, 2. Linie 9, ein
1590 162 2689 211 tief, auch der Abschied ohne Düsterkeit und Schwere
499 179 1587 225 Einbruchsdiebstahl ausgeführt. Gestohlen wurden zwei
1582 191 2689 255 sein: ein Händedruck, ein Lächeln und ein stilles
488 219 1590 273 Kleider und eine goldene Brosche im Gesamtwerte
1583 228 2693 292 „es war schön“. — Und leichter noch war ihm zu¬
495 258 1586 302 von 1000 Rbl. — Im Hause Nr. 20 an der Gatschin¬
488 280 2691 342 staja auf der Petersburger Seite hat die Priesters= mute geworden, als sie ihm bei der nächsten Be¬
482 328 2688 381 witwe Lawrentjewa eine Wohnung inne. Sie selbst gegnung mit einfach innigem Gruß entgegenkam,
1588 353 2701 406 ohne die befangenen Töne anschmiegender Weh¬
483 369 1588 430 wohnt noch in Luga auf der Datsche. Während ihrer
1583 395 2693 444 mut, oder erfüllten Schicksals, wie er sie in den
480 417 1582 461 Abwesenheit konstatierte nun der Dwornik Baranow,
1588 423 2690 488 Worten mancher andern beben gehört hatte, die
490 448 1589 514 daß die Wohnung mittelst Nachschlüssels geöffnet und
1590 482 2686 546 zu einem solchen Morgen nicht zum erstenmal er¬
491 493 1584 530 bestohlen ist. Als Frau Lawrentjewa am 1. September
1596 514 1861 579 wacht war.
482 525 1572 574 zurückkehrte, stellte sie fest, daß verschiedene Pelz¬
1852 531 1917 581 —
1623 541 2689 604 Mit der Schilderung dieser Liebesaffäre, die von
487 561 1578 616 sachen, Oberkleider und Goldsachen im Gesamtwerte
1584 588 2688 637 seiten Georgs schon beim Eingehen auis Aus¬
481 607 1582 662 von 2000 Rbl. gestohlen sind. — Aus der Wohnung
1585 629 2692 685 einandergehen angelegt ist — daher der Titel des
488 645 1579 690 des Staatsrats Wassili Iwanow, Jamskaja 18, ha¬
1585 668 2694 714 Romans „der Weg ins Freie“ — ,wir sagen: mit
481 681 1577 734 ben am 1. September Unbekannte mittelst Nachschlüs¬
1595 703 2685 755 der Schilderung dieser Liebesaffäre aber könnte
486 723 1582 773 sels verschiedene Kleidungsstücke und Silbergegen¬
1591 746 2684 806 Schnitzler nicht einen Romanband von nahezu 500
490 763 1518 800 stände im Gesamtwerte von 1000 Rbl. gestohlen.
1588 784 2687 834 Seiten füllen. Daher muß er die an sich zu ein¬
479 796 1581 849 Der Staatsrat Popow, wohnhaft Petersburger Seite,
1580 818 2684 870 fache Handlung noch durch das Auftretenlassen von
490 823 1581 894 Großer Prospekt 14, kehrte vor einigen Tagen von
1583 859 2684 914 Neben=Personen — man könnte auch sagen Neben¬
481 878 1583 922 der Datsche in seine Wohnung zurück und stellte fest,
1580 897 2693 945 Verhältnissen, denn jeder junge Mann hat hier sein
484 911 1564 987 daß Oberkleider im Gesamtwerte von 500 Rbl. ge¬
1583 941 2388 1000 Verhältnis! — vielgestaltiger machen.
477 953 767 1018 stohlen sind.
1613 968 2684 1031 Merkwürdigerweise ist nun aber — was dem
532 970 1587 1044 An Infektionskrankheiten erkrankten
1591 1010 2633 1065 Buche ein ganz eigentümliches Kolorit gibt —
480 1015 1576 1080 in der Residenz am 31. August 167 Personen (117 männ¬
1594 1044 2682 1108 Schnitzler darauf verfallen uns als Neben=Perso¬
469 1073 1587 1124 lichen und 50 weiblichen Geschlechts), darunter 35 am
1584 1092 2683 1149 nen des Romans lauter Wiener Juden zu präsen¬
483 1118 1585 1175 Unterleibstyphus, 4 an Febris recurrens, 4 am Scharlich,
1587 1145 1751 1205 tieren.
480 1148 1584 1222 2 Personen an den Masern, 7 Personen an der Diph¬
1616 1155 2691 1226 Da ist der „berühmte“ Heinrich Bermann — ein
473 1201 1589 1248 theritis, eine Person an kroupöser Lungenentzün ung.
1592 1205 2680 1267 „hagerer bartloser Mensch mit düstern Augen und
486 1226 1582 1287 41 Personen an akutem Magen= und Darmkatarrh und
1592 1257 2688 1300 etwas zu langem, schlichten Haar, der sich in der
480 1271 1579 1318 69 Personen an der Cholera. Die meisten Erkrankungen
1586 1282 2683 1342 letzten Zeit als Schriftsteller bekannt gemacht hatte,
476 1304 1572 1384 en fielen auf den Alexander Newski= (29), Petersburger
1580 1327 2679 1380 und dessen Gebaren und Aussehen, man wußte
486 1344 1239 1405 (25) und Roshdestwenfki=Stadtteil (21).
1579 1367 2692 1432 selbst nicht warum, an einen sanatischen jüdischen
532 1379 1577 1439 Frezuenz der Kaiserlichen, Privat¬
1584 1413 2426 1475 Lehrer aus der Provinz erinnerten.“
474 1413 1573 1473 und Sommertheater, sowie Vergnügunge¬
1616 1444 2690 1496 Dieser Bermann ist der Typus des geistreichen
475 1461 1576 1508 lokale der Residenz. Am 30. August betrug die
1750 1493 2672 1548 Juden. Sentenzen schüttelt er sich nur
1583 1482 1763 1542 Wiener
468 1508 1575 1561 Zahl der Besucher: im Marien Theater — 1750; im
1576 1522 2673 1575 so aus dem Aermel heraus. Da haben wir gleich
475 1534 1574 1589 Alexandra=Theater — 1060; im Theater des Literarisch¬
1776 1562 2671 1616 „Leute, deren hauptsächliche Eigenschaft
1571 1561 1725 1618 eine:
466 1570 1199 1641 Artistischen Vereins (Kleines Theater) —
1223 1574 1564 1640 700; im Wassili¬
1573 1588 2686 1667 es ist, schön zu sein, sind doch eigentlich viel besser
473 1626 1577 1683 Ostrowschen Theater — 650; im Passage=Theater — 550;
1577 1645 2682 1697 dran als andere, deren hauptsächliche Eigenschaft
473 1659 1174 1704 im Volkshause im Alexanderpark —
1165 1651 1577 1709 6069; im Sommer¬
1577 1676 2681 1726 es ist, begabt zu sein. Wenn man nämlich schön ist,
474 1696 1570 1747 theater und Garten „Bouffes“ (Fontanka) — 3025; im
1578 1717 2682 1771 so ist man es immer, während die Begabten
469 1737 1573 1783 Theater und Garten „Aquarium“ — 250); im Zoologi¬
1582 1746 2681 1808 doch mindestens neun Zehntel ihrer Existenz ohne
474 1766 1573 1829 schen Garten — 4280; im Neuen Sommertheater (Bassei¬
1573 1798 2672 1852 jede Spur von Talent verbringen. Ja, gewiß ist
465 1816 1569 1878 naja) — 690; im Eden=Theater und Garten (Swenigorod¬
1573 1835 2680 1893 es so. Die Linie des Lebens ist sozusagen reiner,
476 1843 1551 1908 skaja) — 2720; im Taurischen Theater und Garten —
1572 1882 2644 1933 wenn man schön als wenn man ein Genie ist“
473 1893 1569 1950 2880; im „Expreß“=Theater — 120; auf der Internatio¬
1611 1896 2683 1955 Auch über die Liebe hat Bermann, der so schön
467 1927 1579 1989 nalen Kunstgewerbe=Ausstellung in der Michael=Manege
1579 1957 2672 2003 über die Schönheit reden kann, sein Sprüchlein
525 1975 1572 2023 1490; auf der Internationalen Baukunst=Ausstellung
1573 1993 2672 2041 bereit. In einer Plauderei mit einer jungen Dame
461 2004 1072 2063 in Nowaja Derewnja — 730.
1111 2015 1572 2070 Am 31. August betrug
1577 2029 2676 2095 der jüdischen Hochfinanz gibt er die folgende Weis¬
460 2034 1565 2106 die Zihl der Besucher: im Marien Theater: tags — 1750;
1578 2050 2680 2119 heit über die Liebe zum Besten:... Offenbar
465 2091 1569 2141 ebends — 1750; im Alexandra=Theater — 1084; im
1575 2112 2658 2172 bin ich innerlich zu rasch fertig mit den Dingen.“
470 2119 961 2178 Kleinen Theater: 1a#
1025 2137 1563 2182 1100; abends — 950; im
2325 2139 2675 2216 — so heißt die
1610 2141 2336 2220 „Und den Menschen,“ fügte Else
474 2170 1570 2222 Passage Theater — 519; im Sommertheater und Garten
1569 2180 2145 2252 jüdische Jungfrau — bei.
2661 2212 2748 2260 8
472 2214 1563 2263 „Bouffes“ — 3100; im Neuen Sommertheater — 1336;
1615 2214 2676 2286 „Mag sein. Es ist nur das Unglück, daß das
470 2238 1567 2309 im Eren=Theater und Garten — 2145; im Volkshause
2694 2248 2823 2299 AIEN
1579 2252 2757 2336 Gesühl zuweilen an Menschen weiter hängen oleibt,
457 2290 1564 2332 der Gäfin Panin — 700; auf der internationalen Kunst¬
1574 2303 2670 2353 während der Verstand schon längst nichts mehr mit
466 2324 1570 2373 gewerbe=Ausstellung in der Michael Manege — 1716; auf
1578 2331 2677 2389 ihnen zu tun hat. Ein Dichter — wenn Sie mir
462 2362 1561 2411 der Internationalen Baukunst=ausstellung in N waja
1572 2376 2670 2449 das Wort gestatten — müßte sich an jedem zurück¬
467 2404 1569 2466 Derewnja — 720; auf dem Volksfeste im Petrowski=Park
1576 2418 2629 2485 ziehen, der für ihn keine Rätse mehr hat
519 2438 706 2492 24.203.
1578 2457 2505 2520 also besonders von jedem, den er liebt.“
617 2463 1563 2534 Totenliste. (Aus den Residenzblättern)
1616 2488 2674 2555 „Es heißt doch,“ wandte Else ein, „daß wir
470 2514 1571 2569 Olga Nikolajewna Olferjewa (31. Au ust in Ssaransk);
1567 2523 2676 2607 gerade diejenigen am wenigsten kennen, die wir
2698 2558 2864 2617 eM
465 2557 1569 2614 Witwe eines Wirklichen Staatsrats Maria Iwanowna
1580 2579 1747 2635 lieben.“
2705 2601 2842 2653 NT
460 2599 690 2667 Lou zowa.
1608 2595 2661 2667 „Das stimmt nicht ganz. Wäre es wirklich so
583 2616 1447 2682 Totenliste aus den baltischen Blättern:
1563 2630 2862 2705 liebe Else, dann wäre das Leben schöner als es
465 2672 1452 2747 30 Aug. Katharina John, geb. Ssokolow, Dorpat.
1616 2671 2878 2745 1. Nein, diejenigen, die wir lieben, kennen wir
465 2707 1441 2787 30. Aug. Marie Ringenberg, geb. Taube, Dorpat.
1563 2721 2665 2776 sogar besser als wir andere kennen, — nur kennen
472 2753 1078 2816 31. Aug. Philipo Puls, Riga.
1562 2774 2672 2820 wir sie mit Scham, mit Erbitterung und mit der
474 2796 1431 2842 30. Ang Oskar v. Petersen. in St. Petersburg.
1573 2808 2664 2861 Furcht, daß auch andere sie ebensogut kennen als
566 2833 1569 2907 vo Voraussichtiiche Witteruna für den
1564 2856 2677 2910 wir. Lieben heißt: Angst davor haben, daß andern
471 2885 1561 2941 3. (16.) Septemher Kalt und veränderlich im Nordwesten,
1573 2890 2672 2945 die Fehler offenbar werden, die wir an dem ge¬
460 2910 1562 2974 Westen und-Zentrum; mäßig warm, trocken im Süd¬
1566 2920 2670 2979 liebten Wesen entdeckt haben. Lieben heißt: in die
469 2959 1568 3028 westen — kühler an der Wolga, trocken am Ural; kühler,
1570 2970 2688 3027 Zukunft schauen können und diese Gabe verfluchen
455 2999 1275 3062 Niederschläge im Osten und im Nordosten.
1609 3012 2667 3069 .. lieben heißt: jemanben so kennen, daß man da¬
1555 3035 2017 3096 ran zugrunde geht.“
1650 3060 2664 3134 lse lehnte am Klavier, in ihrer damenhaft¬
1566 3113 2660 3179 kindlichen Art, neugierig gelassen, und hörte ihm
457 3117 1567 3204 Arthur Schnitzler: Der Weg ins Freie.
1570 3157 2666 3215 zu. Wie gut gefiel er ihr in solchen Augenblicken.
891 3169 1203 3247 oman*).
1564 3192 2669 3255 Die hätte ihm wieder tröstend übers Haar streichen
518 3225 1579 3301 Schnitzlers neuester Roman „der Weg ins Freie“
1569 3233 2674 3298 wollen wie damals auf dem See, als er von der
539 3270 1567 3336 eine Art Enzyklopädie der Verhältnisse“. Wer
1568 3271 2664 3327 Liebe zu jener andern (gemeint ist eine kleine
470 3302 1564 3363 sich also ein „Verhältnis“ „anschaffen“ will, der
1570 3308 2660 3369 Schauspielerin) wie zerrissen war. Aber wenn er
465 3355 1572 3425 muß unbedingt den Schnitzlerschen Roman gelesen
1567 3345 2661 3411 sich dann plötzlich zurückzog, kühl trocken und wie
466 3385 1125 3446 haben. Denn exempla docent.
1567 3389 2663 3452 ausgelöscht erschien, da fühlte sie, daß sie mit
503 3416 1558 3487 Und an Exempeln für solche, die die Ehe meiden
1574 3427 2665 3485 ihm nie leben könnte, daß sie ihm nach ein paar
473 3466 1561 3544 und doch die Liebe lieben, ist in dem Schnitzler n
2180 3462 2663 3542 .. mit einem spani¬
1564 3476 2191 3533 Wochen davonlaufen müßte
470 3501 955 3566 Roman kein Mangel.
1569 3505 2515 3577 schen Offizier oder einem Violinvirtuosen...
500 3551 1569 3604 Da ist gleich der Hauptheld des Romans, der
1601 3540 2654 3600 Diese kleine Probe mag genügen um dem Leser
473 3588 1561 3644 Freiherr Georg von Wergenthin, der ein so „molli¬
1559 3587 2661 3648 ad oculos zu demonstrieren, wie forciert geistreich
465 3622 902 3682 ges“ und ach! so
890 3634 1149 3683 „bequemes“
1559 3633 2663 3700 es der Dichter in den Wiener jüdischen Salons zu¬
1155 3627 1560 3685 „Verhältnis“ hat,
463 3663 1554 3720 daß einem dabei „das Wasser im Munde zusam¬
1571 3666 1839 3733 gehen läßt.
470 3700 898 3763 menlaufen“ könnte.
1599 3687 2660 3757 Aber auch vor Banalitäten schreckt Schnitzler nicht
1554 3744 2672 3798 zurück, wenn sie nur geistreich klingen. So wird
504 3783 2669 3852 *) S. Fischer, Verlag, Berlin, 1908. (491 S.). von einem andern Wiener Juden, der den „schö¬
