3296 4352
1435 207 1807 288 box 3/2
832 207 1211 279 ins Frei
468 213 621 279 Der
652 215 759 283 Ne
257 211 1294 318 23 „14   neeenenceee
418 563 763 640 OCroßER 2, 1908.
1270 559 2228 629 THE JEWISH CHRONICLE.
1789 664 3209 710 and many a Jew or Turk whois ready to beshot down for thesake of his tradi¬
425 682 531 716 1—
477 681 623 754 A.
1791 704 3189 755 tions would have remained perfectly indifferent to the actual miracle itself.)
554 731 635 767 erte
1791 741 3198 793 Should the world still endure an innumerable term of years, the universal
1778 789 3218 822 religion will be a refined Spinozism. Reason, when left to itself, could not
592 763 1043 867 UXe
1783 818 3207 871 possibly lead to anything else.“ What is very rare seldom remains long
584 836 634 868 222
1457 843 1533 878 Aa
622 796 1542 934 —(and) BCDKHEN
1786 850 3212 898 unexplained. What is inexplicable is usually no longer rare, and has, per¬
1781 885 3201 935 haps, never been so.“ Parallel with this is another reflection of the author’s:
1789 929 3200 975 “ The commonest opinions and the things that everybody takes for granted
1774 960 3207 1009 often the most deserve examination.''—“ Isaid to myself, I cannot possibly
1781 992 3210 1040 believe that; and as I did so 1 perceived that I had already believed it a
1780 1029 3213 1090 second time.'—" The hour-glass is a reminder not only of Time's quick flight,
733 1018 1400 1084 Notes on New Publications.
1776 1068 3207 1125 but concurrently also of the dust to which we shall at last return.'—“ The
423 1082 1765 1132 The artistic beauty of the“ Merchant of Venice“ in the Lamb Shakes¬
1789 1103 3207 1157 term' divine service' ought to be applied no longer to church-going but
345 1122 1761 1169 peare has already been mentioned here (Chatto and Windus, price 1s. 6d. or
2296 1141 3215 1182 It is a golden rule that oneshould never judge
1788 1152 2302 1196 exclusively to good deeds.“¬
347 1151 1770 1201 28. 6d., according to binding). The type, the pictures, the music, make it
1779 1178 3190 1214 men by their opinions, but rather by what these opinions lead themto be.'—
355 1188 1771 1240 the daintiest conceivable of books for children. Its literary method is based
1783 1207 3210 1261 „ We read so many essays on genius nowadays, that everyone thinks that he
353 1229 1767 1281 on Lamb, but it is a great improvement on its namesake. Professor Israel
1786 1265 3201 1300 is one.'—“ Doubt everything at least once—even down to the proposition—.
350 1266 1763 1305 Gollancz tells the tale in simple prose, but though he uses Lamb he corrects
1786 1286 3200 1336 twice two are four.' Better still is the maxim I have read somewhere else:
350 1300 1766 1355 him, and what is more, cleverly introduces into the prose framework quite a
1783 1322 3211 1375 It is not always wise to say twice two are four; it is sometimes safer to
344 1337 1760 1374 large part of the play itself, the most interesting scenes and all the famous
3028 1362 3154 1419 I. A.
1780 1367 2429 1430 say: twice two are five less one.“
354 1374 1761 1422 speeches. The preface is a courageous piece of work." For the story of
343 1400 1765 1455 Shylock, Shakespeare took an old legend which had not the least truth in it,
2161 1408 2800 1465 The Road to Freedom.
350 1450 1777 1496 for no such Jew as Shylock ever existed. No Jew, even though maddened as
2140 1448 2855 1511 [From Dur Vienna Correspondent.]
354 1480 1772 1536 Shylock was by hatred and misery, ever really acted as Shylock is made to
1838 1477 3204 1551 Arthur Schnitzler's new novel,“ Der Weg ins Freie,' has, within a short
350 1516 1765 1575 do.“ That is well said. It was time that Christian children who read the
1780 1533 3205 1583 time after publication, already gone through ten editions. The Neue Freie
341 1555 1772 1613 play should be told in plain terms that its plot is false and impossible.
1788 1571 3207 1622 Presse called ita“ Viennese novel,' and completely left out of acconnt its
355 1595 1772 1648 Professor Gollancz has done a real act of piety, piety to his people, piety to
1780 1601 3203 1660 Jewish interest. The Social Democratic organ, the Arbeiterzeitung, disposed
346 1626 576 1684 the truth.
1786 1655 3210 1700 of it with the contemptuous description Judenroman and deplored the
422 1658 1767 1719 It is remarkable how successful Mr. W. L. Courtney's“ Literary Man’s
1778 1687 3205 1729 palpable degeneration of the poet. These two incidents show that the spoilt
348 1707 1765 1753 Bible'’ has proved. Four editions have been called for within a year; it can
1787 1740 3200 1773 poet of the so-called Progressives, most modern amung the moderns, Arthur
354 1747 1757 1789 now be bought for 3s. 6d. net (London, Chapman and Hall). Mr. Courtney's
1779 1752 3210 1811 Schnitzler, was not lacking in courage when he surrounded the real hero of
343 1778 1763 1819 purpose is to serve“ those interested in the higher planes of literature, who
1786 1803 3204 1838 his latest novel, the genuinely Aryan Baron Georg von Wergenthin with a
345 1820 1765 1859 desire to see the Bible treated as a work of supreme literary value.“ There
1786 1822 3206 1878 Viennese Jewish milien. It is true“ Der Weg ins Freie' is a novel of
357 1855 1763 1901 can be no just reason why anyone should find such a treatment of the Bible
1782 1870 3209 1907 Viennese life, a novel of the middle-class of Viennese society, and such a
377 1890 1765 1938 abhorrent. Even people“ who desire to regard the Bible not as a Book
1786 1911 3197 1958 book, if it was not merely to be the product of poetical fantasy without any
359 1932 1764 1969 among books, but as something so different in kind from everything else as to
1789 1953 3200 1987 application to real life, was bound to cede a place to the Jewish question.
348 1964 1753 2008 be viewed with uncritical reverence,“ are not blind to its literary beauty.
1782 1965 3205 2033 Even if the book had not been written by the Jew, Arthur Schnitzler, but by
343 1997 1763 2044 Mr. Courtney certainly succeeds in collecting“passages of supreme literary
1776 2015 3203 2063 a Christian Socialist or a National anti-Semite, the Jewish question would of
352 2039 1761 2082 value, exhibiting the highest artistic and intellectual characteristics of the
1788 2064 3208 2097 necessity have had to be treated, because it is af 6that all differentiations
349 2073 1765 2122 Hebrews. It was worth doing and is well done. The Bible may be
1775 2079 3201 2133 in Viennese, and indeed in the whole of Austri., ociety, are due to the
347 2115 1759 2161 approached from many sides; Mr. Courtney’s is not the least interesting or
1785 2114 3205 2173 various modes in which the Jewish question is appeoe ued. Every Austrian
347 2150 1756 2190 important. His use of the Authorised Version is not, however, completely
1783 2159 3200 2213 party has a Jewish plank in its platform. And when. artnur Schnitzler, the
347 2181 1775 2236 justilied. It is true that the Revised Version is less beautiful, and Mr.
1788 2191 3195 2248 author of" Lieutenant Gustl,' that delightfully greenns votire on the
351 2212 1761 2273 Courtney was right not to use it as his text. But he might have corrected
3023 2220 3204 2280 tackled
1776 2233 2935 2282 Austrian military system, which cost him a medical post###ebe
343 2262 1765 2301 clear mistakes. These are not, for the most part, confined to smaller
3068 2268 3201 2324 most
1783 2273 2908 2324 this problem one could only expect an equally courageous,
337 2291 1770 2346 points.“ Mistranslations in the ten commandments; such misrenderings as
376 2332 1764 2378 tthe tabernagle of the congregation?’; the blunder in Esther vi., 8, with
3082 2329 3203 2388 oet
1844 2322 3011 2392 In" Der Weg ins Freie,“ a.s in all the other works of Schnitzt#
343 2358 1766 2408 regard to the crown (which was put on the horse’s head, not the king's),
1773 2366 3068 2432 is influenced by the Physician. And the poet-physician performs wi
351 2405 1770 2452 might have been corrected without any loss whatever of its literary ch#em.
1780 2410 3188 2462 accessories of the latest poetical art and medical science, an operatich et
353 2433 1771 2485 Mr. Courtney does sometimes adopt the Revised Version (e.g., in Genesis
1787 2455 3205 2501 vivisection on weil-known and favourite characters indifferent to the fact
348 2469 1776 2524 iv., 23). On the other hand, there was every reason for preferri the
1785 2493 3202 2533 that the subject on his operating-table screams out at every cut and stab
342 2512 1768 2562 Authorised Version as the groundwork of a literary treatment of the Bible.
1784 2523 3203 2572 that is inflieted on its living frame, and also careless whether that hypo¬
354 2552 1349 2595 Mr. Courtney’s brok fully deserves its great success.
1776 2550 3198 2609 critica' unreliable lady called Vienna society is furions because the artist
440 2584 1762 2630 With regard to the literary study of the Bible, it may interest some
1784 2608 3200 2643 exposes othe gaping world all her outward illnesses and internal debilities.
353 2616 1769 2681 readers to have again a few remarks made bythe late Rev. S. Singer on the
1839 2644 3201 2687 Thus we get the salon of the rich Jewish export merchant, Salamon
347 2662 1767 2716 subject. The opening sentences of his sermon on“ Micah’s Ideal, delivered
1791 2672 3209 2725 Ehrenberg, who, at the instance of his wife, calls himself merely S. Ehrenberg,
350 2697 759 2749 in 1895, run thus:—
1785 2707 3201 2752 always feels unwell in his own house, and is infected with Zionism. He
339 2712 1783 2797 Itris-the growing hahit of our time to select the gems from ancient literatures,
1784 2737 3273 2794 takes advantage of a business jonrney to the East to inspect Palestine.
349 2759 1764 2814 and to set them in ornaments wilich mav still be worn. Ourage is eclective; and“
1778 2781 3192 2827 “ Perhaps,“ he says,“ it is only because Tam getting older, perhaps because 1
337 2799 1765 2858 there is an honourable aspect to this modern catholicity. We are determined to lose
1782 2816 3202 2879 read so much about Zionism and all that; but Icant helpit, I would like to
348 2838 1223 2888 nothing worth holding ofthe heritage of the past.
1778 2859 2318 2903 see Jerusalem before 1 die.'
413 2867 1763 2913 Even in the case of the Bible. where selection is hardest, the process is becoming
1847 2881 3201 2939 In this house, where the vain mother and daughter, with their leanings
349 2910 1765 2945 popular. Books of selection are appearing, sometimes the basis of choice being
1784 2923 3196 2977 to the Christians, have the upper hand, grew up the son of the house, Oskar
342 2936 1760 2978 literary beauty, sometimes religious import. The two qualities, however, are not
1785 2965 3197 3011 Ehrenberg, Lieutenant of Reserve, a revolting Jewish snob, who, for fear of
352 2969 1762 3015 separate. Excellence of style and dignity of contents frequently go hand-in-hand in
346 3001 1753 3036 the Scriptures. Hence it is that we welcome so cordially the new-born zeal for the
1785 3000 3195 3046 being disinherited, will not get baptised, but ostentatiously takes off his hat
352 3032 1761 3079 literary study of the Bible. What we want is that the Bible should be admired and
1774 3038 3205 3086 in front of every Catholic Church, and, on one occasion, gets a box on the
339 3063 1755 3097 loved. Let men enjoy its poetry, praise its eloquence, realise its artistic merits.
1782 3077 3207 3126 ears from his father for the offence. This house, too, is visited by the Jewish
346 3098 1762 3130 Literary appreciation must carry with it moral appreciation; its style cannet be
1779 3119 3196 3152 author, Heinrich Bermann, a splendidly depicted type of that self-centred,
340 3132 1257 3170 admired without its contents becoming an inspiration.
1776 3147 3207 3196 uncertain Jewish poet-mind which is always uneasy,“ because it always
342 3158 1764 3217 This passage may be found in the first of the three volumes of“ The Literary
1774 3181 3194 3233 finds itself on hostile soil.“ This perpetually brooding, painfully doubting
353 3203 1183 3251 Remains of the Rev. Simeon Singer,' p. 163.
1780 3232 3200 3267 man, gives expression to his feelings in words which will find an echo in
432 3222 1764 3288 The American Jewish Year Book is edited this year by Dr. Herbert
1776 3258 3192 3305 every intelligent Jewish heart. Speaking to his friend, Baron Georg, he says;
338 3279 1759 3334 Friedenwald, Secretary of the American Jewish Committee. The volume is
1836 3277 3206 3340 Do yon believe that there is a Christian on earth, no matter how noble, just and
346 3314 1348 3349 issued by the Jewish Publication Society of America.
1766 3341 3202 3376 true he may be, who would not, in a moment oftemper, ill-humour or anger, turn, at
418 3341 1755 3390 In dialogue form Dr. A. Flesch has published“ Der Jude.“ The author is
1774 3360 3201 3414 any rate inwardly, against even his best friend, against his wife, if they should be
347 3382 1763 3425 Rabbi in the Hungarian congregation of Mohacs, and the parties to the
1779 3397 3188 3442 Jewsor of Jewish origin? There is not one, Tassure yon. You can, morcover, make
344 3419 1764 3472 dialogue are an old-fashioned pietist and a modernised child of Judaism and
1783 3425 3184 3471 another test. Read, for example, the letters of any celebrated, otherwise quite clever
1776 3457 3199 3501 and excellent man, and notice the passages containing hostile and ironical
342 3458 1758 3508 the world. The latter gets the best of the argument; that was the author’s
1783 3480 3198 3535 references to contemporaries. In ninety-nine cases the individual will be referredto
346 3501 1759 3550 purpose, of course. It is noticeable that there has been of late a revival in
1774 3526 3198 3574 withont any mention of his origin or religion, but in the hundredth case where the
342 3537 1756 3587 the liberal camp on the continent. The party has now its organ, a monthly
1784 3555 3196 3611 offending person has the misfortune to be a Jew, the author will certainly not forget
350 3556 1768 3615 called Liberales Judentum, which is edited by Dr. Seligmann in Frankfort¬
1777 3588 2598 3632 to mention the fact. It is so, and lcan't help it.
352 3601 1766 3661 on-the-Main. It is published by the“ Vereinigung für das liberale Judentum
1851 3613 3199 3671 In the course of the subsequent conversation Bermann expresses the
347 3641 687 3696 in Deutschland.'
1778 3669 3198 3719 view that there can be no combined solution of the Jewish question, but that
429 3665 1756 3727 The new number of Freimann’s Hebrdische Bibliographie has a good
1780 3700 2747 3758 each individual must solve the problem for himself.
342 3726 1755 3769 account by Dr. S. Poznanski of the Book-lists found in the Cambridge Geniza.
1853 3739 3192 3781 In our days there will be no solution; that is absolutely certain. At least no
350 3750 1757 3802 In the same number, Dr. Porges (of Leipzig), in a discussion of the term
1783 3762 3192 3819 general solution. Rather will there be a hundred thousand different solutions,
354 3785 1762 3839 Mumar (Wolr) as a term for renegade, connects this word with Marrano,
1777 3814 3194 3839 because it is really a matter that for the present each must settle for himself in the
350 3826 1757 3870 thus offering a new etymology for the latter. Dr. Poznanski, by the way, is
1783 3834 3194 3878 best way he can. Each must see for himself how he can be extricated from his
353 3860 1761 3901 to edit the publications of the revived Societyof“ Mekitze Nirdamim,'’ whose
1779 3861 3193 3921 distress, his despair, his miserv. wherever he can onco more breathe freely. Perhaps
351 3885 1762 3946 London representative is to be Dr. Büchler. This is one ofthe best results
1782 3903 3193 3944 there are really people who will have to goto Jernsalem. Ponly fearthat many
1776 3924 3194 3973 when they have arrived at this common goal will lind that they have made a grievous
345 3938 903 3993 of the Copenhagen Congress.
1769 3962 3192 4012 mistake, 1 do not for a moment believe that such pilgrimages to freedom can be made
450 3968 1765 4017 The Reflections of Lichtenberg“ is not a new novel by Elinor Glyn.
1783 4003 3193 4040 in consort, for the roads thither do not lead out into the land but lie within us. It is
342 4000 1764 4048 It is a selection of thoughts (published at half-a-crown by Swan Sonnen¬
1781 4037 3186 4072 fereveryone thento lind his inner road. It is, therefore, necessary to look as clearly
338 4045 1755 4093 schein) by George C. Lichtenberg, who was born at Darmstadt in 1742 and
1775 4064 3188 4111 as possible into his own being, to illuminate his most hidden corners, to have the
351 4080 1761 4128 died in his fiftv-seventh year. Ascientist and satirist, and a sceptic to boot,
1779 4074 3198 4148 courage of his own nature, not to be deceived. Yes, that must be the daily prayer of
345 4112 1761 4170 he said (speaking in the third person, in a self-character-sketch):“ t is not
1779 4128 2597 4172 every respectable man: Let me not be deceived!“
1848 4135 3200 4195 Georg thought:" What is theimatter with him? In his way he is as ill as his
345 4145 1772 4196 beyond him to pray with fervour, and he has never been able to read the
