3248 4384
664 2511 727 2590 50
1452 127 2064 165 A
710 149 1417 193 aside from their somewhat unsympa¬
1461 160 2161 205 tion mania, sees antisemitism every¬
704 181 1429 229 thetic a itude, present onlythe Jew as
1468 195 2171 240 vhere. Very eleverly he obrerves
703 218 1422 268 non-Jewist society sees him. The Jew,
1460 240 2165 277 when Baron Wergenthin brings him
711 259 1425 303 as he is, is a book with seven seals
1453 270 2159 323 home and the janitor, who, as is the
711 294 1424 339 tothem. Jewish authors of real merit
1463 316 2164 358 ase in Vienna, opens the door for
704 333 1419 380 are not very numerous. The ghetto
1457 349 2169 393 him and has to walt while the friends
709 374 1421 417 novelist must be excluded because he
1451 382 2172 430 are stili talking: You know what
1452 423 2156 467 this man is calling me in his heart.
711 450 1420 506 Jew of the eraof transition in the con¬
1461 461 2166 509 He says there is no Christian who is
710 487 1419 529 flict of ghetto life with modern cul¬
1463 496 2170 544 ot an antisemite in some way, even
708 522 1420 564 ture which forces him out of his iso¬
1452 538 2173 578 those who do not show it and those
711 562 1426 604 lation. Men like Theodore Herzl give
1458 582 2161 626 who believe they are free from preju¬
711 599 1417 645 us in spite, or perhaps because of the
1460 610 2170 657 lice, will display this feeling unknown
710 637 1425 680 accuracy with which they present cer¬
1465 649 2159 693 othemselves. Still Bermann himself
710 675 1417 722 tain features, rather a caricature,
2095 686 2163 736 His
1453 688 2046 732 has the very same feeling.
2056 689 2095 723 500
708 714 1429 759 either the idealized Jew who is living
1457 718 2163 772 friend met him in tlie coffee-house
713 753 1421 794 in their imagination only, or the Cari¬
1460 767 2165 815 when a young man reads to him some
717 798 1420 843 catured Jew whom they wish to edu¬
1458 799 2161 852 of his poetry. Bermann objects to the
715 828 1179 871 cate to their own ideas.
1455 839 2169 886 word “hei' in a lyric poem. He says
746 866 1423 915 In Arthur Schnitzler we have atruly
1452 879 2165 921 very cleverly, The lyric hei' does not
707 909 1424 947 great poet; who gives us the Jew as
1454 911 2164 956 exist for you or for anyoneofus.“ He
709 945 1421 992 he sees him with the eyes of the gen¬
1453 953 2169 998 means that the subjective sentiment
712 978 1418 1024 uine great artist. Arthur Schnitzler
1457 992 2175 1037 of a true German can not exist in a
709 1019 1423 1065 is the son of the famous laryngologist,
1459 1024 2168 1072 Jew. Later, when he is alone with
712 1056 1429 1097 the late Johann Schnitzler, professor
1458 1068 2167 1110 the baron, he says that this young man
706 1094 1422 1141 of Vienna University. Himself a phy¬
1453 1109 2169 1149 is the only one whom he will tolerate
709 1131 1421 1176 sician, he has devoted himself to lit¬
1455 1141 2173 1188 of that class of people, on whose lips
703 1170 1431 1221 erature and occupies a prominent rank
1463 1184 2172 1225 there is always the “ac soi.“ He al¬
703 1208 1422 1252 in the German literature of the day,
1464 1222 2176 1261 udes to the well-known story of a
718 1247 1428 1294 which was rocognized by the fact that
1462 1260 2174 1305 Jew who is with another Jew in a
703 1286 1418 1335 he was given the Grillparzer prize this
1462 1296 2167 1337 railroad compartment and behaves
709 1323 805 1370 year.
1459 1331 2169 1371 very respectfully until he finds out that
753 1343 1425 1410 The title of his novel suggests
1459 1368 2172 1415 his companion is a Jew also; then he
710 1389 1431 1447 Herzl'’s drama, Das Neue Ghetto,“ in
1455 1403 2171 1447 stretches himself on his bench, say¬
710 1439 1427 1480 which the hero, mortally wounded in
1466 1439 2168 1489 ng, dae soi.“ The trouble with the
713 1474 1422 1515 a duel, provoked by an antisemitic
1465 1474 2176 1521 ews, says Bermann, is that they
703 1514 1422 1560 insult, says with dying words, Tell
1462 1526 2174 1562 never have respect. The baron re¬
1400 1513 1438 1591 1
708 1555 1393 1595 my péople they shall go out, Hinaus.
1464 1552 2176 1601 plies,You are more of an antisemite
717 1589 1427 1631 This “hinaus' from the unsatisfactory
1460 1600 2170 1638 than I have ever found amongst Chris¬
718 1630 1425 1674 condition of the Jews in the present
1458 1634 2173 1679 tians.“ Bermann admits the fact and
714 1666 1426 1710 age, trying to be absorbed by their
1462 1670 2164 1711 with a true insight into Jewish char
711 1705 1424 1754 environment, and unable to achieve
1463 1706 2168 1754 acter says that the Jew is especially
717 1742 1421 1786 this aim is no more solved in Schnitz
1459 1750 2168 1790 sensitive when noticing that another
711 1779 1433 1824 ler’s novel than it is even indicated in
1460 1785 2168 1831 Jew, in his presence, makes himself
717 1819 1418 1861 Herzl’s tragedy. One may even say
1455 1826 1957 1874 ridiculous or objectionable.
706 1856 1431 1903 more. The book not merely does not
1495 1851 2168 1904 Bermann has reason to be bitter.
1458 1898 2172 1942 His father, a prominent lawyer and
713 1931 1425 1975 makes the impression of a fragment. It
1461 1938 2168 1979 politician, had been a member of par¬
711 1968 1422 2009 is an episode, not a life which is pre¬
1463 1972 2167 2014 liament, and honestly believed that
712 2004 1424 2053 sented here. The hero, George von
1461 2009 2166 2055 the Jew could be considered merely
723 2042 1426 2089 Wergenthin, an Austrian baron, who
1460 2044 2176 2098 as s man by those with whom he was
714 2084 1432 2131 is an accomplished musician of great
1550 2088 2168 2130 spiritual sympathy, but times
1465 2095 1504 2130 in
712 2126 1426 2165 promise, but lacking energy, lives the
1461 2123 2168 2164 changed, antisemites became powerful,
710 2158 1429 2200 life of a social lion, moves largely, al¬
1467 2157 2168 2204 e party dropped him and he became
717 2199 1427 2241 most exclusively, in Tewish circles,
1462 2200 2167 2245 insche Young Bermann, however, be¬
708 2234 1429 2285 falls in love with a. Jewish girl, vho is
1462 2242 2166 2283 ieves neither in baptism nor in Zion¬
1465 2271 2167 2315 ism and discussing the solution of the
712 2280 1425 2323 a highly talented musician, and after
1462 2310 2175 2357 Jewish question he says that there is
711 2313 1437 2353 she had given birth to a dead child,
715 2345 1424 2390 he abandons her, casting her aside
1463 2352 2165 2392 no such thing as one kind of solution;
1458 2387 2171 2430 everybody has to look out for himself
716 2384 1437 2431 like a toy of which he got tired. We
1464 2423 2173 2468 how he shall find the way out of his
712 2422 1428 2472 never hear what becomes of him nor
1466 2459 2176 2504 despair and disgust. The way out is
718 2464 1137 2513 what becomes of her.
753 2495 1426 2545 This short summary of the book
1464 2488 1996 2548 not the same for everybody.
1501 2524 2174 2583 Another member of the circle is Leo
720 2538 1433 2579 would, however, be a great injustice,
717 2575 1423 2617 for it is actually a true work of art in
1468 2573 2173 2621 Golowski, a young man who serves
713 2612 1436 2659 its presentation of present-day Vienna
1467 2612 2170 2659 his year in the army, and is torment¬
1458 2655 2175 2697 ed by an antisemitic officer, whom he
712 2650 1434 2697 Jewish society, and for the first time
715 2690 1436 2734 perhaps a true artist has given us an
1462 2685 2177 2732 insults the day after he finished his
1471 2729 2171 2771 ear of service. He is naturally chal¬
715 2728 1434 2778 insignt into the feeling of this class of
713 2769 1435 2813 Jews, who are Jews but do not wish
1469 2762 2175 2807 enged to a duel and kiils his tor¬
1472 2799 2170 2848 mentor. In spite of antisemitic at¬
722 2801 1426 2857 to be Jews. The book breathes in its
1470 2841 2169 2877 tempts to have him treated as a mur¬
724 2841 1427 2888 whole fabric a true Vienna spirit, no¬
1468 2876 2180 2920 derer, he is merely tried for fighting
718 2878 1435 2928 ticeable. although the local dialect is
1460 2914 2172 2959 a duel, and upon the emperor’s order
722 2919 1429 2968 not used, even in the vocabulary. Not
1464 2952 2178 2997 the case is quashed. To Bermann he
717 2951 1423 3000 merely do the characters use such ex
1469 2993 2170 3032 speaks once of the wonderful impres¬
1028 2990 1315 3035 “eingehaengt'
715 2988 1009 3040 pressions like
1392 3027 1433 3070 or
1469 3031 2173 3071 sion which he had received at the con¬
735 3025 1360 3080 arm in arm, "gut aufgelegt'
1379 3065 1432 3111 but
1465 3068 2172 3110 gress at Basel. when he saw that seri¬
718 3065 1356 3117 PEs ist in der Zeitung gestanden,
1466 3104 2175 3150 ous men cried, as they heard that Pal¬
725 3104 1353 3155 even the poet himself uses such
1471 3142 2180 3186 estine can not in the near future be
717 3141 1355 3191 pressions as Spielereischachtel'
1470 3184 2181 3228 conquered for the Jews. Bermann, on
730 3183 1423 3221 Verabschiedete sich 'mit’ Heinrich!“
1464 3219 2176 3263 the other hand, says that Zionism is
715 3216 1436 3268 It would be wrong to point this fact
1469 3252 2183 3296 the worst misfortune that befell the
723 3255 1432 3303 out in a spirit of criticism. It seems
1469 3290 2182 3339 Jows. He has no more sympathy with
720 3294 1426 3343 part of the true atmosphere of the life
1468 3329 2177 3377 the Zionistic rum shopkeeper than
717 3336 1439 3375 which is presented to us, and it is cer¬
1474 3362 2181 3413 wvith the Christian socialist grocer.
723 3365 1435 3413 tainly even to the pedantic purist, bet¬
1465 3407 2183 3448 The whole idea of a Jewish state on
721 3411 1435 3459 ter than some of the instances of mod¬
1468 3440 2171 3485 the basis of religion and nationality
726 3443 1437 3489 ernism like, "der graue Duft der
1466 3478 2181 3528 was a mad challenge of the spirit of
720 3483 1440 3526 Fruehlingsschatten,“ a type of that
1463 3517 2174 3565 the age and its historic evolution,
724 3522 1433 3574 late craving for originality in expres¬
1464 3558 2177 3597 What is Palestine—a geographical
727 3562 1438 3609 sion, which, after all, is senseless; for
1470 3594 2179 3648 term? What is the faith of the fa¬
719 3602 1433 3646 shadows do not smell, nor is an odor
1464 3630 2185 3675 thers? A collection of practices which
722 3639 809 3690 gray.
1471 3671 2181 3712 vou do not observe and most of which
764 3657 1431 3722 This is, however, merely noticed
1468 3712 2177 3759 appear to you as ridiculous and stupid
724 3712 1432 3756 passingly, for it is very rare in the
1467 3748 1896 3795 as they appear to me.“
719 3748 1443 3794 book, whose great strength lies in the
1496 3783 2186 3840 One might think that here the poet
720 3781 1456 3851 Jewish characters, drawn with the
804 3873 1883 3985 ne
2197 170 2916 206 retain clear ideas about a book from
2200 200 2913 248 eading a review, no matter how ex¬
2203 241 2905 288 haustive. One has to read the book
2196 285 2908 322 in order to appreciate it, and it was
2196 317 2913 360 my object to impress upon Jewish
2197 352 2904 401 lovers of literarure their duty to take
2196 394 2915 446 up the book of Schnitzler which I
2197 438 2912 481 consider one of the, if not the strong¬
2203 455 2917 518 est presentation of Jewish sentiment
2195 509 2905 556 in our days. If they take it up, they
2201 550 2917 594 will not lay it down without haying
2195 578 2908 633 read it over and over again, for the
2196 626 2907 664 author will fascinate themf as ge fas¬
2193 658 2413 722 einated me.
2508 659 2877 722 Gorrnan Drufsen.
2858 723 2910 765 1
