3248 4384
816 202 1212 279 ins Freie
232 209 751 287 23. Der Neg
431 255 1240 318 amnnnnnumnumnn.=B##umunmmmumnummmmennsene
458 607 625 675 Seite 2.
417 712 1349 761 gutmütige Person, die Achseln zuckt, sagt er:
409 752 1348 818 „Das sind Sachen, die meine Frau nicht ver¬
499 810 587 849 20 Meugtae
608 798 1266 856 und meine Kinder noch weniger.
408 802 497 857 steht
414 847 1348 903 Aber wenn man so liest, was in der Welt
413 889 1342 952 vorgeht, man möcht' selber manchmal glauben,
408 943 1342 1002 es gibt für uns keinen andern Ausweg.“ Die¬
409 992 1336 1057 ser verklausulierte Auch=Zionist, der eigemlich
407 1041 1348 1100 keiner ist, ist der Vertreter jener im Aussterben
411 1099 1348 1146 befindlichen Spezies des kaum dem Ghetto ent¬
408 1143 1353 1202 wachsenen Geldjuden, der noch gern ein Sammt¬
410 1194 1357 1249 käppchen trägt und Gott dankbar ist, daß er
413 1242 1350 1295 ihm bei den Spekulationen oder sonstigen Ge¬
417 1291 1355 1347 schäften sichtlich begünstigte, und fürwahr es ver¬
409 1342 1355 1396 lohnt sich schon, einem so guten, braven Gott
410 1391 740 1453 treu zu bleiben.
499 1439 1345 1498 Nicht immer wirken sie unsympathisch, diese
409 1489 1346 1537 alten Ehrenbergs. .... Das schien auch Schnitz¬
404 1536 1346 1604 ler zu empfinden; er schildert zwar recht an¬
409 1583 1345 1644 schaulich, mit welchen Augen die nächste Um¬
409 1637 1340 1701 gebung den etwas selbstbewußten, kauderwelschen¬
416 1691 1344 1742 den Salomon Ehrenberg ansieht, aber er ver¬
406 1729 1346 1804 leiht ihm eine gewisse wehmutdurchsetzte Größe.
505 1785 1347 1855 In der Zeichnung dieser Gestalt zeigt sich
410 1842 1338 1910 die ganze reife Cyarakterisierungskunst Schnitz¬
408 1894 1343 1945 lers. Ein kleiner Zug genügt ihm, um uns in
412 1941 1343 2005 eine ganze Welt von Gefühlen und Anschau¬
401 1984 871 2045 ungen blicken zu lassen.
500 2025 1344 2095 Als ein Gast, der Schriftsteller Nürnberger,
409 2093 1352 2149 dem alten Ehrenberg eröffnet, daß er sich nie
409 2136 1342 2189 als Jude gefühlt habe, ruft er ihm erregt zu:
409 2182 1338 2243 „Wenn man Ihnen einmal den Zylinder ein¬
411 2230 1342 2295 schlägt auf der Ringstraße, weil Sie, mit Ver¬
414 2292 1349 2344 laub, eine etwas jüdische Nase haben, werden
415 2335 1349 2401 Sie sich schon als Jude getroffen fühlen, ver¬
405 2384 878 2452 lassen Sie sich darauf.“
497 2433 1338 2487 Nach seiner Heimkehr aus Palästina wil
406 2475 1347 2548 er zuerst nicht recht mit der Sprache heraus.
406 2527 1342 2587 Endlich gesteht er seine Enttäuschung und Ver¬
414 2584 686 2645 stimmung ein.
501 2615 1341 2689 Darauf bemerkt derselbe Nürnberger: „Also,
406 2687 1351 2730 wir haben begründete Hoffnung, Sie hier zu
414 2723 1352 2775 behalten, selbst für den Fall, daß der Juden¬
413 2776 1347 2831 staat im Laufe der nächsten Zeit gegründel wer¬
417 2821 1343 2886 den sollte?“ Unwirsch erwidert Ehrenberg:
415 2870 1349 2928 „Hab' ich Ihnen je gesagt, daß ich die Ab¬
413 2923 1335 2988 sicht habe, auszuwandern? Ich bin zu alt dazu
413 2978 1343 3034 „Ach so,“ sagt Nürnberger, „ich wußte nicht,
419 3015 1351 3071 daß Sie sich die Gegend drüben nur Ihren
419 3064 1344 3124 Kindern zuliebe angesehen haben. Jetzt findet
409 3119 1350 3186 der alte Mann die beste Abfuhr für den kon¬
409 3159 1343 3227 fessionslosen Planderer: „Lieber Herr Nürnber¬
415 3206 1349 3277 ger, ich werd' mich da nicht mit Ihnen strei¬
409 3258 1344 3323 ten; der Zionismus ist auch wahrhaftig zu gut
411 3312 1344 3370 für ein Tischgespräch!“ — Wieviele Bankjuden
412 3366 1341 3423 in Wien mögen so groß und so richtig vom
410 3413 797 3483 Zionismus denken?
498 3463 1344 3530 S. Ehrenberg ist, wie gesagt, eine Aus¬
418 3520 1343 3570 nahme. Was würde es aber dem Judentum
419 3563 1349 3619 nützen, wenn alle Bankiers so wären wie er?
412 3610 1340 3676 Krankt er doch an dem unheilvollen Fehler, sei
418 3661 1345 3720 nen Kindern gegenüber hilflos, ja lächerlich, da¬
411 3718 1346 3778 zustehen. Nichts Jüdisches vermochte er ihnen
417 3755 1342 3819 beizubringen, weder Verständnis für die Ueber¬
410 3810 1351 3863 lieferung des Volkes, noch Liebe zu diesem selbst.
411 3857 1342 3908 So kommt es, daß über seinen Sohn Oskar
409 3909 1351 3973 ein Freund sagen kann: „Was übrigens Oskar
413 3949 1341 4012 anbelangt, so möchte er gewiß lieber katholisch
419 4013 1344 4065 sein. Aber das Vergnügen, beichten gehen zu
411 4058 1355 4110 dürfen, käme ihm vorläufig noch zu teuer zu
420 4101 1346 4157 stehen. Es wird wohl auch im Testament vor¬
855 4148 1170 4196 nicht überhüpft.“
436 4160 477 4206 #
1416 201 1763 281 box 3/2
1433 603 2263 671 Frankfurter Israelitisches Familienblatt.
1380 703 2321 767 hergestellt ist, geht er auf Reisen. Das ist sein
1386 751 1696 814 Weg ins Freie.
1470 800 2312 854 Seine Schwester Else, ein melancholisches,
1391 851 2315 903 kluges Wesen, heiratet einen anglisierten Juden,
1382 897 2114 970 James Wyner, und bleibt im Lande.
1710 947 1984 1018 (Schluß folgt.)
1482 1047 2215 1157 Aus aller Welt.
1616 1151 2078 1234 Deutsches Reich.
1455 1220 2317 1280 Oerlin. Die Generalversammlung der
1386 1268 2318 1327 Gesellschaft zur Förderung der Wissen¬
1570 1312 2122 1363 schaft des Indentums,
1383 1348 2320 1394 welche am 28. Dezember abends 8 Uhr in der Aula
1385 1392 2317 1431 der Knabenschule der jüdischen Gemeinde, Große Ham¬
1382 1429 2311 1479 burgerstraße 27, abgehalten wird, hat folgende
1392 1470 2320 1517 Tagesordnung: 1. Bericht; 2. Decharge; 3. Antrag
1384 1510 2320 1550 des Ausschusses betr. Ergänzung der Satzungen. § 3c
1380 1550 2308 1605 erhält folgenden Zusatz: Der Vorstand ist berechtigt
1392 1590 2312 1634 Lehrern an Elementar= und Religionsschulen auf
1389 1630 2319 1675 hren Antrag den Jahresbeitrag auf 4,50 ¾ zu
1387 1670 2319 1720 ermäßigen; 4. Wahlen; 5. Vortrag des Professors
1383 1708 2311 1748 an der Universität zu Berlin, Dr. Nikolaus Müller:
1381 1746 2318 1789 Ueber den ältesten jüdischen Friedhof im Abendland,
1387 1788 2307 1840 die Katakombe vor der Porta Portese in Rom, au
1387 1826 2248 1870 Grund seiner Ausgrabungen und Forschungen.
1452 1866 2315 1918 Karlsruhe i. B. Der durch seine Agitation in
1380 1900 2321 1954 der Gebeibuchfrage in der gesamten badischen Juden¬
1387 1944 1803 1996 heit populär gewordene
1387 1978 2318 2031 Verein zur Wahrung der Interessen des
1377 2030 2315 2067 gesetzestreuen Judentums in Baden
1379 2066 2308 2112 beruft auf den 10. Januar 3½ Uhr in das hiesige
1381 2102 2311 2146 Hotel Lion seine Generalversammlung ein.
1392 2139 2320 2193 Auf der Tagesordnung steht u. a. ein Vortrag
1387 2187 2089 2230 des Herrn Moritz A. Loeb=Frankfurt.
1459 2219 2310 2284 Breslau. Die verstorbene Witwe des Bankiers
1377 2244 1548 2312 Hille hat
1611 2297 2086 2342 eine Million Mark
1385 2323 1645 2389 für eine
1651 2341 2314 2385 Altersversorgungsstiftung
1382 2379 2310 2426 vermacht, deren Insassen mindestens zur Hälfte Juden
1387 2420 1585 2479 sein müssen.
1588 2449 2112 2532 Oesterreich=Ungarn.
1447 2522 2320 2575 Wien. Allwöchentlich treten hier durchschnittlich
1386 2568 2210 2614 12 Juden zum Christentum über. In der
1454 2594 2251 2655 jüngsten Austrittsliste aus dem
1715 2642 1987 2693 Judentume
1388 2667 2307 2734 inden wir neben Dienstmädchen, Arbeitern, Schülern
1394 2720 2316 2764 olgende Namen: Landesgerichtsrat Samuel Waller¬
1382 2765 2313 2805 stein, Arzt Dr. Eugen Marcovici, Advokaturskan¬
1382 2799 2318 2850 didat Dr. Marcell Soial, Victor Porges Ritter
1388 2839 2317 2881 on Portheim, Arzt Rudolf Blum, Kapellmeister
1381 2879 2306 2925 Julius Katay, Pauline von Suppé, k. k. Hofschau¬
1389 2917 2057 2968 pieler Alexander Epstein (Elmhorst).
1456 2948 2312 3009 Trotz des fortgesetzten großen Abfalls bekommen
1377 2996 2256 3046 die sogenannten jüdischen Führer keine Einsicht.
1450 3037 2312 3079 Wien. Wäbrend ihm die 480 000 Protestanten
1385 3075 2014 3127 700000 Kronen jährlich kosten, hat
1385 3116 2317 3181 der Staat für die Kultusbedürfnisse
1718 3152 1979 3204 der Juden,
1380 3193 2311 3241 die 1¼ Million Seelen zählen, nicht mehr als
1877 3234 2311 3275 nämlich 10000 Kr. für
1381 3236 1868 3283 12000 Kronen übrig, —
1382 3272 2326 3320 die „Israel.=theolog. Lehranstalt“ in Wien und 2000
1383 3311 2314 3359 Kronen für die „Privatanstalt zur Heranbildung
1378 3351 2307 3395 der Lehrer für den mosaischen Religionsunterricht“
1380 3391 1597 3453 in Lemberg.
1460 3413 2312 3486 Wien. Die zion. Abgeordneten Dr. Straucher
1386 3468 2148 3518 und Genossen haben an die Regierung eine
1645 3509 2037 3566 Interpellation
1551 3544 2130 3598 wegen der „Judenpässe“
1377 3578 2308 3632 die den nach Rußland reisenden Juden auf¬
1377 3632 2308 3676 gezivungen werden. gerichtet. In dieser Interpella¬
1387 3661 2316 3713 tion heißt es: „Die Abfertigung der Inhaber von
1382 3704 2313 3751 „Judenpässen“ erfolgt an der Grenze erst nach der
1387 3740 2316 3791 Abfertigung aller übrigen Reisenden. In einzelnen
1390 3788 2309 3836 Städten, so in Kiew und Moskau, dürfen die Juden
1378 3824 2301 3869 die besseren Hotels nicht bewohnen. Laut verläß
1382 3863 2306 3907 licher Mitteilungen von solchen Reisenden werden die
1389 3899 2309 3961 Inhaber sogenannter „Judenpässe“ allerhand Schi¬
1385 3937 2306 3991 kanen ausgesetzt, denen zumeist erst durch erhebliche
1381 3980 1955 4034 Opfer abgehalfen werden kann.
1456 4017 2315 4065 Dieses vertragswidrige und feindselige Vorgehen
1379 4055 2303 4110 russischer Behörden und Amtsorgane gegenüber öster¬
1379 4102 2307 4144 reichischen Staatsangehörigen mosaischer Konfession,
1386 4134 2314 4181 die nach Rußland reisen, wird von den russischen
1388 4172 2162 4214 W
3074 613 3235 675 Nr. 50
2358 703 3243 746 der rund eine Viertelmillion Mark! — Chanul
2353 745 3240 793 Preisfrage: Wie lange dauert es in Berlin (ok
2346 776 3208 835 anderswo außerhalb Englands und Amerikas),
2358 817 3251 866 ür einen ähnlichen Zweck eine annähernd g'eic
2356 858 3250 908 Summe erzielt wird? Wie viele „Aufrufe“ un
2348 890 3209 963 „Spendenlisten“ müssen erst gedruckt werden??
2692 964 2955 1042 Rußland.
2432 1044 3241 1095 Petersburg. Der Urheber der in den letzt
2350 1085 3243 1129 Tagen viel besprochenen Duma=Interpellation üb
2552 1132 3086 1209 Wohnrecht der Juden,
2350 1201 3243 1253 die in einer der letzten Sitzungen eingebra
2355 1236 3223 1286 wurde, war der Bauern=Abgeordnete Andre
2369 1276 3174 1325 chuk aus dem Gouvernement Wolhynien.
2355 1320 3244 1366 sich über die Stimmung der Duma zu vergewisser
2353 1362 3227 1404 ließ er einen Aufruf zirkulieren, in welchem
2345 1404 3252 1451 ausführt, die Interpellation sei nicht aus nati
2348 1440 3251 1487 nalem Haß zustandegekommen, sondern habe rein ök
2347 1476 3249 1523 nomische Ursachen. Andrejtschuk kam nun mit seine
2353 1520 3251 1565 Aufruf auch zu einem andren Bauern=Abgeordnet
3030 1555 3244 1609 Gouverneme
2345 1556 2974 1601 namens Kropotow aus dem
2353 1598 3242 1645 Wjatka (Nordost=Rußland). Zwischen den beid
2348 1630 2991 1687 entspann sich folgendes Gespräch:
2419 1673 3244 1734 „Um was handelt es sich bei der Inte
2347 1711 2899 1769 pellation?“ fragte Kropotow.
2426 1738 3237 1806 „Die Juden sollen sich nicht außerhalb d
2352 1797 3051 1845 Ansiedlungsrayons niederlassen dürfen.“
2425 1834 2916 1885 „Woher seit Ihr denn?“
2428 1876 3144 1922 „Aus dem Gouvernement Wolhnnien.“
2417 1904 3162 1971 „In Eurer Gegend dürfen doch aber
2351 1952 2861 2012 schon die Juden wohnen?“
2421 1993 2603 2044 „Jawohl.“
2422 2036 3242 2086 „Nun allo, warum beunruhigt Ihr Euch
2354 2072 3250 2114 ragte Kropotow weiter. „Wenn die Juden vo
2350 2108 3250 2158 Euch weggehen und zu uns kommen, so müßtet Il
2352 2157 3251 2206 och Gott danken, wenn Ihr sie los werdet! La
2349 2195 3249 2234 sie also gehen und freut Euch! Ihr schre
2352 2234 3246 2276 immerfort, daß die Juden schlechtsin!
2348 2274 3244 2324 und jetzt kommt Ihr zu uns und bitt
2350 2316 3250 2358 uns, man solle sie ja bei Euch lasse
2348 2349 3252 2401 Tragt Ihr vielleicht Sorge um unser Woyl? Dan
2345 2384 3245 2435 seid nur unbekümmert, denn wir haben unse
2346 2431 3250 2490 eigenen „orthodoxen“ Sorgen, die vielleicht bi
2345 2465 3042 2522 schlimmer sind als Eure „jüdischen“
2421 2505 3198 2554 Darauf blieb das Wolhynische Bäuerlein
2348 2544 2662 2599 Antwort schuldig.
2409 2576 3250 2632 Helsingfors. Mitten im rauhen Winter sind je
2491 2628 3140 2674 30 arme jüdische Familien
2349 2658 3244 2714 aus Finnland ausgewiesen worden, ein Scht
2347 2704 3249 2744 sal, das jeden Tag zahlreiche weitere jüdische Fam
2349 2743 3242 2787 lien treffen kann. Darf doch gesetzlich ein In
2348 2786 2416 2828 nur
2418 2777 3244 2835 in den finnischen Städten Helsingfors, A
2345 2825 3248 2870 und Wiborg wohnen, und auch dieses Wohnred
2348 2850 3244 2910 ist mit unglaublich entwürdigenden Bestimmung
2346 2906 3244 2950 verbunden. Obwohl die meisten Juden im Lan
2353 2938 3249 2986 geboren sind, muß dessenungeachtet ein jeder vo
2355 2976 3214 3030 hnen alle 6 Monate einen Aufenthaltsschein
2351 3028 3250 3067 helten, in dem angegeben wird, daß er nur m
2354 3056 3250 3110 Zigaretten, alten Kleidern und dergleichen hande
2350 3105 3242 3161 darf. Heiratet ein Jude, so soll er nach dem Gese
2347 3133 2971 3197 aus dem Lande gewiesen werden.
2643 3249 2991 3330 Personalien.
2410 3317 3243 3379 Berlin. Im Alter von 76 Jahren verschi
2349 3367 3251 3418 Frau Geh. Kommerzienrat Alwine Lachman
2348 3410 3250 3456 geb. Kalmus, Mutter des Justizrats E. Lachman
2351 3453 3243 3495 des Vorsitzenden des Verbandes der Deutschen Jude
2347 3486 3243 3543 und Schwiegermutter des Professors Dr. Felix Liebe
2344 3527 2452 3576 mann.
2427 3556 3244 3613 Berlin. Professor Dr. Lazarus, dirigierend
2352 3597 3251 3644 Arzt des Marienkrankenhauses, erhielt das Kontu
2347 3636 3251 3689 krenz des russischen Stanislaus=Or
2347 3677 2863 3737 dens mit dem Stern.
2423 3717 3222 3772 Mainz. Bei der Vorstandswahl
2341 3758 3244 3809 israelit. Gemeinde wurde Herr S. Cah
2346 3796 3135 3838 wiedergewählt, Herr Justizrat Dr. Loeb
2352 3835 3247 3887 kannt durch seine Rede auf dem letzten deutsche
2348 3880 3249 3928 Judentag in Frankfurt a. M. — und Herr Loe
3130 3913 3237 3959 E. G.
2349 3913 2825 3968 wvensberg neu gewählt.
2422 3947 3243 4004 Kalk bei Köln. Herm. Cahn, Vorstand
2351 3993 3251 4040 nitglied der isegel. Gemeinde, wurde zum Stab
2347 4040 2812 4086 verordneten gewählt.
2422 4057 3243 4120 Braunschweig. Dr Schäfer, seit 35 Jahre
3214 4117 3252 4152 6
2351 4111 3208 4158 Oberlehrer an der Jacobson=Schule in Seesen,
2347 4151 3251 4197 hielt den Titel Prosessor Landtagsabgeordnet
