3296 4384
212 181 1220 259 23. Der Neg ins Freie
1389 185 1749 270 box 3/2
744 239 1216 299 V.PPPPPPPePPPVVe•ePPPPPPrer
1697 503 1791 577 127
580 588 1713 656 ist nicht spezifisch schwäbisch, und es ist reiner Zufall, daß
1765 583 2887 668 Inhalt der „Hochzeitsfahrt“ von Emil Hüglk.,
579 637 1699 703 es im württembergischen statt im badischen Schwarzwald
1763 648 2894 718 Er ist offenbar ein Schweizer, und gute Schweizerart ver¬
585 681 1706 743 geschehen ist. Hüglin, freudlos im Elternhaus aufgewachsen,
1763 690 2883 749 leugnet sich nicht bei ihm: bodenständige Leute, kernhafte
585 736 1705 791 vom Vater Prälaten streng christlich erzogen, ohne rechten
1757 732 2893 803 Ausdrucksweise, anschauliche Erzählungsart, Gemüt, das
572 772 1704 825 Halt an der Mutter und an sich selbst, kommt in ein
1768 779 2885 849 ich hinter rauhem Wesen verbirgt, und Humor, der sich
578 814 1706 879 Schwarzwalddorf als Pfarrverwalter. Da keimt zum ersten
1760 827 2891 889 auch bei ernsten Stoffen nicht bändigen läßt. Die Ein¬
583 856 1696 920 Mal die Liebe in ihm auf; es ist die Tochter seines
1752 866 2894 922 kleidung ist sehr hübsch: zuerst die Erinnerung an die Doppel¬
583 897 1709 970 Lehrers, das reizende Kind, das Bethle, die ihm das Herz
1753 911 2883 973 hochzeit, von der die Leute kommen; sie veranlaßt einen der
572 944 1696 1007 erweckt — eine gar liebliche Idylle, die nur leider mit einer
1755 955 2881 1019 Reisenden, zu erzählen, wie sich die beiden Paare gefunden
578 990 1696 1043 Stunde der Leidenschaft endet am Tage, ehe er in einen
1752 992 2888 1060 haben. Dann geben verschiedene Vorkommnisse im Eisen¬
570 1033 1692 1087 anderen, weit entfernten Ort versetzt wird. Daß es so
1760 1052 2888 1112 bahnwagen, die Vorgänge, die man im Vorüberfahren be¬
580 1075 1696 1134 kommen konnte, vielleicht kommen mußte, ist durchaus glaub¬
1760 1091 2655 1153 obachtet, Gelegenheit, irgend eine Geschichte
2653 1097 2884 1155 daran zu
576 1119 1692 1181 lich gemacht. Im zweiten Teil finden wir Theobald an
1755 1126 2896 1192 knüpfen, die beste, was die flotte Erzählung und die
570 1164 1704 1226 der Seite einer liebenden Frau in einem württembergischen
1751 1176 2891 1228 psychologische Beobachtung betrifft, die Dorfgeschichte „Der
572 1204 1699 1277 Städtchen. Er hat ihr nicht gesagt, was früher geschehen:
1761 1213 2884 1282 Stich ins Herz“ und die übermütig humoristische, „Der
570 1242 1695 1317 daß Bethle an der Geburt seines Kindes gestorben und
1759 1260 2889 1324 Meisterschuß“, durch den der gewesene Kaufmannsjüngling,
574 1293 1565 1358 das Kind dort im Schwarzwald in der Pflege ist.
1565 1305 1697 1358 Und
1754 1303 2880 1364 der Schriftsteller hat werden wollen und dem es mißglückt
572 1342 1704 1403 nun kommen die schweren inneren Konflikte, und zu diesen
1749 1346 2890 1416 ist, sich in eine andere Welt befördern will, während der
571 1379 1694 1443 dann bald auch die äußeren, da die Sache allmählich ruch¬
1755 1390 2886 1458 Humor in „Madame Brinets große Tat“ mir etwas ent¬
570 1426 1697 1479 bar geworden ist. Frommel versteht uns in den Gemüts¬
1754 1444 2882 1497 gleist scheint: es ist ein mißlungenes Wagstück, einen ganz
576 1466 1705 1535 zustand Hüglins ohne übermäßige Seelenzerfaserung hinein¬
1761 1484 2891 1542 ernstlich beabsichtigten Mord an dem Geliebten possenhaft
583 1513 1691 1570 sehen zu lassen, wir fühlen seins Pein mit ihm und atmen
1756 1524 2891 1581 zu schildern. Wir kommen hier über ein gewisses Unbe¬
579 1563 1689 1626 mit ihm auf, wie er sich enolich davon befreit und an das
1758 1570 2889 1640 hagen nicht weg. Das andere ist leichtere Ware, alles aber
571 1604 1706 1667 verzeihende Herz seines Weibes sich flüchtet, von dem ihn
1752 1608 2244 1673 sehr vergnüglich zu lesen.
574 1650 1695 1703 nun nichts mehr scheidet. Freilich, der Konflikt vollzieht
1828 1657 2886 1726 Ein seltenes Thema wird in Gustaf af Geijer¬
570 1686 1694 1764 sich in dem Pfarrer Theobald nicht anders, als es bei jedem
1745 1688 2891 1755 stams Roman „Die Brüder Mörk“ behandelt, näm¬
569 1735 1687 1790 anderen Menschen seiner Natur der Fall gewesen wäre, es
1751 1746 2895 1806 lich das der Bruderliebe und des Bruderhasses. Und um
572 1775 1697 1840 ist fast zu wenig der Konflikt eines Pfarrers oder gar im
1752 1788 2888 1843 es gleich zu sagen, es wird in ganz ausgezeichneter Weise
573 1820 1687 1874 besonderen eines schwäbischen Pfarrers; nur die Aeußerlich¬
1750 1829 2885 1898 behandelt. Der schwedische Verfasser hat eine so sichere Art,
568 1865 1689 1924 keiten, wie sich die Sache an der Oeffentlichkeit entwickek,
1743 1876 2881 1931 und weiß trotz einer „Vorgeschichte“ uns mitten in die Ver¬
571 1909 1700 1982 trägt schwäbisch=pfarrliches Gepräge. Im ganzen eine sorg¬
1759 1916 2888 1976 hältnisse hineinzustellen, er weiß so folgerichtig ohne jedes
571 1949 1697 2010 fältig erwogene, gut erzählte Geschichte und psychologisch,
1755 1965 2890 2012 ederne Dozieren mit voller Lebendigkeit zu entwickeln und ver¬
575 1998 1360 2058 auch volkspsychologisch nicht uninteressant.
1749 2005 2878 2060 steht, uns so in die Tiesen dieser beiden Brüdergemüter
642 2035 1691 2106 Als vortrefflicher geschichtlicher Roman ist August
1761 2057 2883 2111 ineinschauen zu lassen, daß wir vom ersten bis letzten
557 2079 1697 2140 Sperls „Die Söhne des Herrn Budiwos
1752 2093 2880 2154 Wort gefesselt werden. Die Brüder Karl und Nils Mörk,
569 2126 1697 2184 längst bekannt. Er ist nun in einer billigeren, vierbändi¬
1749 2139 2888 2196 Söhne eines schwedischen Adeligen, verschieden in ihren
571 2174 1683 2232 gen Volksausgabe erschienen und verdient diese Ausgabe
1752 2177 2881 2243 Geistes= und Gemütsanlagen, und doch von einer gewissen
570 2215 1696 2279 denn er wird tatsächlich nicht bloß den Gebildeten, son¬
1743 2215 2877 2280 Aehnlichkeit, sind in freudloser Jugend einander so nahe
563 2255 1688 2308 dern auch das Volk anziehen, obwohl der Stoff uns
1754 2267 2885 2318 gestanden wie Brüder stehen, aber das Leben bringt sie
561 2300 1693 2358 eigentlich ferner liegt. Und auch der Jugend kann er un¬
1750 2310 2873 2365 auseinander. Der jüngere, Nils, übernimmt das väterliche
569 2341 1688 2395 bedenklich in die Hand gegeben werden. Es handelt sich
1759 2351 2885 2406 But und hat sich mit ihm ganz gehörig zu schinden und
567 2393 1697 2444 um die Kämpfe der böhmischen Könige Ottokar und Wenzel
1751 2402 2875 2457 zu plagen, während Karl Offizier geworden ist. Karls
563 2428 1685 2479 einerseits mit den deutschen Rittern Böhmens, unter denen
1747 2445 2887 2488 Heirat und dann die plötzliche Erbschaft, die ihn zum rei¬
561 2472 1688 2522 das Geschlecht der Wittigonen hervorragend und führend
1748 2486 2880 2537 chen Gutsbesitzer macht, sind ein weiterer Anlaß, daß sie
559 2514 1692 2569 ist, und andererseits mit dem Kaiser Rudolf I. von Habs¬
1749 2527 2878 2576 auseinanderkommen, und die Frau des Nils schürt den
562 2560 1696 2618 burg. Sperl versteht es ausgezeichnet, jene bewegte Zeit
1755 2568 2887 2618 Zwist, während die Karls an ihm zu Grunde geht. Ein
561 2607 1681 2659 mit all ihren Leidenschaften, darunter auch den religiösen,
1747 2615 2874 2679 höchst interessantes Bild dieser zwei sehr gegensätzlichen
561 2646 1689 2713 mit ihrem Hassen und Lieben, mit ihrer Barbarei und
1739 2657 2875 2705 Ehen entwickelt sich bei dieser Gelegenheit; die des Nils
565 2690 1684 2750 Kultur vor uns lebendig werden zu lassen, und gibt ihr
1742 2699 2881 2754 ist nur mit ein paar derben Strichen gezeichnet, während
561 2736 1681 2787 einen Mittelpunkt in der Person des ältesten der Söhne des
1745 2744 2877 2794 der Verfasser auf die andere viel feine psychologische Ent¬
560 2777 1690 2835 Budiwoj, Zawisch, den das Schicksal zum Herrn Böhmens
1747 2789 2879 2835 wicklung und Schilderung verwendet hat. Immer hart am
557 2826 1688 2882 zu machen schien, als Ottokar gestorben war. Wie es kam,
1747 2830 2878 2879 Abgrund führt er uns hin, und wir fürchten, jeden Augen¬
569 2867 1691 2917 daß er es doch nicht wurde, wie sein und seines Hauses
1738 2878 2876 2933 blick, diese Menschen vor unseren Augen versinken zu sehenz
559 2908 1688 2971 Untergang sich mit äußerer und innerer Folgerichtigkeit
1750 2919 2876 2962 und auch ein äußerst zart geschildertes Liebesidyll des ein¬
566 2960 1685 3004 vollendet, das zieht in einer Reihe äußerst lebhafter und
1737 2957 2876 3019 zigen Sohnes von Karl Mörk ist nur auf ganz schwacher
560 2995 1682 3048 buntbewegter Bilder an unseren Augen vorüber — schade
1741 3008 2877 3062 Brücke über einem Abgrund aufgebaut. Dieser Roman war
568 3045 1692 3087 nur, daß Zawisch kein eigentlich tragischer Held ist, und
1746 3049 2880 3111 wirklich wert, übersetzt zu werden, und kann es getrost so
559 3085 1681 3145 so ist sein Tod denn auch mehr traurig als tragisch. Ganz
1736 3096 2718 3157 ziemlich mit allen deutschen Neuheiten aufnehmen.
563 3130 1681 3184 vorzüglich gelungen ist die Gestalt des schlauen Fuchses,
2254 3119 2806 3211 Richard Weitbrecht.
559 3169 1677 3233 der damals auf dem deutschen Kaiserthron saß, Rudolfs
560 3215 1684 3272 von Habsburg. Von dem Idealbild dieses Kaisers und
2125 3228 2497 3307 Büchereingänge.
571 3253 1687 3308 seiner Kaiserpracht bleibt allerdings für den Leser dieses
1812 3273 2871 3349 Glaeß, Mary, Klänge des Lebens. Leipzig, J. Singer.
559 3305 1679 3358 Romans nicht mehr viel übrig; dagegen begreift man,
1804 3337 2879 3388 Hillmayer, Leo, Die ersten Schritte. Gedichte. — Derselbe
563 3341 1691 3402 warum und wie er Herr wurde über alle seine Gegner.
1738 3374 2880 3417 Verlag. — Stützer, W., Rationelle Körper= und Seelen¬
559 3393 1685 3447 Und das alles hat Sperl erreicht durch das einzige Kapitel,
1747 3414 2877 3474 Diätik als Mittel zur Erreichung von Gesundheit, Verhütung
559 3436 1684 3487 in welchem Rudolf auftritt. Aber auch die Zeichnung der
1738 3452 2873 3500 von Krankheiten und Verlängerung der Lebensdauer. Derf,
560 3476 1683 3527 beiden böhmischen Könige wie ihrer Frauen, ihrer tschechi¬
1750 3491 2881 3532 Verlag. — Robert Falke, Militäroberpfarrer in Frankfurt am
557 3521 1682 3571 schen Umgebung und sehr zahlreichen Personen aus allen
1749 3526 2872 3571 Main. „Kaisersgeburtstagsfeier“ Ein Volksabend. Heft 18
561 3568 1687 3621 Kreisen des damaligen Böhmens, eine bunte Fülle von
1744 3564 2863 3620 der Sammlung Volksabende. Verlag Friedrich Emil Perthes,
1735 3612 2853 3655 Gotha. Preis geh. 0,80 M. — Graf Ernst zu Reventlow,
561 3608 1687 3653 Gestalten, ist trefflich, ob die Menschen nun mit ein paar
1743 3629 2874 3694 „Die deutsche Flotte einst und jetzt“. Ein Volksabend. H. 17
561 3648 1689 3707 Strichen und Worten vor uns lebendie werden, oder mit
1734 3670 2867 3730 der Sammnlung Volksabende". Ders. Verlag. Pr. geh. 1 M.
565 3693 1691 3749 feinerer und sorgfältigerer Ausarbeitung wie der Bruder
1799 3716 2867 3768 Captain“, Kursbuch der Passagier=Dampferlinien aller
552 3738 1696 3797 Waldenser und andere. Im ganzen ein geschichtlicher Ro¬
1732 3754 2872 3809 Meere. Ausgabe: Oktober=Dezember 1908, Berlin W. 9, Mari¬
555 3779 1688 3851 man, der sich sehen lassen kann, und seinen Wert wohl auch
1731 3798 2872 3853 tima, Verlagsgesellschaft. Preis 1 M. — Europa in Flam¬
549 3827 1338 3877 über unsere Tage hinaus behalten wird.
1730 3836 2866 3886 men. Der Deutsche Zukunfts=Krieg 1909, Raman von Michaek
638 3855 1694 3930 Von einer Hochzeit heimkehrend, sitzen die Hochceits¬
1744 3877 2873 3922 Wagebald. (Concordia, Deutsche Verlags=Anstalt, Hermann
1742 3912 2873 3981 Ehbock in Berlin W. 30, Münchenerstr. 8.) Preis geh. 2.50 M.
546 3917 1702 3973 gäste im Bahnzug und erzählen Geschichten: das ist der
