3248 4192
669 1861 1679 1965 Rassenfrage und Professoren¬
1025 1947 1347 2057 weisheit.
1284 2027 1720 2099 aber das diese eute sich als
1094 2059 1725 2128 di. Einheimischen ansehen und Sie und mich
1092 2116 1723 2151 als die Fremden, das kann man ihnen doch
1092 2145 1723 2180 nicht übelnehmen. Das ist doch schlleßlich
1090 2171 1728 2207 nor der Ausdruck ihres gesunden Instinktes
1081 2198 1732 2237 jur anthropologisch und geschichtlich feststehende
1082 2227 1727 2270 Tatsachen. Dagegen und baher auch gegen
1087 2261 1728 2292 alles, was daraus sofet ist weder mit
1084 2279 1730 2343 jüdischen noch mit chritlieen Sentimentali¬
1126 2322 1724 2405 (Arthur Schnitzler, „Der Weg ins Freie“.)
740 2376 1725 2450 In jenen furchtbaren Völkerschlachten, die ganz
649 2441 1730 2495 Europa bis tief nach Kleinasien und Afrika hinab ein
652 2485 1729 2543 Jahrtausend lang, von Cäsars Gallierkriegen bis ins
648 2532 1726 2592 IX. Jahrhundert nachchristlicher Zeit durchtobten,
649 2584 1721 2648 sehen wir die Völker sich gegenseitig vernichten und
646 2637 1721 2703 in Meeren von Blut ersticken. Wir sehen uralte Völker¬
646 2677 1727 2738 schaften vom Erdboden verschwinden und aus den
651 2722 1729 2788 Trümmern und dem unendlichen Blute neue Völker,
651 2770 1718 2831 neue Rassen, neue Sprachen entstehen. Vielfach ver¬
646 2827 1717 2875 worren und verschwommen zuerst, doch immer aus¬
653 2870 1726 2940 geprägter, immer deutlicher scheiden sich allmählich
645 2922 1727 2973 die charafteristischen Merkmale der neuen Typen. Da
652 2970 1726 3030 gibt es keine schwer zu enträtselnden Mythen aus
650 3031 1731 3083 prähistorischen Epochen, sondern der ganze Vorgang
654 3072 1727 3123 dieser gewaltigen Umwälzung spielt sich förmlich vor
650 3117 1730 3169 unseren Augen ab und wir können mit kritischem Blicke
651 3159 1714 3218 diesen Prozeß verfolgen, nicht anders, als der Land¬
646 3207 1718 3264 wirt die Produkte aus den Kreuzungen seiner Tier¬
656 3262 1722 3318 rassen beobachtet. Und wenn wir da sehen, wie aus
656 3300 1726 3356 dem brodelnden Hexenkessel von dieser beispiellosen
651 3355 1722 3405 Vernichtung, Gärung und Entwicklung einzig un¬
647 3397 1724 3472 berührt das Volk der Juden hervorgeht, da erfaßt
647 3444 1227 3522 uns ein mächtiges Staunen.
729 3495 1718 3578 Fragen wir uns nach dem Grunde dieser Er¬
654 3553 1725 3623 scheinung, nach der Kraft, die dieses winzige Volk
648 3612 1726 3662 befähigt hat, den Orkan, der die ganze alte Welt zer¬
646 3657 1731 3725 stört und eine neue Welt erschaffen hat, unversehrt zu
648 3711 1721 3767 überdauern, so finden wir eine einzige Antwort:
652 3759 1729 3812 Sein Wille und sein Gesetz. Sein Wille, der
1742 1845 2820 1926 kraft einer legendären Verheißung nach der Herr¬
1749 1918 2825 1984 schaft der Welt strebt, und sein Gesetz, das ihm mit
1740 1970 2818 2034 drakonischer Strenge die Reinerhaltung der Rasse zur
1738 2016 2824 2088 Pflicht macht und die Uebertretung dieses Gebotes mit
1740 2068 2818 2128 den schwersten Strafen ahndet. Denn es steht ge¬
1744 2110 2824 2179 schrieben: „Ich werde dir große und feine Städte
1739 2159 2824 2231 geben, die du nicht gebauet hast, und Häuser alles
1748 2213 2825 2268 Gutes voll, die du nicht gfüllet best, und ausgehauene
1742 2251 2823 2305 Brunnen, die du nicht ausgehauen hast, und Wein¬
1750 2303 2805 2364 berge und Oelberge, die du nicht gepflanzt hast.“
1745 2360 2821 2418 (Deuteronom. VI. 10.) — Das ist allerdings eine
1747 2400 2823 2466 legendäre Verheißung Jahves, des furchtbaren Juden¬
1753 2451 2819 2505 gottes, an sein Volk, doch die Legende ist Wille
1742 2493 2831 2549 geworden und bildet die Triebkraft dieses Volkes durch
1741 2544 2827 2599 die Jahrhunderte. Nur ihm, seinem auserwählten
1745 2593 2823 2658 Volke. verheißt Jahve die Herrschaft der Welt
1740 2650 2823 2707 und auch dann nur, wenn es, seinen Zorn und
1748 2691 2825 2754 seine Rache fürchtend, sich nicht mit den
1745 2733 2822 2792 „Säuen“ vermengt. Denn „keine Bastard soll
1742 2790 2818 2844 in die Gemeinde Jahves kommen, auch nicht
1744 2836 2815 2902 noch zehn Generationen“ (Deuteronom. XXIII. 2) und
1740 2887 2818 2949 verflucht und ausgestoßen ist derjenige, der „den
1745 2933 2638 3002 heiligen Samen gemein macht“ (Esra IX. 2).
1832 2991 2816 3055 Die Geschichte des Judenvolkes ist das
1742 3033 2815 3096 durch das Gesetz geregelte, beispiellos streng ein¬
1751 3087 2818 3144 gehaltene, bewußt durchgeführte Rassenprinzip,
1741 3141 2825 3199 wie es ähnlich bei keinem Volke durch die
1744 3181 2811 3250 Jahrtausende der Weltgeschichte, niemals und nirgends,
1740 3227 2078 3302 vorgekommen ist.
1837 3279 2610 3345 Und Jahves Verheißung leuchtete ihm!
1828 3319 2825 3379 Ueber die ganze Kulturwelt verstreut, doch fest
1744 3376 2818 3441 zusammenhaltend im Gefühle der Gleichartigkeit, stets
1741 3425 2826 3472 unter fremden Gastvölkern lebend, doch stets im vollen
1754 3466 2822 3535 Bewußtsein der fremden Art, die es von seiner
1744 3521 2821 3584 Umgebung scheidet, streckt es langsam, zielbewußt, zweck¬
1741 3569 2826 3626 mäßig, durchdacht die Hand nach Macht und Herrschaft
1743 3621 2825 3669 aus, nach den Gütern, die der Genius seiner Gast¬
1748 3661 2816 3727 völker erschuf. „Ich will dir Häuser geben, alles Gutes
1737 3722 2398 3777 voll, die du nicht gefüllet hast!“
1821 3764 2808 3827 Doch niemals gelänge es ihm, diesem unkriege
676 3869 1476 3935 Schönherrs Drama „Erde“. (Buchansaahe
1959 3882 2838 3943 und mehr braucht der Mensch nit!“, das ist der
1979 3929 2830 3994 mit dem er sich zufrieben in die Trostlosig¬
2371 3967 2842 4042 fügt. Allein da traten
2625 4011 2841 4077 Inhalt des
