3248 4384
802 220 1209 294 ins Freie
223 220 547 306 23. Der
608 229 757 296 Neg
1174 1337 1514 1423 Telephon 12.801.
1197 1449 1392 1516 I#—
685 1434 1162 1574 „OBSERVE
466 1559 1515 1642 österr. behördl. konz. Unternehmen für Zeitungs-Ausschnitte
578 1632 1390 1701 Wien, I., Concordiaplatz 4.
789 1703 1181 1772 Vertretungen
462 1748 1511 1816 in Berlin, Budapest, Chicago, Christiania, Genf, Kopen¬
462 1798 1510 1861 hagen, London, Madrid, Mailand, Minneapolis, New-Vork,
509 1848 1466 1899 Paris, Rom, San Francisco, Stockholm, St. Petersburg.
799 1888 1186 1943 (Quellenangabe ohne Gewähr).
462 1943 810 2011 Ausschnitt aus:
1027 1977 1442 2062 Die Zeit, Wien
578 2006 835 2096 19 1. 1900
465 2056 579 2106 vom:
1083 2054 1407 2128 Abendbleitt
635 2127 1347 2226 Theater und Kunst.
601 2215 1441 2284 Die ähnlichen Titel. Der Jurist, dessen
513 2271 1440 2317 Zuschrift über das jüngste Burgtheaterstück wir
519 2320 1437 2371 im Morgenblatt reproduziert haben, meldet sich
516 2359 1435 2407 nochmals zum Wort: „Daß Sie meine Dar¬
518 2401 1433 2457 legung über die juristische Unsinnigkeit, die sich
512 2449 1316 2504 Blumenthal und Kadelburg
1321 2452 1430 2504 als
513 2490 1427 2546 Voraussetzung zu ihrem neuen Stück leisten,
517 2533 1433 2589 im heutigen Morgenblatt gebracht haben,
519 2579 1433 2635 hat mich gefreut. Leider ist mir ein kleiner
516 2622 1431 2683 Fehler in die Feder geglitten, der aber mit dem
519 2667 1428 2718 Inhalt der Ausführungen nichts zu tun hat. In
517 2711 1431 2757 dem Artikel ist von dem „Weg ins Freie die
513 2753 1429 2808 Rede; das Machwerk der Schwankdichter heißt
513 2796 1431 2847 ja „Die Tür ins Freie'. Ist der Fehler nicht
514 2842 1429 2888 begreiflich und wird er nicht Hunderten Men¬
518 2886 1425 2937 chen passieren? Der Titel des neuen Romans
507 2932 1424 2980 von Artur Schnitzler ist einem mit Recht
513 2976 1428 3025 geläufiger als der des Schwankes. Eigentlich
506 3019 1425 3071 liegt hier ein halbes Plagiat vor. Und
509 3058 1424 3111 stand der Titel des Schwankes etwa schon vor
505 3103 1427 3155 dem Erscheinen des Schnitzlerschen Romans fest,
517 3157 1416 3202 o hätte er, um jede Mißdeutung zu meiden, ge¬
507 3194 1417 3246 ändert werden müssen. Es wird dem Dichter
505 3232 1429 3296 Schnitzler wahrhaftig nicht angenehm sein,
505 3279 1427 3331 seinen Titel oft und oft verwechselt zu sehen;
503 3327 1429 3383 man läßt sich eine Verwechslung nicht einmal
509 3370 1424 3425 gern gefallen, wo sie schmeichelhaft ist; in diesem
510 3413 1453 3469 besonders schweren Fall mag sie sogar peinlich
500 3451 609 3522 sein.“
1396 217 1748 298 box 3/2
2167 911 2528 965 —  ——
2015 909 3023 1027 s alles nichts Neues. Jede große Organisation muß
2018 971 3029 1075 gen ähnliche reaktionäre Hemmungen ankämpfen. Die
2014 1019 3034 1125 rbeiter müssens, die zu Vaterlandsfeinden gestempelt, die
2021 1064 3034 1169 rivatbeamten, die als kleinbürgerliche Schreier und von
2025 1108 3029 1230 entenhysterie ergriffen hingestellt werden (man denke
2020 1170 3042 1269 i den Versuch der bayrischen Industriellen, die Organi¬
2021 1258 3050 1368 aremsdumen; wehe dem verwegenen Bagdader, der noch
2020 1311 3045 1410 tstwandeln wollte unter Dattelpalmen, Bananenstauden
2447 1340 3051 1410 hier war das Reich des Paschas,
2019 1376 2446 1442 1 Orangenbäumen —
2022 1384 3047 1480 ier ruhte er an seinem Weinfaß inmitten seiner Favori¬
2025 1424 3057 1517 nnen. Von der Handwerkerschule erzählten bald Sagen;
2025 1464 3058 1561 ie schönste Bagdader Dame trug wieder plumpe Sanda¬
2033 1497 3053 1595 n. Die Wasserleitung vertrocknete, das Spital wurde ge¬
2645 1536 3054 1603 — solches Werk sah
2025 1560 2648 1640 hlossen. Ein Spital für das Volk
2027 1577 3061 1672 inem Midhat ähnlich: Midhat Pascha delidyr, Midhat
2026 1655 2341 1713 zascha ist verrückt!
2066 1650 3058 1748 Der verrückte Midhat kam nach Konstantinopel und
2030 1692 3074 1790 vollte nun im großen schaffen, was er in Bagdad im
2032 1728 3074 1836 leinen geleistet. Er bekämpfte die Plagen des Landes, er
2026 1770 3073 1866 erjagte die Korruption, er entwurzelte den Despotismus
2036 1813 3078 1908 ind gab dem osmanischen Reiche eine Verfassung. Es war
2040 1848 3073 1947 u früh, und wie seine Lokomotive blieb er selbst stecken
2036 1885 3076 1987 ind ihr gleich, ging er in Arabiens Wüste als ein von der
2044 1924 3081 2031 öchsten Höhe Hinabgestürzter und rettungslos Verbannter
2041 1965 3084 2064 zugrunde. Aber nur seinen Leib konnte man töten, sein
2033 2003 3076 2103 Geist blieb unter seinem Volke und feiert heute seine Auf¬
2041 2048 3080 2139 erstehung vor den Augen desselben Sultans, der ihn für
2031 2106 2622 2194 immer zerstört zu haben wähnte.
2507 2144 2632 2217 .—
2201 2211 2937 2317 Die beiten Bücher des Jahres.
2674 2275 3054 2354 (Nachdruck verboten.)
2294 2334 2788 2414 Romane und Novellen.
2112 2379 3102 2475 Der Begriff: die besten, ist anmaßend und ungerecht,
2049 2428 3096 2514 dennoch ist die subjektive Wertschätzung der einzige Weg,
2055 2458 3105 2555 auf dem Ratschläge und Fingerzeige nutzbringend anzu¬
2055 2496 3110 2589 wenden sind. Der Deutsche entdeckt vor Weihnachten sein
2057 2534 3107 2629 literaturfreundliches Herz, das ist ein Faktor, mit dem
2059 2577 3113 2674 Autoren und Buchhändler rechnen. Die Fülle der Ein¬
2059 2617 3117 2709 gänge steht in umgekehrtem Verhältnis zur Kürze der
2063 2650 3118 2745 Frist, das unbeirrte Gleichmaß der Kritik kommt ins
2070 2686 3118 2781 Wanken, die Literaturrubrik wird zur Auskunftei, und
2071 2723 3122 2820 Büchertitel dringen ins Feuilleton . .. als wenn die Welt
2074 2774 3004 2859 voll' Bücher wär' und wollt' uns schier verschlingen.
2128 2790 3125 2896 Der Begriff: die besten, also sei so weit genommen, als
2072 2843 3125 2936 allgemeine und lokale Ansprüche es verlangen. Der neue
2072 2886 3136 2979 Lilieneron etwa oder der neue Falke zählen literarkritisch
2074 2921 3135 3014 gewiß nicht zu dem bedeutendsten Ertrag des Jahres. Trotz¬
2077 2967 3130 3055 dem dürften beide Romane in dieser Aufzählung um der
2078 3002 3136 3099 Persö nichkeit ihrer Dichter willen wie aus lokalen Gründen
2083 3037 3138 3139 nicht fehlen, wenn wir ihnen nicht schon — ähnlich wie dem
2420 3073 3140 3152 — ein eigenes Feuilleton eingeräumt
2086 3111 2421 3171 neuen Sudermann
2086 3125 3139 3212 hätten. Zweier weiblichen einheimischen Autoren, die nun
2085 3156 3143 3251 beide zu den Toten gehören, wurde mit ihren Nachlaß¬
2097 3192 3145 3285 werken gedacht: der armen Ilse Frapan und der hundert¬
2102 3231 3138 3330 ährig verstorbenen Elise Averdieck. Otto Ernst steigt mit
2098 3268 3147 3370 seinem Doppelbande „Asmus Sempers Jugendland und
3090 3310 3144 3354 zu
2534 3313 3058 3381 "(Leipzig, L. Staackmann)
2101 3339 2538 3405 „Semper der Jüngling
2101 3341 3155 3445 schwindelnden Auflageziffern. Freussen läßt noch auf sich
2089 3384 3158 3487 warten. Von Dehmel, dem Größten unter allen, wird noch
2088 3465 2344 3536 zu reden sein.
2161 3463 3144 3565 Richard Huldschiner ist gleich mit zwei Romaner
2100 3503 3145 3594 bei der Hand, die einander auf das glücklichste ergänzen
2101 3547 3138 3648 Ist der — den Lesern der Neuen Hamburger Zeitung au
3080 1007 3198 1067 letzten
3076 1056 3189 1101 mmen
3085 1094 3183 1142 itung,
3087 1132 3189 1182 ich in
3090 1169 3188 1218 lichen
3100 1250 3191 1299 Pun¬
3099 1284 3191 1335 kraft
3104 1325 3189 1374 ohen
3103 1365 3187 1418 vert.
3112 1441 3187 1485 esen
3113 1477 3185 1535 äßig
3114 1557 3185 1602 jabe
3116 1596 3189 1646 mmi¬
3117 1638 3181 1681 inte
3125 1670 3188 1721 mil
3123 1713 3192 1775 er¬
3125 1770 3190 1841 gs=
3130 1830 3188 1877 chs
3147 1942 3190 1988 S=
3145 1982 3182 2028 es
3141 2061 3183 2111 g¬
3148 2134 3189 2192 s
3144 2179 3186 2225 j¬
3149 2219 3186 2260 te
