3248 4192
741 240 1180 320 ins Freie
176 243 717 341 23. Der Neg
375 260 1742 362 e Lussfiel box 3/1
366 1338 2320 1417 Vom Hemeanomalte Dier ein Jahrer dulch Es gelangen unter der Leitung des Herrn Musik= meln.
257 1367 1243 1452 die Industrie und das Kunstgewerbe des Erzge¬
1222 1400 2204 1454 schuldirektors Metzier folgende Tonstücke zum
1236 1428 1456 1509 Vortrage:
252 1432 1235 1492 birges herausgegeben werden, um Besuchern und
2318 1466 3016 1547 Für Sommerwohnungen
264 1482 1242 1543 Interessenten des Irzgebirges Auskunft zu erteilen,
1309 1472 2205 1552 1. Hochzeitsmarsch aus der Musik zu Shakespea¬
257 1507 1229 1587 wo und in welcher Weise die einzelnen Industrie¬
1239 1504 2211 1600 res „Sommernachtstraum“ von Mendelssohn = Bar¬
2565 1524 2775 1594 empflenie
2992 1525 3134 1603 16018
1220 1566 1392 1628 tholdy.
255 1567 1191 1621 und bewerbezweige hauptsächlich vertreten sind.
2233 1559 3114 1639 Eisenmöbel, Kastenbetten, Matratzen Decken,
1356 1585 2223 1667 Entreakte und Bacchantentanz aus der Oper
2294 1615 3042 1676 Teppiche und Vorlänge, Garten-Möbel
1205 1613 1954 1703 „Philemon und Baucis“ von Gounod.
2365 1665 2974 1753 Ignaz Gottwald, Prag.
264 1673 527 1762 S
2293 1734 3073 1810 Reich illustr. Preisbücher gratis und franko.
264 1746 2211 1816 sichten führen läßt, den Zionisten und Assimilanten, unterläßt, die Zustimmung, die er für den einen
270 1801 2202 1855 den Verbitterten, den Nichtjuden, gewiß das Beste oder anderen empfindet, auch laut werden zu lassen
258 1835 2201 1909 und Treffendste, was über diese Frage je gesag' und daß er alle seine Sympathie immer erst zum
257 1886 2210 1958 wurde. Er läßt den fast ausschließlich in aristo= Schluß, wenn er sich von seinem Freunde trennt,
2391 1794 2960 1981 Von Fag.
269 1935 2205 2004 kratischen Kreisen verkehrenden Willn Eißler sagen: durch einen wärmeren Händedruck oder durch ein
1226 1972 2129 2051 nachdruckvolleres „Auf Wiedersehen!“ kundgibt.
269 1981 1245 2035 „Ich hab' nämlich eine unüberwindliche, auch durch
2342 1925 3005 2047 Prof. Dr. hans Molisch.
1332 2010 2206 2078 Wird Wergenthin den Weg ins Freie finden?
266 2007 1245 2090 Blut nicht abzuwaschende Abneigung gegen die
2286 2038 3167 2120 Wie im Abendblatt bereits gemeldet wurde
1239 2061 2203 2118 Er hat sich freig macht von der Verstrickung des
265 2058 1236 2133 Leut', die sich bei den Juden anfressen und schon
2196 2082 3167 2159 Professor Dr. Hans Molisch zum wirklichen Mit¬
1235 2111 2199 2183 Herzens, die ihn am längsten und am festesten zu
269 2097 1233 2179 auf der Treppe übe sie zu schimpfen anfangen.“
2189 2146 3171 2204 glied der Tkademie der Wissenschaften ernannt. Da¬
1237 2155 2198 2209 binden drohte. Er glaubt seinen Weg im Dienste
374 2142 1238 2204 Der alte Ehrenberg, ein vielfacher Millio¬
1237 2198 3173 2252 der Kunst nun ungehindert führen zu können, wir mit ist Prof. Molisch eine Ehrung zu teil gewor¬
267 2183 1249 2251 när, in dessen Haus ein internationaler Verkehr
2188 2226 3174 2294 den, die ihm als einer wissenschaftlichen Größe vor.
1243 2236 2200 2293 aber glauben ihm nicht. Er wird in neue Ver¬
260 2242 1246 2305 herischt, sagt einer jüdischen Sozialdemokratin:
2194 2271 3179 2336 anerkannter Bedeutung, dem erfolgreichen Gelehrten
1237 2271 2197 2332 strickungen geraten, das Leben wird ihm zwischen
270 2271 1246 2351 „Es wird Euch jüdischen Sozialdemokraten geradeso
2194 2317 3179 2371 und Universitätslehrer, nicht zum geringsten wegen.
272 2326 2207 2388 ergehen, wie es den jüdischen Liberalen und Deutsch= Abenteuern hinfließen wie ein Traum, und wenn
2196 2358 3182 2427 seiner Verdienste um die wissenschaftliche Ausge¬
1234 2371 2199 2437 der Träumer, der zuweilen mystische Anwandlungen
268 2371 1247 2442 nationalen ergangen ist. Wer hat die liberale Be¬
2196 2398 3175 2459 staltung der Prager deutschen Universität, wohl an¬
1237 2418 2208 2488 hat erwachen wird, dann wird das Leben ver¬
271 2421 1242 2476 wegung geschaffen? Die Juden! ... Von wem
2191 2444 3191 2512 steht. Prof. Molischs tatkräftigem Eingreifen hat
1241 2439 1509 2529 flossen sein.
271 2460 1243 2511 sind die Juden verraten und verlassen worden?
1330 2490 3176 2562 Auch für die Juden hat Schnitzler den Weg es — wie wir an dieser Stelle nochmals hervor¬
270 2493 1256 2558 Von den Liberalen. Wer hat die deutschnationale
1239 2522 3172 2595 ins Freie nicht gefunden. Er zeigt, daß alle die heben — die Prager deutsche Universität zu ver¬
261 2526 1247 2610 Bewegung in Oesterreich geschaffen? Die Juden.
2201 2583 3184 2652 danken, daß sie seit dem Jahre 1898 an Stelle des
1241 2589 2209 2654 verschiedenen Juden, die die verschiedensten
277 2577 1159 2641 Von wem sind die Juden im Stich gelassen.
1242 2626 3181 2684 Wege ins Freie suchen, nicht zum Ziele gelangen. alten unvollkommenen und vernachlässigten pflan¬
276 2608 1248 2689 was sag' ich im Stich gelassen . .. bespuckt worden
2192 2657 3174 2725 zen-physiologischen Instituts, das in unzureichenden
1239 2660 2143 2750 Und so geht es ihm in dieser Frage selbst ...
265 2677 1255 2720 wie die Hunde? Von den Deutschen! Und geradeso
1335 2729 3171 2772 Tief ergriffen denken wir diesem Buche nach. Räumlichkeiten von Privathäusern untergebracht
276 2715 1266 2785 wird es ihnen jetzt ergehen mit dem Sozialismus
276 2747 3187 2819 und dem Kommunismus. Wenn die Suppe erst Es ist voll von einer wehmütigen Schönheit voll war, einen modernen Neubau, ein neues, den Auf¬
2201 2792 3183 2883 gaben und Zielen der allgemeinen Botanik ange¬
265 2815 1161 2874 aufgetragen ist, so jagen sie Euch vom Tisch.“
1230 2806 2198 2871 von jenem Rosenduft, in dem sein Held sich badet.
2196 2831 2652 2914 paßtes Gebäude besitzt.
392 2859 2202 2916 Schnitzler identifiziert sich nicht mit allen Alle Personen stehen lebendig vor uns und wir
2296 2874 3181 2958 Prof Hans Molisch wurde — wie wir der
274 2887 1257 2955 diesen Aeußerungen, er läßt in objektiver Weise
1244 2902 2215 2954 wollen ihnen gar nicht Adieu sagen. Das sind lauter
2201 2915 3141 2991 Zeitschrift „Geistiges Deutschland“ entnehmen —
275 2941 1251 2987 die Meinungen über die Kämpfe der Juden unter¬
1239 2944 2203 3012 Menschen, deren Schicksal sich noch nicht vollendet
2194 2964 3183 3044 am 6. Dezember 1856 in Brünn geboren. In früher
277 2970 1256 3035 einander und gegen ihre Entrechtung laut werden.
1239 2981 2204 3041 hat, und wir zweifeln nicht, daß auch der Dichter
2204 3020 3179 3095 Jugend, schon als Gymnasiast, beschäftigte er sich
273 3030 2205 3089 Er schildert ausgezeichnet, wie Baron Wergenthin, sich nicht von ihnen trennt und daß er sie in einem
2195 3052 3177 3117 mit Vorliebe mit der Botanik und publizierte be¬
279 3074 1251 3129 der von jedem Vorurteil frei ist und sehr viel mit
1244 3080 2201 3143 neuen Werke uns wieder zuführen wird. H. T.
2193 3102 3179 3167 reits 1879, nachdem er drei Jahre an der philo¬
280 3112 1256 3159 Juden freundschaftlich verkehrt, doch immer er¬
1751 3134 1862 3211 —
2193 3138 3183 3214 sophischen Fakultät der Wiener Universität imma¬
278 3148 1264 3210 staunt ist, daß die Juden mit ihm über ihre Sache
2197 3185 3190 3274 trikuliert gewesen war, seine erste Arbeit über
286 3198 1308 3277 sprechen. Es kennzeichnet Wergenthin, daß ex es!
