3248 4096
60 849 111 898 ks,
71 1598 112 1654 ste
67 1223 116 1283 In
97 1277 137 1317 so
105 3237 145 3292 at
376 830 564 911 Geschwätz
304 897 566 960 der Luftreise
379 943 563 1007 überklug,
274 988 559 1050 u fremden, zu
365 1037 559 1100 und gegen¬
297 1080 559 1143 rnehmung des
346 1130 552 1192 ngweiligen,
320 1178 557 1239 wie charak¬
335 1267 554 1329 chau halten,
378 1317 554 1378 uns die
378 1359 558 1429 Wort von
377 1410 559 1476 eine ge¬
387 1457 553 1516 die eine
361 1507 554 1561 der gegen¬
375 1552 555 1616 och lässige
391 1600 552 1657 rals er,
399 1642 557 1705 es Tem¬
393 1692 556 1750 iegenen,
407 1739 558 1797 Kindes
392 1785 548 1846 Die sehr
391 1832 552 1894 kbarsten
392 1877 558 1941 Rosner
407 1927 556 1985 ter Ge¬
395 1974 558 2035 der nach
393 2020 557 2081 en, hegt
395 2063 555 2126 beiführt.
391 2114 555 2172 diesem:
396 2162 552 2216 rwinden
397 2210 553 2273 behagen
408 2259 548 2324 ß jeder
405 2342 549 2412 hnitzler¬
419 2393 542 2450 amilie
423 2443 541 2508 ebert“.
426 2537 548 2595 öhnte,
426 2585 547 2643 iefung
426 2632 541 2680 rvor¬
408 2675 550 2734 vitwers
431 2723 551 2781 inchen
427 2771 552 2836 n die
410 2814 541 2879 Seelen¬
435 2862 542 2920 , bei
455 2911 539 2971 sseln
438 2960 547 3013 andes
430 3005 542 3061 d das
410 3051 539 3110 er Ge¬
434 3099 545 3158 ei der
416 3143 540 3206 tunden
394 3195 540 3251 ehr zur
393 3239 539 3298 Neigung
407 3287 544 3347 f samt
440 3330 533 3398 bis
928 93 1172 168 Freie
573 90 659 171 e
745 92 894 172 ins
1356 91 1701 192 box 3/3
579 112 1182 214 K n n  e
1488 733 1873 828 Literarische Rundschau.
2374 744 2486 824 237
899 845 2475 914 wir doch nicht mehr mitgehen, denn so entbehrlich vorn das wiederholte „Ich
887 900 2483 958 weiß nicht, ob man sich erinnert .. .“ des Autors ist, so laut verneinen wir gegen
886 949 2470 1006 den Schluß hin seinen ewigen Kehrreim „Und es kam, wie es kommen mußte“. Es
894 989 2480 1052 mußte nicht so kommen, daß Henriette nach einer jähen Hingebung gegen ihre passive
894 1041 2474 1093 Natur sich erdolcht und an Kößling einen langen Scheidebrief richtet mit dem offenen
900 1088 2480 1142 Bekenntnis ihrer Liebe zu Jason, der nun diese Blätter zufällig liest. Was denn
898 1128 2478 1203 freilich die Gewaltsamkeit der letzten Motive durch ein des Ganzen würdiges, er¬
893 1176 1393 1259 greifendes Finale begütigt.
990 1204 2477 1286 Unsre Wanderung kann ungesucht einen schier konfessionellen Gang nehmen.
889 1266 2469 1334 Ich eile notgedrungen an Max Dreyers vom frischen Ostseewind umwittertem,
898 1324 2476 1382 vielleicht besser mit innerlicher Entsagung als mit einer äußeren Katastrophe be¬
901 1367 2470 1427 schlossenem Roman, der Liebe eines alternden Mannes, vorbei („Ohm Peter“;
894 1412 2468 1466 Stuttgart und Leipzig, Deutsche Verlagsanstalt), die an Jasons und Jettchens
894 1465 2478 1514 Herzensgeschichte derber sich anreihen könnte, und schiebe Felix Holländers neuestes
907 1510 2475 1563 Werk noch zurück, das rührend angelegte Leben und Leiden eines unehelichen Knaben
901 1554 2473 1615 („Agnes Feustels Sohn“; Berlin, Schottländer), um spät, doch für ein bedeuten es
903 1603 2479 1660 Buch nicht zu spät, Pastor Nithack=Stahns theologischen Roman wenigstens zu
902 1650 2478 1704 streifen. Schon sein Urchristendrama, das voriges Jahr in den Dienst erbaulich¬
903 1692 2479 1759 wohltätiger Zwecke Berlins gestellt wurde, verriet ein ungewöhnliches dichterisches
903 1743 2473 1804 Können. „Der Mittler“ ist aus einem unbefangenen Geist geboren, der den Be¬
907 1788 2477 1842 harrenden und den vor# ärts Drängenden versteht, und welcher Widerstreit zwischen
902 1839 2476 1900 ihnen entspringt, der ohne eigenes Schwanken die eigentümliche Schwierigkeit erwägt,
902 1885 2480 1935 daß die Theologen von Amts wegen Wahrheit besitzen sollen und ihr Brot an einer
897 1930 2479 1986 Gewissenssache hängt. Er predigt und doziert keine Christologie, sondern führt,
903 1978 2483 2037 ohne doch die Kirchenlehre zu verblasen, durch ein erlebtes Suchen, Irren, Finden
908 2026 2472 2085 zu der Gewißheit, daß ein Mensch den Menschen Mittler des Guten sein kann,
904 2067 2484 2128 damit sie an den großen unsichtbaren Mittler glauben. Arnds Lebenslauf vom
903 2119 2481 2168 väterlichen Pfarrhaus bis zum eigenen schweren Amt in einer Dorfgemeinde, wo
914 2164 2482 2223 selbständiges Wirken gesichert ist oder scheint, soll das bekräftigen. Wir folgen ihm
903 2208 2481 2269 auf die Tübinger Universität, ins Kränzchen der sehr frisch vergegenwärtigten
905 2257 2481 2312 Herderianer, zu dem radikalen schweizerischen Pfaffenfeind und dem schwäbischen
906 2306 2482 2361 Spiritisten, sehen ihn daheim umgewandelt neben dem orthodoxen Vater, der uns
910 2351 2480 2412 leibhafter anmutet als ein geistreicher Freidenker in der Einsiedelei nebenan, spüren,
903 2397 2477 2454 wie die soziale Bewegung ans Kirchentor pocht, aber wir stutzen dann, wenn Arnd
905 2446 2477 2511 nicht aus der Kutte springt, sondern im vornehmen Berlin Hilfsprediger wird. Und
909 2494 2476 2556 so scheinen fortan diese Irr= und Rückwege als Theolog, Journalist, Reisender,
899 2540 2469 2598 Hauslehrer, wieder Theolog nicht immer zwingend, auch das Frauenhafte, von dem
907 2583 2474 2644 armen Rikele abgesehen, zu blaß. Doch der Roman bleibt nirgends in Lehrhaftig¬
904 2630 2482 2699 keit stecken und leitet uns in Tiefen und Weiten, die wir in andren neuen
902 2681 1781 2740 Dichtungen aus der geistlichen Welt vermissen.
999 2722 2478 2784 Die Skrupel, denen Richard Voß manchmal begegnet, schweigen vor der
901 2756 2481 2824 letzten großen Gabe aus seiner Wahlheimat, wo ihm das Beste geglückt ist. Er
905 2820 2475 2871 kennt in Rom jede Straße und jeden Winkel, die Kunstsäle wie den Trödel= und
901 2861 2479 2918 den Gemüsemarkt, der nun der trefflichen Paoluccia Stoff für ihre leckeren Mahl¬
899 2913 2479 2972 zeiten liefert. Der Scirocco hat ihn mit seiner Schwüle bedrängt, die nähere und
905 2958 2481 3019 fernere Umgebung der ewigen Stadt köstlich erfrischt. Ihm selbst ist im geliebten
902 3009 2474 3072 Frascati ein herzlicher Willkommgruß Eccoló, Sor Riccardo! Bentornato! gar oft
909 3059 2475 3116 erklungen. So gibt er uns ein Werk aus tiefer Brust, eines seiner wärmsten und
895 3100 2471 3155 tüchtigsten, obgleich es auch hier ohne rhetorischen Überschwang und in den ver¬
897 3149 2468 3210 schiedenen Morden und Selbstmorden ohne Rückfälle ins grelle, krampfhafte Melo¬
904 3196 2482 3247 dram nicht ganz abgeht. Man möchte ihm dann zurufen, was Daudets Unsterblicher
896 3246 2478 3297 seinem adligen Klienten über die freilich ungelesenen Poesien sagt: Toujours quelque
902 3289 2480 3350 chose de trop! Ich würde den Roman gern mit der letzten Enttäuschung in Passy
899 3335 2485 3402 beschlossen sehen und auf die Katastrophen Minardis — keineswegs auf die Episode
