3248 4096
767 116 1206 189 ins Freie
1387 114 1729 213 box 3/5
214 120 1217 231 23. Der Meg
418 182 691 218 i
318 969 1595 1073 und oft genug mit Recht den Namen der Phäakenstadt eingetragen
311 1041 1602 1123 haben; nur zu verständlich für Jeden, der auch nur Wochen lang
316 1101 1593 1160 im Bann der schönen Stadt mit ihrer weichen Luft und ihrer Mu¬
311 1148 1598 1231 sikfreude geweilt hat; und doch erscheint das Alles dem Leben völlig
316 1202 1603 1284 fremd und nur fragmentarisch, wenn ein Staatsmann und ein
313 1266 1600 1338 nationaler Gedanke aufstehen und ein großes Reich an seine Größe
315 1313 1595 1392 erinnern, es zu neuen Thaten nach so vielen Worten emporrufen.
308 1368 1590 1440 Gewiß liegt (auch Das hat Bahr gesagt) jedem Oesterreicher noch
304 1410 1603 1496 ein Stück Spanier im Blut; wir brauchen nur an Grillparzer zu
310 1470 1596 1546 denken. Aber im alten Spanien gabs, neben dem Fanatismus einer
303 1525 1587 1601 religiösen Unduldsamkeit von nahezu dämonischem Stil, doch mehr
312 1572 1588 1658 als ein bloßes Fuchteln mit den Klingen; da wurde wirklich drein¬
306 1627 1586 1711 geschlagen, die Welt beherrscht und nicht nur mit Dolchen gespielt.
308 1682 1591 1759 Etwas Romanisch=Südliches brütet in dem Drama dieses Wien,
305 1737 1593 1808 dem Drama Hugos von Hofmannsthal; aber die Dichtung schwebt
299 1792 1593 1856 immer wie gefangen einher zwischen den Mauern einer dem Leben
305 1839 1584 1922 fernen Weltanschauung, die im Grunde immer nur eine Ich=An¬
306 1894 1589 1971 schauung ist und bleibt; eine fast tragisch klingende Frage an die
306 1951 1585 2033 Vergänglichkeit aller Dinge, an den Sinn dieses Lebens wird laut,
290 2001 1581 2066 aber die Antwort lautet weder Ja noch Nein: sie wird mit leisen
302 2056 1588 2131 Worten, mit wunderschönen Worten gegeben, die doch das wirk¬
295 2098 1587 2179 liche Leben nicht durchdringt. Das wirkliche Leben, das doch auch
292 2158 1578 2242 in Oesterreich, in Anzengrubers Romanen, Dorfgängen und Dra¬
295 2221 1578 2296 men, in Saars Novellen und Elegien, in den Erzählungen der
291 2260 1577 2348 Frau von Ebner=Eschenbach und in den Werken so manches er¬
296 2323 1569 2395 freulichen Talentes, von Rosegger bis zu Hoffensthal, klingt und
291 2378 1572 2453 wirkt. Man fühlt sich versucht, noch einmal das Wort Grillparzers
294 2434 1576 2509 von der Gefährlichkeit Wiens zu citiren; zumal, wenn man sieht,
287 2481 1578 2562 wie auch Kräfte, die nicht in ihrem Bannkreis heranwuchsen, all¬
287 2540 1575 2610 zu rasch der Stimmung dieser Woge erliegen. Wie hinter Mas¬
286 2583 1573 2667 ken wandelt diese ganze wiener Dichtung einher; und wer offenen
291 2638 1567 2711 Angesichtes in den Kreis trat, nimmt nur zu rasch die Larve vor
281 2697 1566 2778 und geht im Reigen mit. Jakob Wassermann hatte sein starkes
280 2748 1571 2829 Talent, das sich schon in einzelnen Szenen der „Juden von Zirn¬
276 2795 1566 2870 dorf“ verrieth, noch eben zu der großen, objektiven Leistung des
286 2854 1565 2920 „Kaspar Hauser“ emporentwickelt. Nun erscheint auch er, der jetzt
278 2905 1565 2982 in Wien lebt, ganz verfallen dem weichen, spielerischen Leben, das
271 2965 1556 3037 nicht Oesterreich an sich, das nur immer wieder eine bestimmte
275 3007 1562 3099 Gruppe wiener Literatur darstellt und sich schon in Friedrich Halm
276 3067 1562 3145 vorbereitet hat. „Die Masken Erwin Reiners“ heißt, bezeichnend
275 3121 1559 3186 genug, der neue Roman Wassermanns. Der Stoff ist sehr einfach:
276 3168 1566 3270 ein junger Gelehrter von fast weiblichem Empfinden muß, um seine
1720 932 3015 1008 angegriffene Lunge zu kräftigen, eine zweijäyrige Reise in die
1707 1004 3007 1063 Tropen unternehmen, wo er zugleich seine Wissenschaft erweitern
1715 1061 3012 1123 will. Er vertraut seine fern von der wiener Gesellschaft lebende
1709 1108 3009 1179 schöne Braut für Nothfälle dem Schutz Reiners, eines Freundes,
1717 1168 3006 1225 an. Dieser Erwin, Sohn eines reich gewordenen Bürgers, Dozent,
1715 1227 3012 1285 Sportsman, Lebemann, Schriftsteller, Kunstgenießer, entdeckt in
1722 1273 3001 1337 Virginia ein Mädchen von nie erschautem Reiz und nimmt sich am
1714 1337 3006 1394 ersten Tag der Bekanntschaft vor, sie zu erobern. List und Lockung,
1713 1381 3006 1449 Werbung und Brutalität bringen ihn zwar so weit, daß sie ihn,
1718 1444 3005 1500 französisch ausgedrückt, in ihrem Blut wohnen fühlt; seine Wünsche
1721 1539 3008 1606 zu dem Abwesenden, nicht erfüllen. Er entführt sie und hält sie
1719 1601 3009 1661 zwei Tage in seiner Gewalt; dem ganz Zerstörten, dessen Gesicht
1719 1707 3014 1761 müde, sich schließlich hingeben, aber er fühlt aus diesen Worten
1720 1753 3007 1816 einer ermatteten Resignation, daß sie ihm jetzt ganz entglitten ist.
1721 1808 3013 1868 Sein von innen heraus zerstörtes, von außen her untergrabenes
1719 1865 3017 1931 Leben endet ein Schuß. Das Mädchen findet sich nach langer
1722 1974 2708 2034 Stunde heimberufenen geliebten Manne zurück.
1820 2018 3010 2108 Ein Stoff, der für novellistische Behandlung nicht ohne Reiz
1716 2076 3016 2142 wäre; und Niemand kann leugnen, daß auch die allzu breite,
1718 2128 3008 2193 romanhafte Darstellung Wassermanns ihren Reiz hat. Virginias
1729 2187 3012 2244 Auf und Ab, ihrer Mutter Hin und Her von kleinbürgerlicher
1724 2240 3015 2301 Ehrbarkeit bis zu fast kupplerischer Verblendung: Das ist fein und
1715 2294 3016 2354 aus sehr intimer Menschenbeobachtung heraus gegeben. Nur die
1732 2342 3015 2410 Voraussetzungen, auf denen Alles ruht, sind künstlich und brüchig;
1723 2400 3018 2460 künstlich und brüchig ist, rasch uninteressant wird Erwin Reiner
1731 2451 3018 2519 selbst. Man hat ihn, vulgär gesprochen, nach wenigen Seiten „her¬
1728 2515 3014 2575 aus“: ein Genüßling, der, wie Fontane so hübsch sagt, das Mora¬
1719 2560 3018 2626 lische aus dem ästhetischen Fonds bestreitet, ein Mensch, der die
1723 2621 3012 2684 rohen Triebe seiner Natur durch eine starke äußere Selbstzucht,
1729 2677 3017 2733 gute Formen und einen weite Bildungskreise bewältigenden Ver¬
1732 2721 3019 2791 stand scheinbar hebt und veredelt. Im Ganzen doch nicht mehr als
1729 2775 3019 2851 ein Blender, der nirgends tiefere Theilnahme für seine Masken,
1729 2834 3013 2889 Gesichte seiner brutalen Leidenschaft und seiner spielerischen Geistig¬
1724 2889 3019 2944 keit, weckt. Warum, fragen wir nicht erst am Schluß, wird uns
1722 2936 3013 3004 dieser Mensch so dargestellt, mit so peinlicher Deutlichkeit und Aus¬
1721 2987 3013 3062 führlichkeit beschrieben? Das ist keine Beckmesserfrage; denn nir¬
1719 3056 3021 3115 gends leuchtet hier, wie etwa aus der Gestalt Virginias und wie
1734 3107 3033 3166 aus manchem früheren Werk Wassermanns, der hohe und starke
1724 3148 3033 3227 Zwang heraus, der einen Dichter treibt, so und nicht anders zu
