3296 4352
182 166 1049 252 23. Der Nec ins Fr
1334 167 1717 262 box 3/1
379 173 1219 299 LgAhe Teie
889 889 2470 980 zessin — eine besondere Art von Prinzessin — fand und zugleich seinem
883 973 2476 1057 bedürftigen Lande zur Wohlfahrt verhalf, dieser epische Scherz voller
896 1038 2475 1109 musikalischer Beziehungen und symbolischer Zweideutigkeiten ist ein
893 1102 2478 1163 Märchen: das Märchen von der Form und von der Sehnsucht, von der
883 1171 2310 1257 Repräsentation und vom Leben, von der Hoheit und vom Glück.
853 1275 2256 1380 Arrhur Schnitzler: Der Weg ins Freie. Ein Roman.
885 1367 2468 1432 Der erste große Roman Arthur Schnitzlers ist zu gleicher Zeit der erste
894 1439 2475 1523 zeitgeschichtliche Roman des heutigen Wiens. Reich bewegte Bilder
894 1503 2467 1564 aus den verschiedensten Gesellschaftskreisen werden vor uns entrollt. Eine
886 1562 2467 1629 Fülle von Gestalten lernen wir kennen, die in der besondern Atmosphäre
890 1641 2467 1716 ihrer Stadt, unter den komplizierten Verhältnissen ihres Landes, zu den
890 1708 2463 1777 mannigfachsten Beziehungen miteinander verknüpft sind. Aus heiter
885 1764 2462 1813 leichten Anfängen sich entwickelnd, schreitet die Handlung des Werkes
891 1824 2469 1903 mit immer wachsender Lebendigkeit und Kraft zu Geschehnissen von
896 1893 2473 1964 tiefstem Ernste weiter, aus deren Bann der Leser am Ende mit weiten
893 1963 1840 2039 und bedeutenden Ausblicken entlassen wird.
829 2082 2476 2153 Außer diesen beiden großen Romanen gelangen die folgenden größeren Er¬
835 2142 1404 2250 zählungen zum Abdruck:
860 2228 2028 2348 Herman Bang: Das graue Haus. Roman.
857 2330 1899 2440 Paul Ernst: Die selige Insel. Novelle.
846 2404 1746 2512 Hermann Hesse: Knulp. Novelle.
863 2509 2508 2591 Hugo v. Hofmannsthal: Das venezianische Erlebnis des
922 2571 1354 2684 Herrn von N.
853 2668 2308 2746 Ricarda Huch: Der Hahn von Quakenbrück. Novelle.
870 2746 2056 2835 E. Graf Keyserling: Bunte Herzen. Novelle.
859 2819 2497 2913 Rainer Maria Rilke: Aus den Aufzeichnungen des Malte
926 2894 1417 3029 Laurids Brigge.
859 2999 2125 3090 Felix Salten: Der Hund von Florenz. Novelle.
851 3077 1925 3165 Jakob Schaffner: Das Kind. Erzählung.
857 3155 2481 3277 Jakob Wassermann: Die Gefangenen auf der Plassenburg.
922 3248 1170 3331 Novelle.
