3204 4384
201 223 363 308 23.
1367 208 1725 312 box 3/2
953 213 1199 291 Freie
588 217 899 293 Neg ins
394 211 595 291 Der
390 266 1199 336 e e   e e e e e
645 936 964 1032 GU
866 999 1584 1101 Corneliens. Zuletzt erstreckt sich ihre mütter¬
1605 1039 2340 1125 des einen Problemes entnommen, das die
639 1028 758 1135 70
848 1066 1584 1143 liche Empfindung versöhnt und friedlich auchauf
1611 1090 2346 1173 Juden durch ihren lebhaften und eindringlichen
848 1107 1586 1181 den Vater ihres Kindes, den Mann, der sie ent¬
1611 1142 2340 1221 Anteil an allen Bewegungen der modernen
855 1157 1588 1229 täuschte. Esist einekleine leise und feine Szene am
650 1150 772 1260 07
1606 1184 2333 1264 Kultur geschaffen haben. Man hat sie so
845 1211 1582 1281 Schluß, die das Wiedersehen der Beiden bringt
1596 1233 2329 1310 lange und so erbittert nach ihrem Recht auf
844 1257 1581 1330 und das Bewußtsein für Cornelien, daß sie fort¬
1595 1279 2337 1359 diese Anteilnahme gefragt, daß sie nun viel¬
846 1305 1581 1371 an ihren Weg mit ihrem Kinde ohne dessen Vater
1575 1315 2327 1407 fach selbst, von außen bedrängt und im
846 1342 2327 1450 wird gehen müssen. Und können. Die behä= Innern aufgestört, nach einer Antwort ver¬
838 1389 2327 1499 bige württembergische Art der Leute, von denen langen. Und wo diese fehlt, macht es doch
843 1436 2326 1547 Cornelie im Tränenhaus umgeben wird, gibt schon ruhiger, die Fragen noch einmal gefragt,
837 1479 2324 1588 dem Philosophieren der Heldin etwas Gesun= sie auf einen saufteren Tonfall, in den Be¬
835 1531 2328 1639 des, Erdiges hinzu, das wohltut. Technisch reich besserer Möglichkeiten gebracht zu haben.
831 1575 2329 1689 ist das Werk mit reifer Meisterschaft gehand¬ Aber dem Zwange, sich ihnen irgendwie zu
830 1620 2317 1733 habt. Wie zum Beispiel die Vorgeschichte un= nähern, entgeht keiner, den sie direkt betreffen.
834 1673 2324 1779 auffällig zwischen die Tageserlebnisse und Darum ist dieses Buch von einer unverkennbar
832 1714 2321 1823 Tagesreflexionen hinein erzählt wird, ist sehr höheren Notwendigkeit. Die Zeit verlangte
830 1765 2317 1867 fein. Und auch an künstlerischen Schönheiten es; schien es gerade von diesem Dichter zu
830 1811 2306 1913 bringt der Roman uns genug. Neben Natur= verlangen, den seine Gaben bestimmen, hinter
828 1856 2307 1969 schilderungen und Ausmalung von Seelen= den Gebilden der heutigen gesellschaftlichen
830 1906 2313 2018 stimmungen, fein geprägte Sentenzen, präg= Kultur in die Tiefe zu spüren. Er hat, wie
829 1960 2317 2061 nante Bilder. Und alles in einer sicheren, über= kaum ein zweiter, die sozialen Formen des
822 1997 2303 2104 legenen Sprache, die stetig vorwärts drängt, modernen Bürgertums mit psychologischen
818 2050 2308 2146 ohne Originalhascherei oder Krafthuberei. Das Lichtern durchhellt. Ihm war die Aufgabe
814 2090 1545 2170 Buch einer klugen, geistvollen Frau und Künst¬
1567 2133 2314 2195 am nächsten, seine Analysen einmal, über den
814 2137 1545 2218 lerin, die es drängt, zu ihren Schwestern zu
1566 2167 2305 2251 Einzelnen weggreifend, auf Allgemeineres ein¬
809 2191 1551 2276 reden, in Tönen, die ihr vom Herzen kommen.
1567 2220 2307 2296 zustellen. Und ihm war es vielleicht am
1191 2254 1506 2335 Anselma Heine
1558 2263 2296 2339 dringendsten, gerade vor solche Fragen hinzu¬
1019 2283 1146 2387 ——
1568 2305 2297 2386 treten, die dem Kulturmenschen seines Blutes
1191 2313 1239 2378 —
1558 2355 2301 2424 den erworbenen Heimatboden unter den Füßen
1563 2408 2246 2481 zu erschüttern drohen. Denn da bisher
790 2413 1532 2524 Arthur Schnitzlers neuer Roman
1565 2449 2291 2526 vieles, was zweifelhaft und problematisch ist
1560 2489 2286 2574 in dieser Kultur, ihn und seine Dichtung an.
917 2513 1534 2589 ieses Buch der Bekenntnisse führt nicht
1559 2544 2291 2622 zugehen schien, so war er der nächste, der sich
798 2533 1534 2637 D)etwa tiefer in die Innerlichkeit des Dich¬
1547 2591 2289 2667 der Frage stellen mußte: Und du selbst? Was
910 2614 1534 2690 ters ein, als seine früheren; es eröffnet
1546 2631 2291 2709 kommst du Fremder her, um in unseren Dingen
798 2641 1531 2724 neues Gebiet. Den Juden in sich hat Schnitzler
1550 2682 2286 2770 mitzureden? Verweile nun gefälligst einmal
795 2701 1534 2779 wohl längst entdeckt und als wichtige Poten;
1549 2723 2174 2803 bei diesem Problem und gib Antwort!
796 2743 1525 2828 in die Okonomie seiner schaffenden Kräfte ein¬
1595 2769 2285 2855 Es ist keine Antwort. Wenn so lebendige
791 2786 1524 2872 bezogen; nun stellt er ihn offen zur Diskussion.
1544 2815 2275 2887 und so zähe Kräfte in gegenseitigem Mißver¬
784 2833 1520 2912 Damit bietet er seine eigene Person, nicht sein
1547 2868 2272 2948 hältnis sind, dann bleibt es ein leerer Versuch,
781 2876 1521 2958 Talent allein, dem allgemeinen Urteil an.
1543 2918 2272 2993 zu bedenken, welche von ihnen im Rechte sein
780 2923 1523 3001 Bisher repräsentierte nur sein Talent; war es
1538 2965 2278 3037 könnte. In solchem Gegeneinanderwirken gibt
783 2976 1512 3056 spezisisch jüdisch, so mußte das seiner Erfin¬
1538 3004 2273 3090 es kein Recht, es gibt nur Resultanten. Glück¬
779 3025 1517 3098 dung und seiner Arbeit anzumerken sein. Nun
1532 3056 2270 3123 lich, wer ohne auf Antwort zu drängen, die
770 3070 1507 3152 stellt er sich persönlich vor sein Werk, verweist
1531 3104 2276 3169 Fragen so zu stellen vermag, daß sie auf einen
779 3119 1514 3198 ausdrücklich auf sein Judentum und spricht
1538 3152 2269 3226 sanfteren Tonfall, in den Bereich besserer
778 3160 1502 3240 darüber. Denn alle Fragen, die in dem Buche“
1524 3195 2272 3271 Möglichkeiten gebracht werden. Das geschieht
772 3207 1505 3290 laut werden, sind irgendwie der Vielfältigkeit
1523 3248 2265 3318 nun in diesem Buch weit ausgreifender Ge¬
1524 3285 2259 3354 spräche, lebhaft gewechselter Meinungen. Da¬
768 3296 2270 3419 * Der Weg ins Freie. (S. Fischer, Verlag) mit hat es sich, als ein Roman, mit der
1954 3447 2088 3536 1891
