3296 4384
1418 261 1770 357 box 3/2
800 269 1259 364 ins Freie
232 273 868 385 23. Der Neg.
850 325 899 374 21
517 331 566 374 2
1480 506 1690 607 — 126
1640 596 2805 671 Berliner und in wie manchen Dingen sie sich doch gleicht,
547 596 1618 688 In den „Kindern einer Familie" von
1661 657 2806 716 vorausgesetzt, daß Arthur Schnitzler, woran wir aber nicht
464 645 1615 724 Eva Gräsin Baudissin, wird die Verschieden¬
1661 709 2809 767 zweifeln, seine Stammesgenossen richtig geschildert hat. Der
471 717 1619 769 artigkeit der Anlagen und der Lebensschicksale zweier Fa¬
1661 746 2804 798 Inhalt ist, wie Georg von Wergenthin von seiner Gelieb¬
471 749 1617 810 milien gezeigt, wobei auch der Gegensatz der älteren
1664 794 2809 851 ten aus kleinbürgerlichen Kreisen und von seiner eigenen
459 794 1625 856 Generation zu der jüngeren eine Rolle spielt. Die Heldin
1660 838 2803 899 schwankenden Natur den Weg ins Freie und Selbständige
461 829 1615 896 ist Elfriede, die sich zur Sängerin berufen glaubt und
1661 881 2804 944 findet. Das ist sehr eingehend und umstänblich mit wenig
463 880 1615 948 sowohl Talent wie Schönheit dazu mitbringt. Männer
1663 920 2797 973 technischem Geschick erzählt, ohne daß wir sonderlich da¬
469 926 1618 991 gar verschiedener Art werben um sie; am meisten Eindruck
1665 966 2802 1020 durch erregt wurden. Im Grunde ist es uns herzlich gleich¬
472 970 1621 1029 macht auf sie ihr Musiklehrer, dessen Ehe, vorher schon
1657 1014 2811 1072 gültig, wie sich das Schicksal dieses Helden entwickelt, ob
465 1010 1614 1070 unglücklich, dabei in die Brüche geht. Der sie aber am
1665 1056 2799 1105 aus ihm etwas wird oder nicht. Mehr vielleicht fesselt die
462 1058 1628 1118 innigsten liebi, ist ihr Vetier Niels, ein Lehrer, der nicht
1663 1103 2805 1158 Amwelt, diese Wiener Juden in ihrer Verbindung mit
465 1099 1617 1158 recht weiß, wie sein Leben gestalten, der von einer
1658 1147 2804 1203 dem Adel, ihre sozialen, literarischen und musikalischen Be¬
466 1149 1612 1204 Neigung zur anderen schwankt, insbesondere von der
1657 1181 2808 1241 strebungen. Natürlich sind diese Leute alle erhaben über
468 1184 1625 1248 Reformschule, an der er lehrt, zur alten Schule — ein
1664 1235 2798 1287 jede Engherzigkeit auf sittlichem Gebiet, und stehen jenseits
469 1237 1614 1288 Gegensatz, der einen im Verhältnis zum Ganzen fast zu
1658 1283 2809 1332 aller Noral, und doch: alle sind eng und unfrei und laufen
474 1284 1611 1337 breiten Raum einnimmt. Diese Jugendliebe sitzt bei El¬
1657 1310 2802 1369 wie an Ketten, und der Leser hat ein Gefühl der Befreiung,
473 1312 1616 1384 friede doch tiefer, als sie sich selbst eingesteht, uni es ist
1665 1362 2808 1414 wenn er sie glücklich auf Seite 491 alle miteinander los
470 1373 1618 1423 nicht ohne Reiz, wie sie schließlich durch alle Irrungen
1657 1401 2808 1462 hat. Und merkwürdig ist, wie wenig einem von all diesen
467 1417 1612 1470 hindurch sich ihrer Liebe zu Niels gewiß wird. Ganz
1658 1452 2800 1501 Geschichten und Personen scho nach gang kurzer Zeit bleibt:
466 1467 1620 1514 anders geartet als sie ist ihre Schwester, und wieder ganz
1654 1492 2796 1543 alles ist wie erstickt unter einer schweren Masse, und so ge¬
466 1505 1623 1554 anders Niels Schwester, deren Schicksal mit dem der beiden
1665 1532 2805 1592 wichtig sich die Geschichte gibt, so flüchtig geht sie durch
472 1538 1633 1602 Hauptpersonen eng verbunden ist. Es ist die kleine Welt
1664 1567 2807 1636 uns hin. Das alles wird freilich nicht hindern, daß Arthur
468 1582 1617 1644 der Familie, und zwar einer eigenartigen Familie, in die
1660 1615 2820 1692 Schnitzlers Roman von einer gewissen Art von Kritik als
473 1626 1613 1685 wir hier geführt werden, und es wird uns in dieser Enge
1662 1665 2796 1719 eine der bedeutsamsten Erscheinungen dieses Jahres ge¬
472 1681 1620 1733 selbst ein bißchen eng; aber die Verfasserin versteht, uns
1657 1716 1911 1782 priesen wird.
469 1719 1623 1776 in ihr heimisch zu machen, und nicht ohne Interesse folgen
462 1761 1610 1831 wir den Verwickelungen und Entwickelungen bis zum glück¬
1737 1745 2808 1825 Ebenfalls in jüdische Kreife führt uns Grorg
1660 1805 2805 1860 Herrmann in „Henrleite Jacoby“, dem zwei¬
470 1816 732 1874 lichen Ende.
1660 1854 2799 1915 ten Teil von „Jettchen Geberts Geschichte“. Nur sind es
555 1833 1617 1926 „Die Sünde aber der Eltern . . . .“ heißt
1659 1889 2802 1958 diesmal Berliner Juden und nicht die der Gegenwart,
470 1908 1618 1966 mit einem heutzutage beliebten halben Satz der Titel des
1668 1943 2802 1995 sondern die im ersten Drittel des vorigen Jahrhunderts.
468 1943 1622 2010 Tendenzromans von Henning von Sydow. Die
1663 1988 2796 2051 Und dieses, Bild der damaligen Berliner Judenschaft ist
467 1981 1616 2055 zwei hier gerügten Elternsünden sind freilich ett#as un¬
1665 2027 2804 2088 offenbar benso sorgfältig jiudiert und innerlich geschaut,
473 2032 1619 2094 gleich: die eine ist die, daß die Eltern ihre Töchter über
1659 2082 2798 2131 soie das Wiener Judentum der Gegenwart, das uns Arthur
477 2074 1617 2134 das Geschlechtsleben und das Wesen der Ehe im unklaren
1653 2112 2801 2182 Schnitzler zeichnet. Nur daß Schnitzler über jedes Vor¬
474 2126 1614 2185 lassen, die andere, daß sie ihren Töchtern ungtliebte
1658 2163 2806 2221 urteil für das Judentum erhaben ist und es lediglich als
475 2171 1617 2221 Männer aufzwingen, ja sogar Männer, vor denen den
1665 2206 2801 2263 Studienobjekt benutzt, während Hermann mit wärmisten
471 2205 1626 2271 Frauen graut. Denn in beiden Fällen gestaltet sich das
1669 2246 2800 2305 Herzensanteil für seine jüdischen Gestalten schildert. Das
478 2255 1623 2311 eheliche Zusammenleben, insbesondere der ersten Zeit, zur
1668 2300 2796 2346 verleitet ihn, eine Menge von Einzelheiten und Kleinig¬
477 2290 1620 2349 Qual, und einen brutal sinnlichen, ungeliebten Mann
1665 2323 2802 2397 keiten in den Roman aufzunehmen, die für die Judenschaft
474 2341 1605 2393 heiraten zu müssen, ist nicht besser als Vergewaltigung.
1668 2381 2784 2430 im allgemeinen und für die jener Zeit charakteristisch,
483 2380 1626 2437 Das wird an dem Schicksal einer feiner veranlagten
1661 2425 2800 2482 andern Leuten aber gleichgültig sind. Uebrigens dies nicht
479 2412 1611 2482 Bauerntochter, Annemarie Wenzel, gezeigt, die vollkommen
1662 2467 2793 2521 zum Vorteil der Hauptpersonen, Jettchen Geberts, nun ver¬
479 2474 1618 2525 unwissend an einen Berliner Vetter, den Restaurateur
1661 2494 2795 2566 ehelichten Jacoby, und ihres Onkels Jason, die man sich
474 2498 1623 2574 Berndt verheiratet wird. Natürlich erwacht auch in ihr
1655 2566 2797 2610 aus dem Rankenwerk erst herausschälen und loslösen muß,
476 2557 1622 2614 eines Tages die Liebe, und nun auch die sinnliche; aber
1655 2598 2800 2651 ohne doch sonderliches Interesse für sie zu gewinnen, so
477 2605 1617 2655 der Maler, den sie liebt und der sie kiebt, ist keiner jener
1649 2641 2794 2695 viele Mühe sich der Verfasser gibt. Das kommt natürlich
481 2643 1627 2698 lüsternen Männer die nur das Geschlechtswesen im Weibe
1658 2670 2804 2733 nicht daher, weil Jettchen und Jason Juden sind, denn ich
482 2685 1625 2750 suchen, und er bleibt standhaft, was um so mehr ins Ge¬
2714 2727 2791 2787 so
1658 2713 2711 2776 kann mir die Liebesgeschichte zweier Juden genau
476 2727 1624 2790 wicht fällt, als er nachher die anders erzogene Tochter
1661 2775 2801 2831 fesselnd denken, wie die von Deutschen, Regern oder Chine¬
475 2781 1618 2831 dieser Frau lieben lernt und erkennt, daß die Liebe zur
1659 2821 2802 2873 sen; der unglückselige Liebhaber Jettchens ist überdies ein
472 2830 1614 2880 Mutter nicht die wahre gewesen ist. So ist ihm der Weg
1658 2862 2804 2914 Deutscher. Das liegt an der ganzen Art der Darstellung
483 2854 1619 2923 zur Heirat mit der Tochter nicht verschlossen. Das ist in
1658 2904 2792 2953 Hermanns. Jüdische Kreise haben dem ersten Teil dieser
485 2919 1616 2966 kurzen Zügen der Inhalt dieses Romans, der sein Pro¬
1658 2951 2804 3007 Geschichte außerordentlich lebhafte Teilnahme entgegen¬
479 2951 1621 3013 blem ernst und mit schriftstellerischem Geschick anfaßt und
1663 2988 2800 3054 gebracht; sie wird dort auch diesem zweiten Teil nicht
488 3001 1627 3057 es nach den verschiedensten Seiten nicht durch langatmige
1665 3025 2802 3086 fehlen. Ob deutsche Leser sich sonderlich für das damalige
471 3042 1611 3105 Erörterungen, sondern durch lebendig gezeichnete Bilder
1662 3081 2793 3132 jüdische Familienleben interessieren, mag billig bezweifelt
480 3087 1620 3142 aus dem physischen und seelischen Liebesleben des Weibes
1658 3107 2795 3170 werden. Doch wird sie das Berliner Milien um die Zeit
476 3128 1625 3188 zu lösen sucht. Gelegentliche Ausfälle gegen die Ehe fehlen
1662 3160 2804 3215 der Thronbesteigung Friedrich Wilhelms IV., in das der
476 3176 1621 3226 nicht, allerdings nur in dem Sinne: keine Ehe ohne Liebe,
1662 3201 2807 3261 Verfasser uns aus den Fenstern der jüdischen Häuser hinein¬
473 3215 1625 3269 besser Liebe ohne Ehe. Dabei gerät Sydow allerdings etwas
1658 3252 2803 3305 schauen läßt, und die Beziehungen der Juden zu den nicht¬
481 3264 1621 3312 tief in die Heimlichkeiten des Ehebettes hinein; aber man
1659 3297 2318 3363 jüdischen Kreisen immerhin fesseln.
478 3308 1623 3358 kann ihm zugeben, daß er es ungeschminkt schildern mußte,
474 3348 1617 3398 wenn er seine Tendenz verfechten wollte. Die Frage wäre
1728 3324 2804 3410 Die Geschichte eines schwäbischen Pfarrers ist „Theo¬
473 3390 1624 3456 höchstens die, ob die Erkenntnis eine reine, leiblich und
1665 3389 2796 3449 bald Hüglin“; sie kommt von einem badischen Pfarrer
483 3424 1617 3493 seelisch unbefleckte Jungfrau dürfe man nicht mit dem
1658 3443 2792 3499 Otto Frommel in Heidelberg. Er ist in schwäbi¬
486 3486 1623 3535 nächsten besten brutalen Mann verheiraten, so wenig ver¬
1661 3478 2801 3531 schen Pfarrersverhältnissen recht gut zu Haus und schildert
487 3509 1627 3578 breitet ist, daß man einen ganzen Roman daran rücken
1660 3528 2799 3581 sie offenbar aus eigener Kenntnis, nur hier und da ein
482 3563 1616 3617 muß, um diese Sünde zu erweisen. Im Gegensatz zu der
1660 3556 2789 3619 wenig respektlos und ein bißchen übertreibend und nicht be¬
484 3604 1621 3657 Unreinheit solcher Ehen steht bei Sydow ein starker Kultus
1663 3616 2800 3672 sonders liebenswürdig. Bloß das eine hätte er seinen
478 3647 1626 3704 des Nackten und seiner Reinheit, wobei auch die Frage
1667 3654 2801 3723 württembergischen Kollegen nicht nachsagen sollen, sie haben
471 3690 1623 3750 des Modellstehens seitens der Geliebten und der Gattin
1660 3702 2803 3753 es seinem Helden, Theobald Hüglin, geradezu übel ge¬
480 3739 1272 3806 erörtert und an Beispielen gezeigt wird.
1664 3740 2793 3790 nommen, daß er seine Lebensgefährtin aus dem „Ausland“
1653 3779 2807 3839 und dazu noch aus dem Badischen, geholt habe. So steht
559 3770 1627 3839 Ein Roman aus Wiener jüdischen und aristokratischen
1659 3835 2810 3889 man im biederen Sch##abenländle bei aller Selbstbewunde¬
478 3835 1632 3891 Kreisen ist Arthur Schnitzlers „Der Weg ins,
1669 3872 2814 3927 rung doch nicht zum badischen „Musterländle“ und seinen
469 3872 1623 3934 Freie“. Wen es interessiert, mag hier seine Studien
466 3916 2797 3989 machen, wie anders die Wiener Judenschaft ist als die 1 „Versuchspreußen“! Und was seinem Helden passiert, das
