3248 4096
1374 146 1716 241 box 3/3
748 152 1197 233 ins Freie
199 163 711 244 23. Der Ne¬
930 206 1210 287 din en enennennenene
530 215 825 282 Aanen An ee
1049 872 1148 965 378
1471 881 1977 992 LA REVUE DE PARIS
1047 964 2396 1059 läches?.. couverts de crachats comme des chiens?... Par les Alle¬
1050 1044 2406 1102 mands. Et maintenant ce scra exactement la méme histoire avcc le
1054 1109 2403 1180 socialisme et le communisme. Une lois la soupe servie, ils vous
1053 1157 2417 1244 chasseront de la table. C’a tonjours été comme ga, et ce scra toujours
1054 1206 1283 1280 comme 6a.
1155 1227 2300 1338 Eh bien, atlendons, — répondit Thérèse tranquillement.
1104 1345 2393 1447 Par moments, d’ailleurs, le tempérament d’ardente aristo¬
1055 1415 2406 1498 crate de Thérèse reprend le dessus. Ses amis s’éiennent de
1050 1495 2410 1571 trouver en elle deux sortes de femme contradictoires; tantôt
1054 1544 2399 1639 une espece d’étudiante russe, austère et froide, tantôt une
1047 1619 2410 1690 manière de languide et voluptueuse princesse orientale. 11 lui
1043 1662 2407 1755 arrive d’oublier tous ses soucis d’intellectuelle pour se jeter
1050 1737 2404 1792 à la téte du beau hussard Demeter Stanzides et de consacrer
1048 1802 2399 1886 quelques semaines à l'amour lihre, au luxe et à la fantaisie.
1087 1856 2403 1923 Leo Golowski a, comme sa schur, une volonté forte et des
1048 1910 2402 1981 théories rigides. II met un orgueil indomptable à tenir tete aux
1050 1980 2403 2060 haies violentes ou sournoises. Persécuté pendant toute son
1045 2038 2399 2108 année de volontariat par un lieutenant, brave homme au fond,
1054 2097 2407 2183 mais inintelligent, et qui a le tort de vouloir appliquer trop
1058 2151 2390 2246 promptement dans les faits les prédications de la presse antisé¬
1048 2227 2389 2297 mite, il le provoque froidement au lendemain de sa uberation,
1043 2270 2403 2360 et le tuc. II est sioniste par pitié pour ses coreligionnaires. Les
1040 2339 2405 2419 sentiments égofstes et rancuniers de Salomon Ehrenberg lui
1044 2411 2397 2486 sont parfaitement étrangers; il néglige les déconvenues qui lui
1048 2474 2403 2545 sont personnelles, mais souhaite de pouvoir soulager ceux qui
1048 2535 2394 2612 sont ou se croient persécutés. C’est par sympathie tendre qu il
1039 2581 2398 2660 défend le mouvement sioniste; il est touché par le spectacle de
1046 2657 2396 2726 ces juifs qui, se sentant partout détestés et repoussés, cherchent
1047 2699 2387 2788 une terre on S'assembler et révent lyriquement, religieusement,
1039 2769 2183 2846 mystiquement, de réoccuper le berceau de leur race.
1095 2829 2397 2903 II se trouve sur ce point en complet antagonisme avec
1043 2893 2389 2978 ’éerivain Heinrich Bermann. Subtil et vigoureux, doué d’une
1034 2941 2395 3016 intelligence aiguc, pénétrante, divinatrice, mais maladivement
1042 3006 2386 3099 occupé de son moi, de ses sensations ou de ses humeurs,
1036 3068 2388 3146 Hleinrich Bermann est un de ceux que Tantisémitisme irrite
1043 3135 2394 3212 le plus. Qu'un certain groupement ethnique, dont les origines
1039 3198 2385 3264 physiologiques sont d’ailleurs fort incertaines, veuille étre le
1042 3264 2396 3326 maitre exclusif d’une contrée, comme s’il était vraiment sorti
1040 3317 2393 3405 des entrailles de ce sol, cela est à ses yeux un grossier non-sens.
