<?xml version="1.0" encoding="UTF-8" standalone="yes"?>
<PcGts xmlns="http://schema.primaresearch.org/PAGE/gts/pagecontent/2013-07-15" xmlns:xsi="http://www.w3.org/2001/XMLSchema-instance" xsi:schemaLocation="http://schema.primaresearch.org/PAGE/gts/pagecontent/2013-07-15 http://schema.primaresearch.org/PAGE/gts/pagecontent/2013-07-15/pagecontent.xsd">
    <Metadata>
        <Creator>prov=University of Rostock/Institute of Mathematics/CITlab/Gundram Leifert/gundram.leifert@uni-rostock.de:name=ONB_Newseye_GT_M1+(htr_id=10810)::::v=2.4.2
prov=University of Rostock/Institute of Mathematics/CITlab/Tobias Gruening/tobias.gruening@uni-rostock.de:name=de.uros.citlab.module.baseline2polygon.B2PSeamMultiOriented:v=2.4.2
prov=University of Rostock/Institute of Mathematics/CITlab/Tobias Gruening/tobias.gruening@uni-rostock.de:name=/mnt/transkribus/LA/DEA/URO/LA_news_onb_att.pb:de.uros.citlab.segmentation.CITlab_LA_ML:v=2.4.2
Transkribus</Creator>
        <Created>2019-10-07T10:26:57.914+02:00</Created>
        <LastChange>2019-10-07T14:13:04.419+02:00</LastChange>
        <TranskribusMetadata docId="223898" pageId="9492626" pageNr="120" tsid="16377535" status="IN_PROGRESS" userId="40391" imgUrl="https://files.transkribus.eu/Get?id=MTSVAEAPBUIBPFWDEUHTMWEP&amp;fileType=view" xmlUrl="https://files.transkribus.eu/Get?id=FSKRJNMBYMPQMPORCCRIDLHJ" imageId="6182914"/>
    </Metadata>
    <Page imageFilename="223898_0120.jpeg" imageWidth="3344" imageHeight="4352">
        <ReadingOrder>
            <OrderedGroup id="ro_1711445072527" caption="Regions reading order">
                <RegionRefIndexed index="0" regionRef="r1"/>
                <RegionRefIndexed index="1" regionRef="r2"/>
            </OrderedGroup>
        </ReadingOrder>
        <TextRegion orientation="0.0" id="r1" custom="readingOrder {index:0;}">
            <Coords points="180,9 180,167 338,167 338,9"/>
            <TextLine id="r1l1" custom="readingOrder {index:0;}">
                <Coords points="166,114 185,112 205,134 232,120 258,139 271,137 290,120 306,126 336,109 352,109 353,75 322,68 303,75 278,48 249,52 212,45 201,55 169,58"/>
                <Baseline points="180,109 206,110 232,111 259,111 285,113 311,115 338,117"/>
                <TextEquiv>
                    <Unicode>23.</Unicode>
                </TextEquiv>
            </TextLine>
            <TextEquiv>
                <Unicode>23.</Unicode>
            </TextEquiv>
        </TextRegion>
        <TextRegion orientation="0.0" id="r2" custom="readingOrder {index:1;}">
            <Coords points="361,89 361,4070 2627,4070 2627,89"/>
            <TextLine id="r2l1" custom="readingOrder {index:0;}">
                <Coords points="548,112 562,112 572,120 683,121 683,74 641,71 620,55 549,54"/>
                <Baseline points="562,111 589,109 616,109 643,110 670,111"/>
                <TextEquiv>
                    <Unicode>Ne</Unicode>
                </TextEquiv>
            </TextLine>
            <TextLine id="r2l2" custom="readingOrder {index:1;}">
                <Coords points="702,114 1190,126 1190,74 1106,47 1053,70 977,52 926,73 805,69 787,53 731,93 702,77"/>
                <Baseline points="714,111 739,111 765,111 791,112 816,111 842,111 868,111 893,111 919,111 945,111 970,111 996,111 1022,111 1047,112 1073,112 1099,112 1124,113 1150,113 1176,114"/>
                <TextEquiv>
                    <Unicode>ins Freie</Unicode>
                </TextEquiv>
            </TextLine>
            <TextLine id="r2l3" custom="readingOrder {index:2;}">
                <Coords points="1319,135 1385,135 1417,119 1430,133 1512,122 1591,141 1628,128 1673,139 1734,115 1734,92 1668,54 1423,75 1375,53 1320,85"/>
                <Baseline points="1334,122 1359,122 1385,122 1411,122 1436,122 1462,123 1488,123 1514,124 1539,125 1565,125 1591,125 1617,125 1642,125 1668,123 1694,122 1720,120"/>
                <TextEquiv>
                    <Unicode>box 3/2</Unicode>
                </TextEquiv>
            </TextLine>
            <TextLine id="r2l4" custom="readingOrder {index:3;}">
                <Coords points="346,142 1204,154 1205,107 564,106 519,65 348,71"/>
                <Baseline points="361,127 402,128 444,130 485,131 527,132 568,133 610,133 651,134 693,135 734,135 776,136 817,136 859,136 900,137 942,137 983,138 1025,138 1066,139 1108,139 1149,140 1191,141"/>
                <TextEquiv>
                    <Unicode>Der .  Sien ae ue n  d. en 4. 2</Unicode>
                </TextEquiv>
            </TextLine>
            <TextLine id="r2l5" custom="readingOrder {index:4;}">
                <Coords points="939,556 961,555 976,539 989,538 1005,548 1034,540 1048,550 1108,530 1106,469 1093,470 1067,489 1030,477 982,475 967,491 938,492"/>
                <Baseline points="952,529 980,523 1008,523 1037,524 1065,524 1094,520"/>
                <TextEquiv>
                    <Unicode>855</Unicode>
                </TextEquiv>
            </TextLine>
            <TextLine id="r2l6" custom="readingOrder {index:5;}">
                <Coords points="484,605 1492,632 1550,625 1551,578 485,549"/>
                <Baseline points="496,605 548,605 600,606 652,606 704,607 756,609 808,610 860,611 912,612 964,614 1016,615 1068,616 1120,617 1172,619 1224,619 1276,620 1328,620 1380,620 1432,619 1484,618 1536,617"/>
                <TextEquiv>
                    <Unicode>sammen, und der Bezirksvorsteher, der über sie ge¬</Unicode>
                </TextEquiv>
            </TextLine>
            <TextLine id="r2l7" custom="readingOrder {index:6;}">
                <Coords points="1612,625 2631,642 2632,581 2524,595 2419,559 1837,588 1788,553 1613,590"/>
                <Baseline points="1625,617 1674,618 1724,619 1774,620 1823,621 1873,623 1923,624 1972,625 2022,627 2072,628 2122,629 2171,630 2221,631 2271,632 2320,632 2370,632 2420,631 2469,631 2519,630 2569,628 2619,626"/>
                <TextEquiv>
                    <Unicode>Jugend“und Einfachheit treten am stärksten bei</Unicode>
                </TextEquiv>
            </TextLine>
            <TextLine id="r2l8" custom="readingOrder {index:7;}">
                <Coords points="490,643 553,668 1559,663 1512,623 491,609"/>
                <Baseline points="503,649 555,650 607,652 659,653 711,654 763,656 815,657 867,658 919,659 971,660 1024,661 1076,662 1128,662 1180,663 1232,663 1284,664 1336,664 1388,663 1440,663 1492,663 1545,662"/>
                <TextEquiv>
                    <Unicode>setzt ist, fühlt sich ebensosehr in der schwarzen wie</Unicode>
                </TextEquiv>
            </TextLine>
            <TextLine id="r2l9" custom="readingOrder {index:8;}">
                <Coords points="1563,671 2522,690 2627,684 2628,637 1720,639 1564,605"/>
                <Baseline points="1577,661 1628,662 1680,663 1732,665 1784,666 1836,667 1888,669 1940,670 1992,671 2044,672 2096,673 2147,674 2199,675 2251,676 2303,676 2355,676 2407,676 2459,676 2511,676 2563,675 2615,675"/>
                <TextEquiv>
                    <Unicode>Robert Walser hervor. Zum mindesten trifft er</Unicode>
                </TextEquiv>
            </TextLine>
            <TextLine id="r2l10" custom="readingOrder {index:9;}">
                <Coords points="488,699 1319,705 1390,738 1525,720 1563,668 488,659"/>
                <Baseline points="502,691 554,692 606,694 659,695 711,697 763,698 816,700 868,701 920,703 973,705 1025,706 1077,707 1130,708 1182,709 1234,710 1287,711 1339,711 1391,711 1444,710 1496,709 1549,708"/>
                <TextEquiv>
                    <Unicode>in der gelben Würde. Einer dieser alten Herren hat</Unicode>
                </TextEquiv>
            </TextLine>
            <TextLine id="r2l11" custom="readingOrder {index:10;}">
                <Coords points="1567,710 2594,732 2641,722 2642,672 1567,665"/>
                <Baseline points="1581,709 1633,709 1685,710 1737,711 1790,712 1842,713 1894,714 1947,715 1999,716 2051,716 2104,718 2156,718 2208,719 2260,720 2313,720 2365,721 2417,721 2470,721 2522,721 2574,721 2627,721"/>
                <TextEquiv>
                    <Unicode>die Einfachheit, die er am entschiedensten von den</Unicode>
                </TextEquiv>
            </TextLine>
            <TextLine id="r2l12" custom="readingOrder {index:11;}">
                <Coords points="486,740 1494,763 1555,754 1556,709 487,695"/>
                <Baseline points="500,737 552,738 604,739 656,740 708,741 760,743 812,744 864,745 916,747 968,748 1020,750 1072,751 1124,752 1176,753 1228,754 1280,754 1332,754 1384,754 1436,753 1488,753 1541,751"/>
                <TextEquiv>
                    <Unicode>mir ein merkwürdiges Geschenk gemacht. Unter</Unicode>
                </TextEquiv>
            </TextLine>
            <TextLine id="r2l13" custom="readingOrder {index:12;}">
                <Coords points="1561,760 2616,779 2636,721 1561,715"/>
                <Baseline points="1574,753 1626,755 1678,756 1731,757 1783,757 1836,758 1888,759 1941,759 1993,760 2046,760 2098,761 2150,761 2203,761 2255,762 2308,762 2360,763 2413,763 2465,764 2518,764 2570,765 2623,766"/>
                <TextEquiv>
                    <Unicode>Fünfen sucht, sehr wohl. „Der Gehülfe“ (Verlag</Unicode>
                </TextEquiv>
            </TextLine>
            <TextLine id="r2l14" custom="readingOrder {index:13;}">
                <Coords points="490,778 1551,807 1536,751 491,744"/>
                <Baseline points="502,783 553,783 605,783 657,784 709,785 761,786 812,787 864,788 916,790 968,791 1020,792 1071,794 1123,795 1175,796 1227,796 1279,796 1330,796 1382,796 1434,795 1486,794 1538,792"/>
                <TextEquiv>
                    <Unicode>feinen Habseligkeiten sah ich einen seltsam gewachsenen</Unicode>
                </TextEquiv>
            </TextLine>
            <TextLine id="r2l15" custom="readingOrder {index:14;}">
                <Coords points="1566,804 2630,817 2630,772 2430,759 1567,754"/>
                <Baseline points="1579,794 1630,795 1682,798 1734,798 1786,800 1838,801 1890,801 1941,802 1993,803 2045,804 2097,804 2149,804 2201,805 2253,805 2304,806 2356,806 2408,806 2460,807 2512,808 2564,809 2616,809"/>
                <TextEquiv>
                    <Unicode>Bruno Cassirer, Berlin) ist sogar dermaßen einfach</Unicode>
                </TextEquiv>
            </TextLine>
            <TextLine id="r2l16" custom="readingOrder {index:15;}">
                <Coords points="488,840 1554,860 1555,805 489,779"/>
                <Baseline points="500,824 552,825 604,826 656,827 708,828 760,829 812,830 864,832 916,833 968,834 1020,836 1072,837 1124,838 1176,839 1228,839 1280,840 1332,840 1384,840 1436,839 1488,839 1540,837"/>
                <TextEquiv>
                    <Unicode>kleinen Kürbis und fragte, was das sei. Verlegen</Unicode>
                </TextEquiv>
            </TextLine>
            <TextLine id="r2l17" custom="readingOrder {index:16;}">
                <Coords points="1556,841 2552,865 2631,836 1557,801"/>
                <Baseline points="1571,840 1623,840 1675,841 1728,841 1780,842 1833,843 1885,844 1937,844 1990,845 2042,846 2095,847 2147,847 2199,848 2252,849 2304,849 2357,849 2409,850 2461,850 2514,850 2566,849 2619,849"/>
                <TextEquiv>
                    <Unicode>angelegt, daß er für einen wirklichen Erziehungs¬</Unicode>
                </TextEquiv>
            </TextLine>
            <TextLine id="r2l18" custom="readingOrder {index:17;}">
                <Coords points="480,873 1512,891 1512,854 1446,841 903,827 860,856 818,824 480,818"/>
                <Baseline points="494,869 544,870 594,871 644,872 695,873 745,874 795,875 846,876 896,877 946,877 997,878 1047,879 1097,879 1147,879 1198,880 1248,880 1298,880 1349,879 1399,879 1449,878 1500,877"/>
                <TextEquiv>
                    <Unicode>gestand der Alte, das sei sein Schmalzlerglasl —</Unicode>
                </TextEquiv>
            </TextLine>
            <TextLine id="r2l19" custom="readingOrder {index:18;}">
                <Coords points="1562,894 2629,910 2630,836 2312,871 1563,851"/>
                <Baseline points="1576,881 1628,882 1680,884 1732,885 1784,886 1836,887 1888,888 1940,889 1992,889 2044,890 2096,891 2148,891 2200,892 2252,892 2304,893 2356,893 2408,893 2460,894 2512,894 2564,895 2617,895"/>
                <TextEquiv>
                    <Unicode>roman nicht genügend verwickelt ist. Es wird nur</Unicode>
                </TextEquiv>
            </TextLine>
            <TextLine id="r2l20" custom="readingOrder {index:19;}">
                <Coords points="478,908 1523,936 1557,934 1558,881 478,874"/>
                <Baseline points="490,916 542,916 595,916 648,916 700,916 753,916 806,917 858,917 911,918 964,919 1017,920 1069,920 1122,921 1175,922 1227,923 1280,924 1333,924 1385,925 1438,925 1491,926 1544,926"/>
                <TextEquiv>
                    <Unicode>gewesen. „Neen, Domins; als ich noch Kaffer war,</Unicode>
                </TextEquiv>
            </TextLine>
            <TextLine id="r2l21" custom="readingOrder {index:20;}">
                <Coords points="1569,929 2211,929 2269,957 2556,950 2634,911 1570,892"/>
                <Baseline points="1582,921 1636,924 1691,928 1746,929 1800,932 1855,933 1910,934 1964,935 2019,936 2074,936 2128,937 2183,937 2238,937 2292,937 2347,937 2402,937 2456,938 2511,938 2566,939 2621,940"/>
                <TextEquiv>
                    <Unicode>etwa ein halbes Jahr aus dem Leben eines</Unicode>
                </TextEquiv>
            </TextLine>
            <TextLine id="r2l22" custom="readingOrder {index:21;}">
                <Coords points="476,961 1550,985 1535,927 477,910"/>
                <Baseline points="490,957 542,957 594,958 647,958 699,959 752,960 804,961 856,962 909,964 961,965 1014,966 1066,967 1118,968 1171,969 1223,970 1276,971 1328,971 1380,971 1433,970 1485,969 1538,968"/>
                <TextEquiv>
                    <Unicode>hab ich's gebraucht; jetzt, wo ich Christ bin, natürlich</Unicode>
                </TextEquiv>
            </TextLine>
            <TextLine id="r2l23" custom="readingOrder {index:22;}">
                <Coords points="1552,979 2629,993 2601,940 1553,928"/>
                <Baseline points="1566,969 1618,971 1670,972 1723,973 1775,974 1828,976 1880,976 1933,977 1985,978 2038,979 2090,980 2142,980 2195,981 2247,981 2300,981 2352,981 2405,982 2457,982 2510,981 2562,981 2615,981"/>
                <TextEquiv>
                    <Unicode>Dreiundzwanzigjährigen geschildert. Ereignisse mit</Unicode>
                </TextEquiv>
            </TextLine>
            <TextLine id="r2l24" custom="readingOrder {index:23;}">
                <Coords points="478,1011 1545,1008 1545,968 479,960"/>
                <Baseline points="493,1002 547,1002 602,1003 657,1004 711,1005 766,1006 821,1007 875,1008 930,1009 985,1010 1039,1010 1094,1011 1149,1011 1203,1012 1258,1012 1313,1012 1367,1012 1422,1011 1477,1010 1532,1010"/>
                <TextEquiv>
                    <Unicode>nicht mehr.“ Mich freute die Empfindlichkeit dieses</Unicode>
                </TextEquiv>
            </TextLine>
            <TextLine id="r2l25" custom="readingOrder {index:24;}">
                <Coords points="1560,1017 2629,1026 2627,994 2519,982 1560,972"/>
                <Baseline points="1573,1012 1625,1014 1677,1015 1729,1016 1781,1017 1833,1019 1885,1020 1937,1021 1989,1022 2041,1023 2094,1024 2146,1025 2198,1025 2250,1026 2302,1026 2354,1026 2406,1027 2458,1027 2510,1026 2562,1026 2615,1025"/>
                <TextEquiv>
                    <Unicode>irgendeiner sichtbaren Einwirkung auf dessen Ent¬</Unicode>
                </TextEquiv>
            </TextLine>
            <TextLine id="r2l26" custom="readingOrder {index:25;}">
                <Coords points="485,1049 1549,1051 1483,1015 485,1007"/>
                <Baseline points="499,1046 550,1045 602,1044 654,1044 706,1045 758,1045 810,1046 861,1048 913,1048 965,1050 1017,1051 1069,1053 1121,1054 1173,1055 1224,1056 1276,1056 1328,1056 1380,1056 1432,1055 1484,1053 1536,1051"/>
                <TextEquiv>
                    <Unicode>christlichen Gewissens, und um den Alten vor An¬</Unicode>
                </TextEquiv>
            </TextLine>
            <TextLine id="r2l27" custom="readingOrder {index:26;}">
                <Coords points="1555,1061 2447,1086 2624,1078 2625,1030 1555,1017"/>
                <Baseline points="1567,1057 1619,1057 1671,1058 1723,1058 1775,1060 1828,1061 1880,1062 1932,1064 1984,1065 2036,1067 2089,1068 2141,1070 2193,1071 2245,1071 2297,1072 2350,1072 2402,1072 2454,1071 2506,1070 2558,1068 2611,1066"/>
                <TextEquiv>
                    <Unicode>wicklung sind nicht zu verzeichnen; ja, es gibt über¬</Unicode>
                </TextEquiv>
            </TextLine>
            <TextLine id="r2l28" custom="readingOrder {index:27;}">
                <Coords points="488,1098 1531,1116 1558,1042 1463,1068 489,1050"/>
                <Baseline points="501,1090 553,1090 605,1090 657,1091 709,1091 761,1092 813,1093 866,1094 918,1094 970,1095 1022,1096 1074,1097 1126,1098 1178,1098 1231,1099 1283,1099 1335,1099 1387,1099 1439,1098 1491,1097 1544,1096"/>
                <TextEquiv>
                    <Unicode>fechtungen zu bewahren, ließ ich mir die ausgediente</Unicode>
                </TextEquiv>
            </TextLine>
            <TextLine id="r2l29" custom="readingOrder {index:28;}">
                <Coords points="1553,1104 2627,1127 2628,1082 2536,1072 1554,1062"/>
                <Baseline points="1567,1099 1619,1099 1671,1100 1724,1101 1776,1102 1829,1103 1881,1105 1933,1106 1986,1107 2038,1108 2091,1110 2143,1110 2195,1111 2248,1112 2300,1113 2353,1114 2405,1115 2457,1116 2510,1116 2562,1116 2615,1116"/>
                <TextEquiv>
                    <Unicode>haupt keine Ereignisse in diesem Roman, sie werden</Unicode>
                </TextEquiv>
            </TextLine>
            <TextLine id="r2l30" custom="readingOrder {index:29;}">
                <Coords points="477,1129 1557,1156 1557,1103 478,1095"/>
                <Baseline points="489,1133 541,1132 594,1132 647,1132 700,1133 752,1133 805,1135 858,1136 911,1138 963,1139 1016,1140 1069,1142 1122,1143 1174,1144 1227,1145 1280,1145 1333,1145 1385,1145 1438,1144 1491,1142 1544,1140"/>
                <TextEquiv>
                    <Unicode>Schnupftabaksdose schenken. Ein gottloser Kollege in</Unicode>
                </TextEquiv>
            </TextLine>
            <TextLine id="r2l31" custom="readingOrder {index:30;}">
                <Coords points="1569,1170 1734,1149 1757,1168 1781,1145 1815,1167 1845,1152 2024,1158 2020,1105 1977,1120 1571,1109"/>
                <Baseline points="1582,1141 1607,1142 1632,1143 1657,1144 1683,1144 1708,1146 1733,1146 1759,1147 1784,1148 1809,1149 1834,1149 1860,1150 1885,1150 1910,1150 1936,1150 1961,1150 1986,1150 2012,1149"/>
                <TextEquiv>
                    <Unicode>erfolgreich vermieden.</Unicode>
                </TextEquiv>
            </TextLine>
            <TextLine id="r2l32" custom="readingOrder {index:31;}">
                <Coords points="469,1163 592,1192 1545,1205 1546,1158 469,1137"/>
                <Baseline points="483,1176 535,1176 587,1177 640,1177 692,1178 745,1179 797,1180 850,1181 902,1182 955,1183 1007,1184 1059,1185 1112,1186 1164,1187 1217,1188 1269,1188 1322,1188 1374,1189 1427,1189 1479,1188 1532,1188"/>
                <TextEquiv>
                    <Unicode>der Heimat hätte sie längst gern ihrer alten Bestimmung</Unicode>
                </TextEquiv>
            </TextLine>
            <TextLine id="r2l33" custom="readingOrder {index:32;}">
                <Coords points="1624,1194 2490,1222 2633,1189 2633,1155 2504,1135 1625,1155"/>
                <Baseline points="1637,1192 1686,1192 1735,1192 1784,1193 1833,1193 1882,1194 1931,1195 1980,1196 2029,1196 2078,1197 2128,1198 2177,1199 2226,1200 2275,1200 2324,1201 2373,1201 2422,1201 2471,1201 2520,1200 2569,1199 2619,1198"/>
                <TextEquiv>
                    <Unicode>Josef, so heißt hier der junge Mann, tritt in</Unicode>
                </TextEquiv>
            </TextLine>
            <TextLine id="r2l34" custom="readingOrder {index:33;}">
                <Coords points="481,1227 1450,1248 1542,1222 1543,1193 482,1177"/>
                <Baseline points="495,1220 546,1221 598,1222 649,1223 701,1224 753,1225 804,1226 856,1227 908,1228 959,1228 1011,1229 1063,1229 1114,1229 1166,1230 1218,1230 1269,1230 1321,1230 1373,1231 1424,1231 1476,1231 1528,1230"/>
                <TextEquiv>
                    <Unicode>wieder zugeführt; aber das darf ich dem „christlichen“</Unicode>
                </TextEquiv>
            </TextLine>
            <TextLine id="r2l35" custom="readingOrder {index:34;}">
                <Coords points="1561,1236 2631,1240 2632,1187 2296,1218 1563,1175"/>
                <Baseline points="1575,1229 1627,1230 1679,1231 1731,1233 1783,1235 1835,1237 1887,1238 1939,1240 1991,1241 2043,1243 2096,1244 2148,1245 2200,1246 2252,1247 2304,1247 2356,1248 2408,1248 2460,1247 2512,1247 2564,1246 2617,1244"/>
                <TextEquiv>
                    <Unicode>Bureau und Haus eines Ingenieurs am Ufer eines</Unicode>
                </TextEquiv>
            </TextLine>
            <TextLine id="r2l36" custom="readingOrder {index:35;}">
                <Coords points="472,1263 1544,1298 1545,1224 473,1234"/>
                <Baseline points="485,1267 537,1266 589,1266 641,1266 694,1266 746,1267 798,1268 850,1269 903,1271 955,1272 1007,1273 1059,1274 1112,1275 1164,1276 1216,1277 1268,1277 1321,1277 1373,1277 1425,1276 1477,1275 1530,1273"/>
                <TextEquiv>
                    <Unicode>Kaffer nicht antun. Im übrigen, Respekt vor all</Unicode>
                </TextEquiv>
            </TextLine>
            <TextLine id="r2l37" custom="readingOrder {index:36;}">
                <Coords points="1569,1277 2633,1291 2613,1238 1570,1235"/>
                <Baseline points="1581,1273 1635,1274 1690,1275 1745,1276 1799,1278 1854,1280 1909,1282 1963,1283 2018,1286 2073,1287 2127,1289 2182,1290 2237,1291 2291,1292 2346,1292 2401,1292 2455,1291 2510,1290 2565,1287 2620,1285"/>
                <TextEquiv>
                    <Unicode>Schweizer Sees ein, arbeitet und lebt vom Sommer</Unicode>
                </TextEquiv>
            </TextLine>
            <TextLine id="r2l38" custom="readingOrder {index:37;}">
                <Coords points="481,1305 1481,1335 1539,1317 1540,1283 481,1273"/>
                <Baseline points="493,1308 544,1309 596,1309 648,1310 699,1311 751,1312 803,1313 854,1314 906,1316 958,1316 1010,1318 1061,1319 1113,1319 1165,1320 1216,1320 1268,1320 1320,1320 1371,1320 1423,1319 1475,1317 1527,1316"/>
                <TextEquiv>
                    <Unicode>dem, was diese Farbigen hier auf ihrem Pacht¬</Unicode>
                </TextEquiv>
            </TextLine>
            <TextLine id="r2l39" custom="readingOrder {index:38;}">
                <Coords points="1557,1329 2491,1349 2626,1311 1557,1279"/>
                <Baseline points="1570,1317 1622,1319 1674,1321 1726,1322 1778,1324 1830,1325 1882,1327 1935,1328 1987,1330 2039,1331 2091,1332 2143,1332 2195,1333 2247,1333 2300,1334 2352,1333 2404,1333 2456,1332 2508,1331 2560,1330 2613,1328"/>
                <TextEquiv>
                    <Unicode>bis Neujahr, während die Verhältnisse seines Arbeit¬</Unicode>
                </TextEquiv>
            </TextLine>
            <TextLine id="r2l40" custom="readingOrder {index:39;}">
                <Coords points="470,1355 1088,1356 1148,1386 1539,1375 1540,1332 471,1307"/>
                <Baseline points="483,1351 535,1352 587,1353 639,1354 691,1355 744,1356 796,1357 848,1359 900,1360 952,1360 1005,1361 1057,1362 1109,1363 1161,1363 1213,1363 1266,1363 1318,1363 1370,1363 1422,1362 1474,1362 1527,1361"/>
                <TextEquiv>
                    <Unicode>lande leisten, und Respekt vor den Erziehungs¬</Unicode>
                </TextEquiv>
            </TextLine>
            <TextLine id="r2l41" custom="readingOrder {index:40;}">
                <Coords points="1554,1371 2499,1393 2623,1374 2624,1323 1555,1329"/>
                <Baseline points="1566,1365 1618,1365 1670,1366 1722,1366 1775,1367 1827,1368 1879,1369 1931,1370 1984,1372 2036,1373 2088,1374 2140,1375 2193,1377 2245,1377 2297,1378 2349,1378 2402,1378 2454,1378 2506,1377 2558,1376 2611,1374"/>
                <TextEquiv>
                    <Unicode>gebers sich bestöndig verschlechtern, und tritt</Unicode>
                </TextEquiv>
            </TextLine>
            <TextLine id="r2l42" custom="readingOrder {index:41;}">
                <Coords points="473,1398 1320,1427 1442,1397 1547,1425 1548,1372 473,1358"/>
                <Baseline points="485,1393 537,1394 589,1396 642,1397 694,1399 747,1400 799,1401 851,1403 904,1404 956,1405 1009,1405 1061,1406 1113,1407 1166,1407 1218,1407 1271,1407 1323,1407 1375,1407 1428,1407 1480,1406 1533,1406"/>
                <TextEquiv>
                    <Unicode>resultaten der Mission! Jede andere Form der</Unicode>
                </TextEquiv>
            </TextLine>
            <TextLine id="r2l43" custom="readingOrder {index:42;}">
                <Coords points="1565,1416 2552,1431 2621,1422 2622,1382 1566,1371"/>
                <Baseline points="1577,1406 1628,1407 1680,1407 1731,1408 1783,1409 1835,1410 1886,1411 1938,1413 1989,1414 2041,1415 2093,1416 2144,1417 2196,1418 2247,1419 2299,1420 2351,1420 2402,1420 2454,1420 2505,1420 2557,1419 2609,1418"/>
                <TextEquiv>
                    <Unicode>wieder aus. Er kommt aus dem Ungewissen und</Unicode>
                </TextEquiv>
            </TextLine>
            <TextLine id="r2l44" custom="readingOrder {index:43;}">
                <Coords points="471,1441 1268,1470 1508,1460 1549,1407 471,1396"/>
                <Baseline points="483,1444 535,1444 588,1444 640,1444 693,1444 746,1445 798,1446 851,1446 904,1448 956,1449 1009,1450 1062,1450 1114,1451 1167,1452 1220,1453 1272,1453 1325,1453 1378,1453 1430,1452 1483,1451 1536,1449"/>
                <TextEquiv>
                    <Unicode>Missionierung als die der Erziehung von Ein¬</Unicode>
                </TextEquiv>
            </TextLine>
            <TextLine id="r2l45" custom="readingOrder {index:44;}">
                <Coords points="1553,1458 2498,1456 2625,1484 2626,1423 1554,1418"/>
                <Baseline points="1567,1456 1619,1455 1671,1454 1723,1454 1776,1454 1828,1455 1880,1455 1932,1456 1985,1458 2037,1459 2089,1460 2141,1461 2194,1462 2246,1463 2298,1464 2350,1465 2403,1465 2455,1464 2507,1464 2559,1463 2612,1460"/>
                <TextEquiv>
                    <Unicode>geht ins Ungewisse, ungewandelt und ohne Ent¬</Unicode>
                </TextEquiv>
            </TextLine>
            <TextLine id="r2l46" custom="readingOrder {index:45;}">
                <Coords points="470,1476 1473,1510 1544,1506 1545,1474 470,1441"/>
                <Baseline points="482,1488 534,1487 587,1486 639,1486 692,1486 744,1486 797,1487 849,1488 902,1489 954,1490 1007,1491 1059,1492 1112,1493 1164,1494 1217,1495 1269,1495 1322,1495 1374,1495 1427,1495 1479,1494 1532,1492"/>
                <TextEquiv>
                    <Unicode>geborenen auf Missionsfarmen erscheint mir verfehlt.</Unicode>
                </TextEquiv>
            </TextLine>
            <TextLine id="r2l47" custom="readingOrder {index:46;}">
                <Coords points="1553,1495 2574,1522 2627,1515 2628,1483 1554,1458"/>
                <Baseline points="1566,1495 1618,1496 1670,1498 1723,1499 1775,1500 1828,1501 1880,1502 1933,1502 1985,1503 2038,1504 2090,1504 2142,1505 2195,1505 2247,1506 2300,1506 2352,1507 2405,1508 2457,1508 2510,1509 2562,1511 2615,1512"/>
                <TextEquiv>
                    <Unicode>schlüsse. Das einzige Ergebnis ist eine Bemerkung,</Unicode>
                </TextEquiv>
            </TextLine>
            <TextLine id="r2l48" custom="readingOrder {index:47;}">
                <Coords points="471,1537 1546,1551 1546,1501 472,1494"/>
                <Baseline points="484,1532 536,1531 588,1531 641,1531 693,1531 746,1532 798,1532 850,1533 903,1534 955,1535 1008,1536 1060,1537 1112,1538 1165,1539 1217,1539 1270,1540 1322,1540 1374,1540 1427,1540 1479,1539 1532,1539"/>
                <TextEquiv>
                    <Unicode>Natürlich müssen die hier Erzogenen nach ihrem</Unicode>
                </TextEquiv>
            </TextLine>
            <TextLine id="r2l49" custom="readingOrder {index:48;}">
                <Coords points="1561,1542 2635,1555 2635,1526 2535,1511 1561,1500"/>
                <Baseline points="1574,1534 1626,1536 1678,1538 1731,1540 1783,1542 1836,1543 1888,1544 1941,1546 1993,1547 2046,1548 2098,1549 2150,1550 2203,1550 2255,1551 2308,1551 2360,1552 2413,1552 2465,1552 2518,1552 2570,1553 2623,1553"/>
                <TextEquiv>
                    <Unicode>die dem Helden kurz vorm Schluß (S. 383) in den</Unicode>
                </TextEquiv>
            </TextLine>
            <TextLine id="r2l50" custom="readingOrder {index:49;}">
                <Coords points="474,1573 1426,1600 1546,1575 1546,1543 474,1538"/>
                <Baseline points="487,1573 539,1574 591,1574 643,1574 696,1575 748,1575 800,1576 853,1576 905,1577 957,1578 1010,1578 1062,1579 1114,1579 1166,1580 1219,1580 1271,1581 1323,1581 1376,1581 1428,1582 1480,1582 1533,1582"/>
                <TextEquiv>
                    <Unicode>Wegzug gleich ihren Kindern auch weiterbin unter</Unicode>
                </TextEquiv>
            </TextLine>
            <TextLine id="r2l51" custom="readingOrder {index:50;}">
                <Coords points="1560,1589 2627,1605 2627,1547 1561,1542"/>
                <Baseline points="1573,1584 1625,1584 1677,1585 1729,1585 1781,1586 1833,1586 1885,1587 1937,1587 1989,1588 2041,1588 2093,1589 2145,1590 2197,1590 2249,1591 2301,1591 2353,1592 2405,1592 2457,1593 2509,1593 2561,1593 2613,1594"/>
                <TextEquiv>
                    <Unicode>Mund gelegt wird. Danach hatte das Unglück eines</Unicode>
                </TextEquiv>
            </TextLine>
            <TextLine id="r2l52" custom="readingOrder {index:51;}">
                <Coords points="477,1622 1548,1648 1549,1603 477,1572"/>
                <Baseline points="491,1617 543,1617 595,1617 647,1618 700,1618 752,1619 804,1620 856,1621 909,1622 961,1623 1013,1624 1065,1625 1118,1626 1170,1627 1222,1628 1274,1628 1327,1629 1379,1629 1431,1628 1483,1628 1536,1627"/>
                <TextEquiv>
                    <Unicode>kirchlichen und religiösen Einflüssen bleiben, wie</Unicode>
                </TextEquiv>
            </TextLine>
            <TextLine id="r2l53" custom="readingOrder {index:52;}">
                <Coords points="1559,1629 2615,1659 2592,1597 1560,1590"/>
                <Baseline points="1573,1623 1624,1624 1675,1625 1727,1627 1778,1628 1830,1629 1881,1630 1932,1631 1984,1632 2035,1633 2087,1634 2138,1635 2189,1635 2241,1636 2292,1637 2344,1637 2395,1637 2446,1638 2498,1638 2549,1638 2601,1638"/>
                <TextEquiv>
                    <Unicode>verkommenden Bekannten für ihn den Vorteil, ihn</Unicode>
                </TextEquiv>
            </TextLine>
            <TextLine id="r2l54" custom="readingOrder {index:53;}">
                <Coords points="478,1662 1367,1702 1507,1690 1545,1638 478,1622"/>
                <Baseline points="492,1661 543,1661 595,1661 647,1661 699,1662 751,1663 803,1664 855,1665 907,1666 959,1667 1011,1668 1062,1669 1114,1670 1166,1671 1218,1672 1270,1672 1322,1672 1374,1672 1426,1671 1478,1670 1530,1669"/>
                <TextEquiv>
                    <Unicode>andere Leute auch; aber die grundlegende Arbeit</Unicode>
                </TextEquiv>
            </TextLine>
            <TextLine id="r2l55" custom="readingOrder {index:54;}">
                <Coords points="1563,1678 2582,1693 2624,1688 2625,1643 1564,1630"/>
                <Baseline points="1577,1669 1628,1670 1680,1672 1732,1674 1783,1675 1835,1676 1887,1677 1938,1678 1990,1678 2042,1679 2094,1679 2145,1679 2197,1680 2249,1680 2300,1680 2352,1680 2404,1680 2455,1680 2507,1680 2559,1680 2611,1680"/>
                <TextEquiv>
                    <Unicode>selbst zu beruhigen, daß er „dem kommenden Leben</Unicode>
                </TextEquiv>
            </TextLine>
            <TextLine id="r2l56" custom="readingOrder {index:55;}">
                <Coords points="476,1724 603,1699 624,1718 1252,1723 1253,1683 477,1661"/>
                <Baseline points="490,1709 527,1708 564,1706 602,1706 639,1705 677,1705 714,1705 751,1705 789,1706 826,1706 864,1707 901,1708 938,1708 976,1709 1013,1710 1051,1711 1088,1712 1125,1713 1163,1713 1200,1714 1238,1714"/>
                <TextEquiv>
                    <Unicode>sollte geschehen auf Missionsfarmen.</Unicode>
                </TextEquiv>
            </TextLine>
            <TextLine id="r2l57" custom="readingOrder {index:56;}">
                <Coords points="1562,1743 1647,1718 2415,1745 2466,1714 2629,1740 2630,1684 1563,1677"/>
                <Baseline points="1575,1713 1627,1715 1679,1716 1731,1718 1783,1719 1835,1720 1887,1721 1939,1722 1991,1723 2043,1724 2095,1724 2147,1725 2199,1726 2251,1726 2303,1727 2355,1727 2407,1727 2459,1728 2511,1728 2563,1728 2615,1729"/>
                <TextEquiv>
                    <Unicode>tief und sorglos und warm ins Auge blicken“ kann.</Unicode>
                </TextEquiv>
            </TextLine>
            <TextLine id="r2l58" custom="readingOrder {index:57;}">
                <Coords points="536,1752 1545,1756 1545,1722 1445,1702 1379,1725 537,1709"/>
                <Baseline points="549,1746 598,1747 647,1748 696,1749 745,1751 794,1751 843,1752 893,1753 942,1754 991,1755 1040,1755 1089,1756 1138,1757 1187,1757 1237,1757 1286,1758 1335,1758 1384,1758 1433,1757 1482,1757 1532,1757"/>
                <TextEquiv>
                    <Unicode>Ostwärts von Bloemfontein führt eine eingleisige</Unicode>
                </TextEquiv>
            </TextLine>
            <TextLine id="r2l59" custom="readingOrder {index:58;}">
                <Coords points="1603,1774 2477,1800 2603,1791 2628,1739 1603,1735"/>
                <Baseline points="1617,1768 1666,1769 1716,1770 1766,1770 1816,1771 1866,1771 1916,1772 1966,1772 2016,1772 2066,1773 2116,1773 2165,1774 2215,1774 2265,1774 2315,1775 2365,1776 2415,1777 2465,1778 2515,1779 2565,1781 2615,1782"/>
                <TextEquiv>
                    <Unicode>Das heißt, sich die Sache ein bißchen gar bequem</Unicode>
                </TextEquiv>
            </TextLine>
            <TextLine id="r2l60" custom="readingOrder {index:59;}">
                <Coords points="464,1788 1541,1812 1520,1766 464,1754"/>
                <Baseline points="477,1797 529,1796 582,1795 634,1795 687,1795 740,1795 792,1796 845,1797 897,1798 950,1800 1003,1801 1055,1802 1108,1804 1160,1804 1213,1805 1266,1806 1318,1806 1371,1806 1423,1805 1476,1803 1529,1801"/>
                <TextEquiv>
                    <Unicode>Bahn in vielstündiger langsamer Fahrt über Water¬</Unicode>
                </TextEquiv>
            </TextLine>
            <TextLine id="r2l61" custom="readingOrder {index:60;}">
                <Coords points="1552,1822 2629,1824 2629,1782 1724,1795 1552,1761"/>
                <Baseline points="1565,1811 1617,1813 1670,1814 1722,1816 1775,1817 1827,1818 1880,1819 1932,1820 1985,1820 2037,1821 2090,1821 2142,1822 2195,1822 2247,1822 2300,1823 2352,1823 2405,1824 2457,1824 2510,1825 2562,1825 2615,1826"/>
                <TextEquiv>
                    <Unicode>machen. Zum Glück hat das Buch dennoch seine</Unicode>
                </TextEquiv>
            </TextLine>
            <TextLine id="r2l62" custom="readingOrder {index:61;}">
                <Coords points="471,1835 1535,1867 1504,1809 471,1795"/>
                <Baseline points="485,1840 536,1839 588,1838 640,1838 692,1838 744,1839 796,1839 847,1840 899,1841 951,1842 1003,1843 1055,1844 1107,1845 1159,1846 1210,1847 1262,1847 1314,1848 1366,1847 1418,1847 1470,1846 1522,1844"/>
                <TextEquiv>
                    <Unicode>works — so haben die Engländer das durch De Wets</Unicode>
                </TextEquiv>
            </TextLine>
            <TextLine id="r2l63" custom="readingOrder {index:62;}">
                <Coords points="1552,1862 1586,1860 1604,1871 1620,1860 1649,1872 1683,1867 1704,1873 1718,1865 1731,1871 1752,1866 1753,1821 1724,1815 1703,1828 1679,1819 1650,1827 1645,1821 1552,1817"/>
                <Baseline points="1566,1855 1595,1856 1624,1858 1653,1859 1682,1860 1711,1859 1740,1857"/>
                <TextEquiv>
                    <Unicode>Vorzüge.</Unicode>
                </TextEquiv>
            </TextLine>
            <TextLine id="r2l64" custom="readingOrder {index:63;}">
                <Coords points="1829,1872 2613,1874 2613,1826 1829,1825"/>
                <Baseline points="1842,1859 1881,1860 1921,1861 1961,1861 2001,1862 2041,1863 2081,1863 2121,1864 2161,1864 2201,1865 2241,1865 2281,1865 2321,1865 2361,1866 2401,1866 2441,1866 2481,1866 2521,1866 2561,1866 2601,1866"/>
                <TextEquiv>
                    <Unicode>s ist von jugendlicher Innigkeit der</Unicode>
                </TextEquiv>
            </TextLine>
            <TextLine id="r2l65" custom="readingOrder {index:64;}">
                <Coords points="474,1880 1536,1891 1412,1847 475,1848"/>
                <Baseline points="487,1882 538,1881 590,1880 642,1881 694,1881 746,1882 797,1883 849,1884 901,1886 953,1887 1005,1889 1056,1890 1108,1891 1160,1893 1212,1893 1264,1894 1315,1894 1367,1894 1419,1893 1471,1892 1523,1890"/>
                <TextEquiv>
                    <Unicode>kühnen Überfall berühmte Sannaspost offiziell um¬</Unicode>
                </TextEquiv>
            </TextLine>
            <TextLine id="r2l66" custom="readingOrder {index:65;}">
                <Coords points="1543,1909 2245,1898 2454,1933 2617,1921 2618,1879 1544,1869"/>
                <Baseline points="1557,1901 1609,1901 1661,1900 1714,1901 1766,1901 1819,1902 1871,1903 1923,1904 1976,1905 2028,1906 2081,1907 2133,1908 2185,1909 2238,1909 2290,1910 2343,1911 2395,1911 2447,1911 2500,1910 2552,1909 2605,1908"/>
                <TextEquiv>
                    <Unicode>Lebensandacht durchdrungen, die echte Schlichtheit</Unicode>
                </TextEquiv>
            </TextLine>
            <TextLine id="r2l67" custom="readingOrder {index:66;}">
                <Coords points="474,1925 1546,1950 1528,1891 475,1889"/>
                <Baseline points="487,1926 539,1926 591,1926 643,1927 696,1927 748,1928 800,1929 852,1930 905,1931 957,1932 1009,1933 1061,1934 1114,1935 1166,1936 1218,1936 1270,1937 1323,1937 1375,1937 1427,1936 1479,1936 1532,1935"/>
                <TextEquiv>
                    <Unicode>getauft — über den von Kaffernhäusern wimmelnden</Unicode>
                </TextEquiv>
            </TextLine>
            <TextLine id="r2l68" custom="readingOrder {index:67;}">
                <Coords points="1550,1953 2619,1967 2620,1909 1551,1906"/>
                <Baseline points="1564,1944 1616,1944 1668,1945 1720,1946 1772,1947 1824,1948 1876,1948 1929,1949 1981,1950 2033,1951 2085,1952 2137,1953 2189,1954 2241,1954 2294,1955 2346,1955 2398,1956 2450,1956 2502,1956 2554,1956 2607,1955"/>
                <TextEquiv>
                    <Unicode>sein kann, die aber selbst dann schön bliebe, wenn</Unicode>
                </TextEquiv>
            </TextLine>
            <TextLine id="r2l69" custom="readingOrder {index:68;}">
                <Coords points="471,1974 1422,2000 1501,1985 1502,1943 472,1939"/>
                <Baseline points="485,1968 535,1969 585,1969 635,1969 685,1970 735,1971 785,1971 835,1972 885,1973 935,1974 986,1975 1036,1975 1086,1976 1136,1977 1186,1978 1236,1978 1286,1979 1336,1980 1386,1980 1436,1980 1487,1981"/>
                <TextEquiv>
                    <Unicode>Thabamhu, in die Kornkammer des Freistaates. In</Unicode>
                </TextEquiv>
            </TextLine>
            <TextLine id="r2l70" custom="readingOrder {index:69;}">
                <Coords points="1554,2002 2613,2012 2613,1970 2474,1952 1555,1952"/>
                <Baseline points="1568,1987 1619,1988 1671,1989 1722,1989 1774,1990 1826,1991 1877,1992 1929,1992 1981,1993 2032,1994 2084,1995 2136,1995 2187,1996 2239,1996 2291,1997 2342,1998 2394,1998 2446,1998 2497,1999 2549,1999 2601,1999"/>
                <TextEquiv>
                    <Unicode>sie durchs Medium des Literarischen gegangen und</Unicode>
                </TextEquiv>
            </TextLine>
            <TextLine id="r2l71" custom="readingOrder {index:70;}">
                <Coords points="468,2016 1188,2042 1431,2027 1432,1993 468,1966"/>
                <Baseline points="481,2015 527,2014 574,2013 621,2013 668,2013 715,2013 761,2013 808,2014 855,2015 902,2016 949,2017 995,2018 1042,2019 1089,2020 1136,2021 1183,2022 1229,2022 1276,2023 1323,2023 1370,2024 1417,2024"/>
                <TextEquiv>
                    <Unicode>den „Kornspeicher“ könnte man sagen —</Unicode>
                </TextEquiv>
            </TextLine>
            <TextLine id="r2l72" custom="readingOrder {index:71;}">
                <Coords points="1549,2043 2581,2054 2626,1999 1549,2001"/>
                <Baseline points="1563,2035 1615,2035 1668,2035 1720,2036 1773,2036 1825,2036 1878,2037 1930,2037 1983,2038 2035,2039 2088,2039 2140,2040 2193,2040 2245,2041 2298,2041 2350,2041 2403,2042 2455,2042 2508,2042 2560,2042 2613,2042"/>
                <TextEquiv>
                    <Unicode>nur mehr „Simplizität“ zu nennen wäre. Der</Unicode>
                </TextEquiv>
            </TextLine>
            <TextLine id="r2l73" custom="readingOrder {index:72;}">
                <Coords points="470,2066 1510,2081 1545,2018 470,2016"/>
                <Baseline points="483,2056 535,2057 587,2057 640,2057 692,2058 744,2059 797,2059 849,2060 901,2061 954,2061 1006,2062 1058,2063 1111,2064 1163,2065 1215,2066 1268,2066 1320,2067 1372,2068 1425,2069 1477,2070 1530,2070"/>
                <TextEquiv>
                    <Unicode>hoch liegt das Bergland da droben. Über Ladybrand,</Unicode>
                </TextEquiv>
            </TextLine>
            <TextLine id="r2l74" custom="readingOrder {index:73;}">
                <Coords points="1549,2085 2496,2100 2621,2070 2495,2039 1549,2043"/>
                <Baseline points="1562,2074 1614,2075 1666,2076 1718,2076 1771,2077 1823,2078 1875,2079 1928,2080 1980,2081 2032,2083 2085,2084 2137,2084 2189,2085 2241,2086 2294,2087 2346,2087 2398,2087 2451,2087 2503,2086 2555,2085 2608,2084"/>
                <TextEquiv>
                    <Unicode>Charakter des Josef wird mit Liebe dargestellt,</Unicode>
                </TextEquiv>
            </TextLine>
            <TextLine id="r2l75" custom="readingOrder {index:74;}">
                <Coords points="463,2102 1535,2128 1535,2067 464,2065"/>
                <Baseline points="476,2102 528,2102 580,2103 633,2104 685,2105 737,2105 790,2106 842,2106 894,2107 947,2108 999,2108 1051,2109 1104,2109 1156,2110 1208,2110 1261,2111 1313,2112 1365,2113 1418,2113 1470,2114 1523,2115"/>
                <TextEquiv>
                    <Unicode>Ficksburg und Bethlehem wird heute wohl die</Unicode>
                </TextEquiv>
            </TextLine>
            <TextLine id="r2l76" custom="readingOrder {index:75;}">
                <Coords points="1558,2124 2619,2146 2620,2077 1559,2082"/>
                <Baseline points="1572,2121 1623,2121 1675,2122 1727,2122 1778,2123 1830,2123 1882,2123 1933,2124 1985,2124 2037,2124 2089,2124 2140,2125 2192,2125 2244,2125 2295,2125 2347,2126 2399,2126 2450,2126 2502,2127 2554,2127 2606,2128"/>
                <TextEquiv>
                    <Unicode>wird auch ein wenig aus der Vergangenheit mit¬</Unicode>
                </TextEquiv>
            </TextLine>
            <TextLine id="r2l77" custom="readingOrder {index:76;}">
                <Coords points="466,2145 1532,2176 1533,2115 467,2098"/>
                <Baseline points="480,2147 532,2146 584,2145 636,2145 688,2145 740,2145 792,2146 844,2147 896,2148 948,2150 1000,2151 1052,2152 1104,2153 1156,2154 1208,2155 1260,2156 1312,2156 1364,2157 1416,2156 1468,2156 1520,2155"/>
                <TextEquiv>
                    <Unicode>Eisenbahnlinie fertig ausgebaut sein bis nach Kroonstad.</Unicode>
                </TextEquiv>
            </TextLine>
            <TextLine id="r2l78" custom="readingOrder {index:77;}">
                <Coords points="1544,2174 2621,2171 2621,2134 2582,2129 1544,2113"/>
                <Baseline points="1557,2166 1609,2166 1662,2166 1714,2166 1767,2166 1820,2167 1872,2167 1925,2168 1977,2169 2030,2169 2083,2170 2135,2171 2188,2171 2240,2172 2293,2172 2346,2173 2398,2173 2451,2172 2503,2172 2556,2171 2609,2170"/>
                <TextEquiv>
                    <Unicode>beleuchtet und wirkt im ganzen organisch und fein¬</Unicode>
                </TextEquiv>
            </TextLine>
            <TextLine id="r2l79" custom="readingOrder {index:78;}">
                <Coords points="464,2202 1534,2211 1510,2160 465,2167"/>
                <Baseline points="478,2190 530,2190 582,2190 634,2191 686,2191 738,2192 790,2192 842,2193 894,2194 946,2194 999,2195 1051,2196 1103,2197 1155,2197 1207,2198 1259,2199 1311,2199 1363,2199 1415,2199 1467,2199 1520,2199"/>
                <TextEquiv>
                    <Unicode>Zu meiner Zeit ging sie nur bis Modderpoort. Von</Unicode>
                </TextEquiv>
            </TextLine>
            <TextLine id="r2l80" custom="readingOrder {index:79;}">
                <Coords points="1541,2215 2626,2220 2626,2169 1541,2173"/>
                <Baseline points="1555,2208 1607,2209 1660,2210 1713,2211 1766,2212 1819,2213 1872,2214 1924,2214 1977,2215 2030,2215 2083,2215 2136,2215 2189,2215 2242,2216 2294,2216 2347,2216 2400,2217 2453,2217 2506,2218 2559,2219 2612,2219"/>
                <TextEquiv>
                    <Unicode>nervig. Auch die übrigen Personen der Erzählung</Unicode>
                </TextEquiv>
            </TextLine>
            <TextLine id="r2l81" custom="readingOrder {index:80;}">
                <Coords points="472,2226 1472,2257 1547,2213 472,2202"/>
                <Baseline points="485,2232 537,2233 589,2233 642,2234 694,2234 746,2235 799,2236 851,2237 903,2238 956,2239 1008,2240 1060,2241 1113,2242 1165,2243 1217,2243 1270,2243 1322,2243 1374,2243 1427,2243 1479,2242 1532,2242"/>
                <TextEquiv>
                    <Unicode>da brachten mich des Burenfeldpredigers Kestells</Unicode>
                </TextEquiv>
            </TextLine>
            <TextLine id="r2l82" custom="readingOrder {index:81;}">
                <Coords points="1541,2256 2558,2275 2613,2268 2614,2221 1542,2211"/>
                <Baseline points="1556,2250 1608,2250 1660,2251 1712,2251 1764,2252 1816,2252 1868,2253 1921,2254 1973,2255 2025,2256 2077,2257 2129,2258 2181,2259 2233,2260 2286,2261 2338,2261 2390,2262 2442,2262 2494,2262 2546,2262 2599,2262"/>
                <TextEquiv>
                    <Unicode>haben leibhaftes Wesen. Walser weiß Nicht=Alltäg¬</Unicode>
                </TextEquiv>
            </TextLine>
            <TextLine id="r2l83" custom="readingOrder {index:82;}">
                <Coords points="471,2276 1540,2288 1519,2243 1242,2266 471,2226"/>
                <Baseline points="485,2282 537,2280 589,2278 641,2277 693,2277 745,2277 797,2277 850,2278 902,2279 954,2281 1006,2282 1058,2283 1110,2285 1162,2286 1215,2287 1267,2288 1319,2288 1371,2287 1423,2287 1475,2285 1528,2283"/>
                <TextEquiv>
                    <Unicode>Pferde über die Berge nach Ficksburg. Der wunder¬</Unicode>
                </TextEquiv>
            </TextLine>
            <TextLine id="r2l84" custom="readingOrder {index:83;}">
                <Coords points="1542,2312 2624,2320 2625,2278 1543,2254"/>
                <Baseline points="1556,2293 1608,2294 1661,2296 1714,2297 1767,2298 1819,2298 1872,2299 1925,2299 1978,2300 2030,2300 2083,2300 2136,2301 2189,2301 2241,2302 2294,2303 2347,2304 2400,2305 2452,2307 2505,2308 2558,2311 2611,2314"/>
                <TextEquiv>
                    <Unicode>liches zu sehen und liebt es, treffende Beobachtungen</Unicode>
                </TextEquiv>
            </TextLine>
            <TextLine id="r2l85" custom="readingOrder {index:84;}">
                <Coords points="470,2320 1286,2353 1503,2342 1535,2289 471,2275"/>
                <Baseline points="483,2322 534,2322 586,2322 638,2322 690,2322 742,2322 794,2323 845,2323 897,2324 949,2325 1001,2325 1053,2326 1105,2327 1157,2327 1208,2328 1260,2328 1312,2328 1364,2329 1416,2329 1468,2329 1520,2329"/>
                <TextEquiv>
                    <Unicode>bare Fernblick in die Gebirgswelt des Basutolandes</Unicode>
                </TextEquiv>
            </TextLine>
            <TextLine id="r2l86" custom="readingOrder {index:85;}">
                <Coords points="1552,2344 1605,2368 1639,2345 2225,2357 2262,2346 2263,2315 1553,2305"/>
                <Baseline points="1566,2334 1600,2336 1634,2338 1668,2340 1702,2341 1736,2341 1770,2342 1804,2342 1838,2342 1872,2343 1907,2343 1941,2342 1975,2342 2009,2342 2043,2342 2077,2342 2111,2342 2145,2342 2179,2342 2213,2342 2248,2343"/>
                <TextEquiv>
                    <Unicode>allgemeingültiger Art einzuflechten.</Unicode>
                </TextEquiv>
            </TextLine>
            <TextLine id="r2l87" custom="readingOrder {index:86;}">
                <Coords points="457,2373 1510,2388 1540,2330 457,2323"/>
                <Baseline points="470,2364 522,2365 575,2366 628,2366 681,2367 734,2368 786,2369 839,2369 892,2370 945,2371 998,2371 1050,2372 1103,2373 1156,2373 1209,2374 1262,2374 1314,2374 1367,2375 1420,2375 1473,2375 1526,2375"/>
                <TextEquiv>
                    <Unicode>lohnt allein schon die Kletterpartie. In einem</Unicode>
                </TextEquiv>
            </TextLine>
            <TextLine id="r2l88" custom="readingOrder {index:87;}">
                <Coords points="1609,2389 2607,2390 2607,2356 2441,2325 2380,2357 1609,2339"/>
                <Baseline points="1621,2381 1669,2382 1718,2384 1766,2385 1815,2386 1864,2387 1912,2388 1961,2388 2009,2389 2058,2389 2107,2390 2155,2390 2204,2390 2252,2390 2301,2390 2350,2391 2398,2391 2447,2391 2495,2391 2544,2392 2593,2392"/>
                <TextEquiv>
                    <Unicode>Leider nur versteht er seine Gestalten nicht zu</Unicode>
                </TextEquiv>
            </TextLine>
            <TextLine id="r2l89" custom="readingOrder {index:88;}">
                <Coords points="471,2410 1542,2444 1543,2383 471,2365"/>
                <Baseline points="483,2408 535,2409 587,2410 640,2411 692,2412 744,2413 797,2414 849,2414 901,2415 954,2416 1006,2416 1058,2416 1111,2417 1163,2417 1215,2417 1268,2418 1320,2418 1372,2418 1425,2418 1477,2418 1530,2419"/>
                <TextEquiv>
                    <Unicode>elenden Karren, gegen die fürchterliche Nacht¬</Unicode>
                </TextEquiv>
            </TextLine>
            <TextLine id="r2l90" custom="readingOrder {index:89;}">
                <Coords points="1540,2427 2617,2445 2597,2392 1541,2387"/>
                <Baseline points="1552,2425 1604,2425 1657,2426 1709,2426 1762,2427 1814,2428 1867,2429 1919,2430 1972,2431 2024,2432 2077,2433 2130,2434 2182,2436 2235,2436 2287,2437 2340,2438 2392,2439 2445,2440 2497,2440 2550,2440 2603,2440"/>
                <TextEquiv>
                    <Unicode>bewagen. Die Geschichte rückt nicht vom Fleck, nicht</Unicode>
                </TextEquiv>
            </TextLine>
            <TextLine id="r2l91" custom="readingOrder {index:90;}">
                <Coords points="458,2447 1049,2477 1532,2458 1506,2421 458,2418"/>
                <Baseline points="472,2453 524,2454 576,2454 629,2455 681,2455 733,2456 786,2457 838,2458 890,2459 943,2460 995,2461 1047,2462 1100,2463 1152,2463 1204,2464 1257,2464 1309,2464 1361,2463 1414,2462 1466,2461 1519,2460"/>
                <TextEquiv>
                    <Unicode>kälte nur durch ein zerrissenes Stück Segel¬</Unicode>
                </TextEquiv>
            </TextLine>
            <TextLine id="r2l92" custom="readingOrder {index:91;}">
                <Coords points="1549,2479 2621,2485 2553,2441 1550,2429"/>
                <Baseline points="1563,2469 1615,2470 1667,2471 1719,2472 1772,2473 1824,2474 1876,2474 1929,2475 1981,2476 2033,2477 2086,2478 2138,2479 2190,2479 2242,2480 2295,2481 2347,2482 2399,2482 2452,2483 2504,2484 2556,2484 2609,2485"/>
                <TextEquiv>
                    <Unicode>nur äußerlich, sondern namentlich auch innerlich.</Unicode>
                </TextEquiv>
            </TextLine>
            <TextLine id="r2l93" custom="readingOrder {index:92;}">
                <Coords points="459,2504 1541,2529 1542,2461 459,2462"/>
                <Baseline points="471,2499 523,2499 576,2499 629,2499 682,2500 735,2500 788,2501 840,2501 893,2502 946,2503 999,2503 1052,2504 1105,2505 1158,2505 1210,2506 1263,2506 1316,2506 1369,2506 1422,2506 1475,2506 1528,2505"/>
                <TextEquiv>
                    <Unicode>tuch geschützt, kam ich mittels Karriolpost</Unicode>
                </TextEquiv>
            </TextLine>
            <TextLine id="r2l94" custom="readingOrder {index:93;}">
                <Coords points="1547,2510 2497,2548 2613,2531 2614,2486 1547,2481"/>
                <Baseline points="1561,2510 1613,2512 1665,2513 1717,2515 1769,2515 1821,2516 1873,2517 1925,2518 1977,2518 2029,2519 2081,2519 2133,2520 2185,2520 2237,2520 2289,2521 2341,2521 2393,2522 2445,2522 2497,2523 2549,2524 2601,2525"/>
                <TextEquiv>
                    <Unicode>Stillhaltende Ziele zu treffen, ist aber nicht so schwer</Unicode>
                </TextEquiv>
            </TextLine>
            <TextLine id="r2l95" custom="readingOrder {index:94;}">
                <Coords points="458,2549 1538,2553 1496,2511 459,2501"/>
                <Baseline points="471,2538 523,2539 576,2540 628,2540 681,2541 734,2542 786,2543 839,2544 892,2546 944,2546 997,2548 1050,2548 1102,2549 1155,2550 1208,2550 1260,2551 1313,2551 1366,2551 1418,2551 1471,2551 1524,2550"/>
                <TextEquiv>
                    <Unicode>in zehnstündiger beschwerlicher Nachtfahrt nach</Unicode>
                </TextEquiv>
            </TextLine>
            <TextLine id="r2l96" custom="readingOrder {index:95;}">
                <Coords points="1538,2575 2620,2587 2621,2529 1538,2527"/>
                <Baseline points="1552,2558 1604,2558 1657,2558 1710,2558 1763,2559 1815,2560 1868,2560 1921,2561 1974,2562 2026,2562 2079,2563 2132,2564 2185,2565 2237,2565 2290,2566 2343,2566 2396,2567 2448,2567 2501,2567 2554,2567 2607,2567"/>
                <TextEquiv>
                    <Unicode>und nicht so interessant, wie bewegte zu treffen. Es</Unicode>
                </TextEquiv>
            </TextLine>
            <TextLine id="r2l97" custom="readingOrder {index:96;}">
                <Coords points="454,2598 1531,2609 1532,2551 455,2556"/>
                <Baseline points="467,2582 519,2583 572,2584 624,2585 677,2587 730,2587 782,2589 835,2590 887,2591 940,2591 993,2592 1045,2593 1098,2593 1150,2594 1203,2594 1256,2594 1308,2595 1361,2595 1413,2594 1466,2594 1519,2594"/>
                <TextEquiv>
                    <Unicode>Bethlehem. Die Strecke Bethlehem—Lindley—Kroon¬</Unicode>
                </TextEquiv>
            </TextLine>
            <TextLine id="r2l98" custom="readingOrder {index:97;}">
                <Coords points="1545,2611 2516,2628 2619,2619 2620,2587 1545,2563"/>
                <Baseline points="1557,2602 1609,2603 1662,2604 1714,2605 1767,2605 1819,2606 1872,2607 1924,2607 1977,2608 2029,2608 2082,2609 2134,2609 2187,2609 2239,2610 2292,2610 2344,2611 2397,2611 2449,2612 2502,2612 2554,2613 2607,2614"/>
                <TextEquiv>
                    <Unicode>lebt da eine zu weit getriebene Passivität, die oft</Unicode>
                </TextEquiv>
            </TextLine>
            <TextLine id="r2l99" custom="readingOrder {index:98;}">
                <Coords points="460,2621 530,2640 595,2625 611,2637 685,2635 699,2645 746,2622 745,2591 594,2596 573,2580 560,2594 459,2589"/>
                <Baseline points="473,2632 499,2635 525,2636 551,2636 577,2634 603,2633 629,2631 655,2630 681,2629 707,2628 733,2629"/>
                <TextEquiv>
                    <Unicode>stad war</Unicode>
                </TextEquiv>
            </TextLine>
            <TextLine id="r2l100" custom="readingOrder {index:99;}">
                <Coords points="740,2620 808,2660 940,2618 1009,2645 1115,2622 1154,2654 1326,2637 1418,2664 1542,2652 1543,2589 1358,2593 1326,2616 1189,2591 740,2596"/>
                <Baseline points="754,2631 792,2632 831,2632 870,2633 908,2633 947,2633 986,2634 1024,2634 1063,2635 1102,2635 1141,2635 1179,2636 1218,2636 1257,2636 1295,2636 1334,2637 1373,2637 1411,2637 1450,2637 1489,2637 1528,2637"/>
                <TextEquiv>
                    <Unicode> gerade eben eröffnet worden;</Unicode>
                </TextEquiv>
            </TextLine>
            <TextLine id="r2l101" custom="readingOrder {index:100;}">
                <Coords points="1542,2651 2619,2653 2619,2619 1542,2611"/>
                <Baseline points="1555,2649 1607,2648 1660,2648 1712,2648 1765,2647 1817,2648 1870,2648 1922,2648 1975,2649 2027,2650 2080,2650 2132,2651 2185,2652 2237,2652 2290,2653 2342,2653 2395,2654 2447,2654 2500,2653 2552,2653 2605,2652"/>
                <TextEquiv>
                    <Unicode>irrigerweise für ein Erfordernis des Romans ge¬</Unicode>
                </TextEquiv>
            </TextLine>
            <TextLine id="r2l102" custom="readingOrder {index:101;}">
                <Coords points="509,2675 1538,2697 1539,2639 1385,2664 1116,2624 937,2619 815,2657 781,2630 509,2638"/>
                <Baseline points="523,2675 573,2674 623,2674 673,2673 723,2673 773,2673 823,2673 873,2674 923,2674 973,2675 1023,2676 1073,2676 1123,2677 1173,2678 1223,2679 1273,2680 1323,2681 1373,2682 1423,2682 1473,2683 1524,2683"/>
                <TextEquiv>
                    <Unicode>ohatte ich doch wieder Eisenbahn, und</Unicode>
                </TextEquiv>
            </TextLine>
            <TextLine id="r2l103" custom="readingOrder {index:102;}">
                <Coords points="1551,2695 2615,2697 2615,2665 2504,2651 1551,2650"/>
                <Baseline points="1565,2692 1616,2692 1668,2692 1720,2692 1772,2692 1824,2692 1875,2693 1927,2693 1979,2693 2031,2693 2083,2694 2134,2694 2186,2694 2238,2695 2290,2695 2342,2696 2393,2696 2445,2697 2497,2697 2549,2698 2601,2699"/>
                <TextEquiv>
                    <Unicode>halten wird, eine mehr als buddhistische Wehr= und</Unicode>
                </TextEquiv>
            </TextLine>
            <TextLine id="r2l104" custom="readingOrder {index:103;}">
                <Coords points="461,2725 1538,2741 1538,2696 1475,2687 462,2667"/>
                <Baseline points="475,2720 527,2719 579,2719 632,2718 684,2718 737,2718 789,2719 842,2719 894,2720 947,2721 999,2722 1051,2723 1104,2724 1156,2725 1209,2726 1261,2726 1314,2727 1366,2728 1419,2728 1471,2729 1524,2728"/>
                <TextEquiv>
                    <Unicode>in Kroonstad erreichte ich wieder die Hauptlinie.</Unicode>
                </TextEquiv>
            </TextLine>
            <TextLine id="r2l105" custom="readingOrder {index:104;}">
                <Coords points="1538,2738 2618,2751 2618,2695 1539,2703"/>
                <Baseline points="1551,2736 1603,2734 1656,2733 1709,2733 1761,2733 1814,2733 1867,2733 1919,2734 1972,2735 2025,2736 2078,2737 2130,2739 2183,2740 2236,2741 2288,2742 2341,2742 2394,2743 2446,2743 2499,2743 2552,2742 2605,2741"/>
                <TextEquiv>
                    <Unicode>Reglosigkeit gegenüber dem Leben. Man möchte</Unicode>
                </TextEquiv>
            </TextLine>
            <TextLine id="r2l106" custom="readingOrder {index:105;}">
                <Coords points="526,2760 1368,2794 1532,2770 1530,2727 527,2715"/>
                <Baseline points="540,2760 591,2760 643,2760 694,2760 746,2760 797,2761 849,2762 900,2763 952,2764 1003,2765 1055,2766 1106,2766 1158,2767 1209,2768 1261,2769 1312,2769 1364,2769 1415,2769 1467,2769 1519,2768"/>
                <TextEquiv>
                    <Unicode>Halbwegs zwischen Kroonstad und der Transvaal¬</Unicode>
                </TextEquiv>
            </TextLine>
            <TextLine id="r2l107" custom="readingOrder {index:106;}">
                <Coords points="1547,2783 2621,2798 2621,2747 2434,2733 1547,2741"/>
                <Baseline points="1560,2779 1612,2779 1664,2780 1717,2780 1769,2780 1822,2781 1874,2781 1926,2781 1979,2781 2031,2782 2084,2782 2136,2783 2188,2783 2241,2784 2293,2784 2346,2785 2398,2785 2450,2786 2503,2787 2555,2788 2608,2789"/>
                <TextEquiv>
                    <Unicode>solche epischen Arbeiten als verlängerte Lyrik,</Unicode>
                </TextEquiv>
            </TextLine>
            <TextLine id="r2l108" custom="readingOrder {index:107;}">
                <Coords points="465,2802 1531,2828 1532,2770 465,2752"/>
                <Baseline points="477,2803 529,2802 581,2801 633,2801 685,2801 737,2802 789,2803 841,2803 893,2805 945,2806 997,2807 1049,2808 1101,2809 1153,2810 1205,2811 1257,2811 1309,2812 1361,2812 1413,2811 1465,2810 1518,2808"/>
                <TextEquiv>
                    <Unicode>grenze liegt die Farm Christian De Wets. Sieht</Unicode>
                </TextEquiv>
            </TextLine>
            <TextLine id="r2l109" custom="readingOrder {index:108;}">
                <Coords points="1536,2842 1732,2821 1752,2843 1940,2825 2080,2835 2080,2803 1991,2783 1729,2795 1709,2781 1537,2781"/>
                <Baseline points="1550,2815 1575,2816 1601,2817 1627,2817 1653,2818 1679,2818 1704,2819 1730,2820 1756,2820 1782,2821 1808,2821 1833,2822 1859,2822 1885,2823 1911,2823 1937,2823 1962,2823 1988,2823 2014,2823 2040,2823 2066,2823"/>
                <TextEquiv>
                    <Unicode>nicht als Epik einordnen.</Unicode>
                </TextEquiv>
            </TextLine>
            <TextLine id="r2l110" custom="readingOrder {index:109;}">
                <Coords points="468,2851 996,2836 1077,2869 1539,2876 1540,2818 468,2809"/>
                <Baseline points="480,2847 532,2845 584,2843 636,2842 689,2842 741,2842 793,2842 846,2843 898,2844 950,2845 1003,2846 1055,2847 1107,2849 1159,2850 1212,2851 1264,2851 1316,2852 1369,2852 1421,2852 1473,2851 1526,2850"/>
                <TextEquiv>
                    <Unicode>man in Bethanien, was Eingeborenenarbeit unter</Unicode>
                </TextEquiv>
            </TextLine>
            <TextLine id="r2l111" custom="readingOrder {index:110;}">
                <Coords points="1595,2875 2561,2893 2625,2877 2625,2830 1595,2838"/>
                <Baseline points="1609,2872 1659,2871 1709,2871 1759,2871 1809,2871 1859,2871 1909,2872 1959,2872 2009,2873 2059,2874 2110,2874 2160,2875 2210,2876 2260,2877 2310,2877 2360,2878 2410,2878 2460,2878 2510,2879 2560,2879 2611,2878"/>
                <TextEquiv>
                    <Unicode>Johannes Schlafs Wesen ist solche Art</Unicode>
                </TextEquiv>
            </TextLine>
            <TextLine id="r2l112" custom="readingOrder {index:111;}">
                <Coords points="465,2892 1500,2910 1535,2860 466,2852"/>
                <Baseline points="479,2888 531,2887 583,2886 635,2885 687,2885 739,2886 791,2886 843,2887 895,2888 947,2890 999,2891 1051,2892 1103,2893 1155,2894 1207,2895 1259,2896 1311,2896 1363,2896 1415,2896 1467,2895 1520,2893"/>
                <TextEquiv>
                    <Unicode>tüchtiger Leitung vermag, so zeigt uns Roodepoort,</Unicode>
                </TextEquiv>
            </TextLine>
            <TextLine id="r2l113" custom="readingOrder {index:112;}">
                <Coords points="1536,2926 2590,2941 2622,2883 1537,2878"/>
                <Baseline points="1551,2915 1603,2915 1656,2916 1709,2917 1762,2918 1815,2918 1867,2919 1920,2920 1973,2921 2026,2921 2079,2922 2131,2922 2184,2923 2237,2923 2290,2923 2343,2924 2395,2924 2448,2924 2501,2924 2554,2923 2607,2923"/>
                <TextEquiv>
                    <Unicode>verwandt, hat vielleicht gerade seinersells das Ver¬</Unicode>
                </TextEquiv>
            </TextLine>
            <TextLine id="r2l114" custom="readingOrder {index:113;}">
                <Coords points="467,2933 1531,2958 1531,2903 468,2891"/>
                <Baseline points="479,2930 533,2929 588,2928 643,2928 697,2928 752,2928 807,2929 861,2931 916,2932 971,2933 1025,2935 1080,2937 1135,2938 1189,2939 1244,2940 1299,2941 1353,2941 1408,2941 1463,2941 1518,2939"/>
                <TextEquiv>
                    <Unicode>was weiße Hände leisten können. Beide Farmen</Unicode>
                </TextEquiv>
            </TextLine>
            <TextLine id="r2l115" custom="readingOrder {index:114;}">
                <Coords points="1547,2962 2611,2977 2585,2926 1547,2922"/>
                <Baseline points="1561,2959 1612,2959 1664,2960 1716,2960 1768,2961 1820,2962 1871,2962 1923,2963 1975,2964 2027,2964 2079,2965 2130,2966 2182,2966 2234,2967 2286,2967 2338,2968 2389,2969 2441,2969 2493,2969 2545,2970 2597,2970"/>
                <TextEquiv>
                    <Unicode>wandte in solchen Jüngeren fördern helfen. In</Unicode>
                </TextEquiv>
            </TextLine>
            <TextLine id="r2l116" custom="readingOrder {index:115;}">
                <Coords points="457,2984 1537,3006 1538,2940 458,2929"/>
                <Baseline points="470,2972 522,2974 575,2975 628,2977 680,2978 733,2979 786,2980 838,2981 891,2982 944,2983 997,2983 1049,2984 1102,2984 1155,2985 1207,2985 1260,2986 1313,2986 1365,2986 1418,2986 1471,2987 1524,2987"/>
                <TextEquiv>
                    <Unicode>sind etwa groß, und beide müssen auch eine</Unicode>
                </TextEquiv>
            </TextLine>
            <TextLine id="r2l117" custom="readingOrder {index:116;}">
                <Coords points="1536,3002 2608,3019 2593,2969 1537,2968"/>
                <Baseline points="1549,3001 1601,3003 1653,3004 1705,3005 1758,3007 1810,3007 1862,3008 1915,3008 1967,3008 2019,3008 2072,3009 2124,3009 2176,3009 2228,3009 2281,3009 2333,3010 2385,3010 2438,3011 2490,3012 2542,3013 2595,3015"/>
                <TextEquiv>
                    <Unicode>seinem neuen Roman „Der Prinz" (Verlag</Unicode>
                </TextEquiv>
            </TextLine>
            <TextLine id="r2l118" custom="readingOrder {index:117;}">
                <Coords points="464,3005 477,3006 492,3022 532,3029 548,3021 579,3025 590,3017 603,3026 632,3021 648,3033 674,3033 676,2983 602,2989 573,2972 560,2985 515,2978 504,2986 465,2984"/>
                <Baseline points="477,3016 503,3018 529,3019 556,3020 582,3021 609,3021 635,3022 662,3023"/>
                <TextEquiv>
                    <Unicode>etwa g</Unicode>
                </TextEquiv>
            </TextLine>
            <TextLine id="r2l119" custom="readingOrder {index:118;}">
                <Coords points="828,3026 873,3008 952,3033 1129,3041 1182,3018 1287,3046 1488,3043 1522,3038 1523,2996 829,2984"/>
                <Baseline points="841,3023 874,3023 907,3023 941,3023 974,3023 1008,3024 1041,3024 1075,3025 1108,3026 1142,3026 1175,3027 1208,3028 1242,3028 1275,3029 1309,3029 1342,3030 1376,3030 1409,3030 1443,3030 1476,3029 1510,3029"/>
                <TextEquiv>
                    <Unicode>e Bevölkerung ernähren. Hat</Unicode>
                </TextEquiv>
            </TextLine>
            <TextLine id="r2l120" custom="readingOrder {index:119;}">
                <Coords points="1536,3058 2605,3072 2605,3019 2407,3006 1536,3005"/>
                <Baseline points="1548,3045 1600,3046 1652,3047 1704,3047 1756,3048 1808,3048 1860,3049 1913,3050 1965,3050 2017,3051 2069,3052 2121,3052 2173,3053 2225,3053 2278,3054 2330,3054 2382,3055 2434,3055 2486,3055 2538,3056 2591,3056"/>
                <TextEquiv>
                    <Unicode>Georg Müller, München und Leipzig) kehrt denn</Unicode>
                </TextEquiv>
            </TextLine>
            <TextLine id="r2l121" custom="readingOrder {index:120;}">
                <Coords points="464,3059 530,3070 638,3067 649,3078 704,3059 704,3028 641,3028 633,3020 614,3028 596,3022 588,3030 570,3022 538,3028 506,3020 464,3023"/>
                <Baseline points="478,3058 504,3062 531,3064 558,3065 585,3065 611,3064 638,3063 665,3061 692,3061"/>
                <TextEquiv>
                    <Unicode>Bethanien</Unicode>
                </TextEquiv>
            </TextLine>
            <TextLine id="r2l122" custom="readingOrder {index:121;}">
                <Coords points="751,3064 1525,3076 1525,3037 1425,3027 752,3027"/>
                <Baseline points="764,3060 801,3061 838,3063 876,3064 913,3065 951,3066 988,3067 1025,3068 1063,3069 1100,3069 1138,3070 1175,3070 1212,3071 1250,3071 1287,3072 1325,3072 1362,3072 1399,3072 1437,3072 1474,3072 1512,3073"/>
                <TextEquiv>
                    <Unicode>natürliches Sammelbecken für kleine</Unicode>
                </TextEquiv>
            </TextLine>
            <TextLine id="r2l123" custom="readingOrder {index:122;}">
                <Coords points="1539,3093 2507,3116 2613,3107 2614,3041 1539,3059"/>
                <Baseline points="1553,3090 1605,3090 1657,3089 1709,3089 1762,3089 1814,3090 1866,3090 1919,3091 1971,3092 2023,3093 2076,3094 2128,3095 2180,3096 2232,3097 2285,3098 2337,3099 2389,3099 2442,3100 2494,3100 2546,3099 2599,3099"/>
                <TextEquiv>
                    <Unicode>auch das Beschauliche, das Lyrische wieder, aber</Unicode>
                </TextEquiv>
            </TextLine>
            <TextLine id="r2l124" custom="readingOrder {index:123;}">
                <Coords points="463,3113 498,3110 519,3118 535,3107 582,3118 624,3108 648,3110 664,3123 701,3110 701,3063 532,3071 521,3063 463,3060"/>
                <Baseline points="476,3102 502,3105 529,3107 555,3107 582,3107 608,3106 635,3105 661,3105 688,3105"/>
                <TextEquiv>
                    <Unicode>Wasserzuf</Unicode>
                </TextEquiv>
            </TextLine>
            <TextLine id="r2l125" custom="readingOrder {index:124;}">
                <Coords points="765,3111 1496,3130 1531,3085 765,3069"/>
                <Baseline points="778,3105 814,3106 851,3107 888,3108 925,3109 962,3110 999,3110 1036,3111 1073,3112 1110,3112 1147,3113 1183,3113 1220,3114 1257,3114 1294,3115 1331,3116 1368,3116 1405,3117 1442,3118 1479,3119 1516,3120"/>
                <TextEquiv>
                    <Unicode>so hat. Roodepoort den Renosterrivier,</Unicode>
                </TextEquiv>
            </TextLine>
            <TextLine id="r2l126" custom="readingOrder {index:125;}">
                <Coords points="1534,3132 1784,3157 2041,3124 2497,3167 2613,3153 2614,3108 1534,3093"/>
                <Baseline points="1548,3137 1600,3134 1653,3132 1705,3131 1758,3131 1811,3131 1863,3132 1916,3133 1968,3134 2021,3135 2074,3137 2126,3138 2179,3140 2231,3141 2284,3142 2337,3143 2389,3144 2442,3144 2494,3144 2547,3143 2600,3141"/>
                <TextEquiv>
                    <Unicode>gegen Walser erscheint Schlaf doch geradezu als</Unicode>
                </TextEquiv>
            </TextLine>
            <TextLine id="r2l127" custom="readingOrder {index:126;}">
                <Coords points="465,3152 547,3163 560,3155 568,3161 637,3156 655,3174 700,3159 700,3111 571,3119 553,3110 508,3116 465,3107"/>
                <Baseline points="478,3147 504,3150 530,3151 556,3152 583,3152 609,3151 635,3151 661,3150 688,3151"/>
                <TextEquiv>
                    <Unicode>dessen W</Unicode>
                </TextEquiv>
            </TextLine>
            <TextLine id="r2l128" custom="readingOrder {index:127;}">
                <Coords points="744,3164 1504,3178 1528,3168 1529,3115 744,3114"/>
                <Baseline points="758,3147 795,3149 833,3152 871,3153 909,3154 947,3155 984,3156 1022,3156 1060,3156 1098,3156 1136,3156 1173,3156 1211,3156 1249,3156 1287,3156 1325,3156 1362,3157 1400,3158 1438,3159 1476,3161 1514,3163"/>
                <TextEquiv>
                    <Unicode>berfluß De Wet in einem Riesendamm</Unicode>
                </TextEquiv>
            </TextLine>
            <TextLine id="r2l129" custom="readingOrder {index:128;}">
                <Coords points="1537,3182 2606,3201 2583,3145 1538,3134"/>
                <Baseline points="1550,3174 1602,3176 1654,3177 1706,3178 1758,3179 1810,3180 1862,3181 1915,3181 1967,3182 2019,3182 2071,3183 2123,3183 2175,3184 2227,3184 2280,3184 2332,3185 2384,3185 2436,3186 2488,3186 2540,3186 2593,3187"/>
                <TextEquiv>
                    <Unicode>kompliziert, sein Held Jürg verhältnismäßig als</Unicode>
                </TextEquiv>
            </TextLine>
            <TextLine id="r2l130" custom="readingOrder {index:129;}">
                <Coords points="456,3209 469,3209 482,3196 522,3204 546,3195 585,3198 599,3211 614,3197 678,3208 678,3160 509,3159 490,3151 456,3157"/>
                <Baseline points="470,3195 497,3196 525,3196 553,3195 580,3195 608,3195 636,3194 664,3195"/>
                <TextEquiv>
                    <Unicode>sammelt</Unicode>
                </TextEquiv>
            </TextLine>
            <TextLine id="r2l131" custom="readingOrder {index:130;}">
                <Coords points="759,3199 1258,3212 1290,3186 1327,3216 1520,3211 1520,3166 760,3154"/>
                <Baseline points="773,3192 809,3194 846,3195 883,3196 919,3197 956,3198 993,3199 1029,3200 1066,3200 1103,3201 1140,3201 1176,3201 1213,3202 1250,3202 1286,3202 1323,3203 1360,3204 1396,3204 1433,3205 1470,3205 1507,3206"/>
                <TextEquiv>
                    <Unicode>über seine Felder leitet. Außerdem</Unicode>
                </TextEquiv>
            </TextLine>
            <TextLine id="r2l132" custom="readingOrder {index:131;}">
                <Coords points="1529,3218 2550,3256 2619,3241 2621,3178 1530,3179"/>
                <Baseline points="1542,3221 1595,3220 1648,3220 1701,3220 1755,3220 1808,3221 1861,3222 1914,3223 1968,3224 2021,3225 2074,3227 2127,3228 2181,3230 2234,3231 2287,3232 2340,3234 2394,3234 2447,3235 2500,3235 2553,3236 2607,3235"/>
                <TextEquiv>
                    <Unicode>Willensrecke obwohl er das an sich gar nicht sein</Unicode>
                </TextEquiv>
            </TextLine>
            <TextLine id="r2l133" custom="readingOrder {index:132;}">
                <Coords points="457,3239 478,3234 505,3249 545,3243 560,3254 576,3240 587,3243 608,3232 640,3250 669,3244 668,3200 623,3197 594,3206 586,3198 507,3202 499,3196 457,3207"/>
                <Baseline points="470,3234 496,3237 522,3237 548,3237 575,3236 601,3235 627,3234 654,3235"/>
                <TextEquiv>
                    <Unicode>besitzt &amp;</Unicode>
                </TextEquiv>
            </TextLine>
            <TextLine id="r2l134" custom="readingOrder {index:133;}">
                <Coords points="757,3240 1526,3257 1508,3209 758,3195"/>
                <Baseline points="770,3235 807,3236 844,3237 881,3238 918,3239 955,3240 992,3240 1029,3241 1066,3242 1103,3243 1141,3244 1178,3244 1215,3245 1252,3246 1289,3246 1326,3246 1363,3247 1400,3247 1437,3248 1474,3248 1512,3248"/>
                <TextEquiv>
                    <Unicode>die Gabe der Wasserfindung mit Hilfe</Unicode>
                </TextEquiv>
            </TextLine>
            <TextLine id="r2l135" custom="readingOrder {index:134;}">
                <Coords points="1536,3271 1583,3284 1623,3264 1681,3277 1713,3264 1747,3281 1823,3268 1918,3285 1992,3267 2021,3278 2022,3241 1972,3219 1829,3234 1806,3215 1774,3236 1536,3218"/>
                <Baseline points="1548,3263 1573,3263 1599,3263 1624,3263 1650,3263 1675,3263 1701,3264 1726,3264 1752,3265 1778,3265 1803,3265 1829,3266 1854,3266 1880,3266 1905,3267 1931,3267 1956,3266 1982,3266 2008,3266"/>
                <TextEquiv>
                    <Unicode>soll und auch nicht ist.</Unicode>
                </TextEquiv>
            </TextLine>
            <TextLine id="r2l136" custom="readingOrder {index:135;}">
                <Coords points="458,3279 474,3279 487,3293 526,3293 550,3283 568,3291 611,3284 624,3294 669,3284 669,3245 617,3239 611,3244 601,3236 574,3241 564,3251 545,3243 540,3249 458,3242"/>
                <Baseline points="472,3279 498,3280 524,3280 550,3281 577,3281 603,3281 629,3281 656,3282"/>
                <TextEquiv>
                    <Unicode>der Wi</Unicode>
                </TextEquiv>
            </TextLine>
            <TextLine id="r2l137" custom="readingOrder {index:136;}">
                <Coords points="739,3287 1504,3310 1537,3271 740,3234"/>
                <Baseline points="751,3282 789,3281 828,3281 866,3281 905,3282 944,3282 982,3283 1021,3284 1060,3286 1098,3287 1137,3288 1176,3289 1214,3291 1253,3292 1292,3293 1330,3294 1369,3294 1408,3295 1446,3295 1485,3295 1524,3295"/>
                <TextEquiv>
                    <Unicode>ute. Beide Güter liegen auch ganz</Unicode>
                </TextEquiv>
            </TextLine>
            <TextLine id="r2l138" custom="readingOrder {index:137;}">
                <Coords points="1593,3307 1794,3332 2604,3317 2396,3247 2330,3279 2140,3249 2016,3280 1593,3278"/>
                <Baseline points="1607,3309 1656,3310 1705,3310 1754,3310 1803,3311 1853,3311 1902,3311 1951,3311 2000,3311 2049,3311 2099,3311 2148,3311 2197,3311 2246,3311 2295,3311 2345,3312 2394,3312 2443,3313 2492,3314 2541,3315 2591,3316"/>
                <TextEquiv>
                    <Unicode>Dieser „Prinz“, ein ungewöhnlich begabter Wind¬</Unicode>
                </TextEquiv>
            </TextLine>
            <TextLine id="r2l139" custom="readingOrder {index:138;}">
                <Coords points="461,3334 498,3329 509,3340 522,3330 530,3338 583,3328 617,3337 625,3329 651,3332 652,3293 615,3287 568,3291 549,3283 525,3293 486,3292 478,3284 462,3284"/>
                <Baseline points="474,3325 501,3327 529,3327 556,3327 584,3328 611,3328 639,3330"/>
                <TextEquiv>
                    <Unicode>nahe a</Unicode>
                </TextEquiv>
            </TextLine>
            <TextLine id="r2l140" custom="readingOrder {index:139;}">
                <Coords points="730,3335 1522,3350 1523,3298 1488,3292 731,3288"/>
                <Baseline points="744,3325 782,3326 820,3326 858,3327 897,3328 935,3329 973,3330 1012,3331 1050,3332 1088,3333 1127,3333 1165,3334 1203,3335 1241,3336 1280,3336 1318,3336 1356,3336 1395,3336 1433,3336 1471,3335 1510,3334"/>
                <TextEquiv>
                    <Unicode>Hauptbahnlinie. Daß er alle Chancen</Unicode>
                </TextEquiv>
            </TextLine>
            <TextLine id="r2l141" custom="readingOrder {index:140;}">
                <Coords points="1527,3355 2601,3380 2601,3332 2562,3321 1794,3329 1527,3291"/>
                <Baseline points="1539,3352 1591,3352 1644,3352 1696,3352 1749,3353 1801,3354 1854,3354 1906,3355 1959,3356 2011,3357 2064,3358 2116,3359 2169,3360 2221,3361 2274,3361 2326,3362 2379,3362 2431,3363 2484,3363 2536,3363 2589,3362"/>
                <TextEquiv>
                    <Unicode>müllerssohn aus dem Thüringischen, entflieht als</Unicode>
                </TextEquiv>
            </TextLine>
            <TextLine id="r2l142" custom="readingOrder {index:141;}">
                <Coords points="449,3371 478,3366 521,3382 534,3374 552,3379 579,3374 589,3384 602,3376 608,3382 647,3379 647,3334 616,3337 581,3329 550,3337 486,3332 478,3340 449,3340"/>
                <Baseline points="463,3368 491,3369 519,3369 548,3369 576,3369 604,3369 633,3368"/>
                <TextEquiv>
                    <Unicode>verwer</Unicode>
                </TextEquiv>
            </TextLine>
            <TextLine id="r2l143" custom="readingOrder {index:142;}">
                <Coords points="733,3379 1496,3392 1523,3387 1524,3345 734,3332"/>
                <Baseline points="748,3370 786,3370 824,3370 862,3370 900,3370 938,3371 976,3371 1014,3373 1052,3374 1090,3375 1129,3376 1167,3377 1205,3378 1243,3379 1281,3380 1319,3381 1357,3381 1395,3382 1433,3382 1471,3382 1510,3381"/>
                <TextEquiv>
                    <Unicode>für ist General De Wet aus Krieg und</Unicode>
                </TextEquiv>
            </TextLine>
            <TextLine id="r2l144" custom="readingOrder {index:143;}">
                <Coords points="1538,3402 2586,3413 2603,3352 1539,3354"/>
                <Baseline points="1550,3397 1601,3397 1653,3396 1705,3396 1757,3396 1809,3397 1861,3397 1913,3398 1965,3399 2017,3401 2069,3402 2120,3403 2172,3404 2224,3405 2276,3406 2328,3406 2380,3407 2432,3407 2484,3406 2536,3405 2588,3404"/>
                <TextEquiv>
                    <Unicode>Halbwüchsiger aus dem Elternhaus, weil der Vater</Unicode>
                </TextEquiv>
            </TextLine>
            <TextLine id="r2l145" custom="readingOrder {index:144;}">
                <Coords points="448,3425 485,3420 509,3428 546,3418 557,3426 565,3418 612,3429 625,3416 660,3414 660,3393 647,3393 629,3377 589,3384 578,3373 552,3381 536,3373 523,3381 478,3367 449,3372"/>
                <Baseline points="462,3418 488,3414 514,3413 541,3413 567,3414 594,3415 620,3417 647,3417"/>
                <TextEquiv>
                    <Unicode>Friede</Unicode>
                </TextEquiv>
            </TextLine>
            <TextLine id="r2l146" custom="readingOrder {index:145;}">
                <Coords points="725,3419 1501,3440 1527,3430 1528,3387 725,3376"/>
                <Baseline points="737,3416 775,3417 814,3417 853,3417 892,3418 931,3418 970,3418 1008,3419 1047,3419 1086,3420 1125,3420 1164,3421 1203,3421 1242,3421 1280,3422 1319,3422 1358,3423 1397,3423 1436,3423 1475,3424 1514,3424"/>
                <TextEquiv>
                    <Unicode>unt. Die vielen arbeitslosen Landsleute</Unicode>
                </TextEquiv>
            </TextLine>
            <TextLine id="r2l147" custom="readingOrder {index:146;}">
                <Coords points="1536,3441 2483,3470 2597,3442 2598,3411 1537,3401"/>
                <Baseline points="1548,3439 1599,3439 1651,3439 1703,3440 1755,3440 1807,3441 1859,3442 1910,3442 1962,3443 2014,3444 2066,3445 2118,3446 2170,3447 2222,3448 2273,3448 2325,3449 2377,3450 2429,3450 2481,3451 2533,3451 2585,3451"/>
                <TextEquiv>
                    <Unicode>sich hartnäckig seiner geistigen Ausbildung widersetzt.</Unicode>
                </TextEquiv>
            </TextLine>
            <TextLine id="r2l148" custom="readingOrder {index:147;}">
                <Coords points="461,3452 500,3467 532,3459 582,3469 603,3459 630,3465 664,3460 665,3423 644,3417 626,3417 612,3430 541,3417 512,3427 483,3419 462,3426"/>
                <Baseline points="474,3460 499,3459 524,3459 549,3460 574,3461 599,3463 624,3463 650,3461"/>
                <TextEquiv>
                    <Unicode>haben</Unicode>
                </TextEquiv>
            </TextLine>
            <TextLine id="r2l149" custom="readingOrder {index:148;}">
                <Coords points="691,3457 1525,3485 1525,3451 1470,3429 691,3412"/>
                <Baseline points="704,3457 744,3459 784,3461 825,3462 865,3463 905,3463 946,3463 986,3463 1026,3463 1067,3463 1107,3463 1147,3462 1188,3462 1228,3462 1268,3463 1309,3463 1349,3464 1389,3465 1430,3467 1470,3469 1511,3472"/>
                <TextEquiv>
                    <Unicode>den Damm bauen helfen und dabei ein</Unicode>
                </TextEquiv>
            </TextLine>
            <TextLine id="r2l150" custom="readingOrder {index:149;}">
                <Coords points="1530,3482 2499,3509 2612,3487 2613,3436 1976,3466 1531,3442"/>
                <Baseline points="1543,3482 1595,3482 1648,3483 1701,3484 1754,3485 1806,3486 1859,3486 1912,3487 1965,3487 2017,3488 2070,3488 2123,3489 2176,3490 2228,3490 2281,3491 2334,3491 2387,3492 2439,3493 2492,3493 2545,3494 2598,3494"/>
                <TextEquiv>
                    <Unicode>Bei einem Onkel in Halle findet er Unterkunft; der</Unicode>
                </TextEquiv>
            </TextLine>
            <TextLine id="r2l151" custom="readingOrder {index:150;}">
                <Coords points="458,3521 659,3488 811,3521 1062,3499 1522,3533 1522,3485 1422,3468 458,3449"/>
                <Baseline points="472,3503 523,3504 575,3504 627,3504 679,3504 731,3505 782,3505 834,3505 886,3505 938,3506 990,3506 1041,3507 1093,3507 1145,3508 1197,3508 1249,3509 1300,3510 1352,3510 1404,3511 1456,3512 1508,3513"/>
                <TextEquiv>
                    <Unicode>schönes ück Geld verdient, aber seine Farm zu</Unicode>
                </TextEquiv>
            </TextLine>
            <TextLine id="r2l152" custom="readingOrder {index:151;}">
                <Coords points="1533,3536 2615,3548 2616,3500 1533,3480"/>
                <Baseline points="1547,3525 1599,3526 1652,3527 1705,3528 1757,3528 1810,3529 1863,3529 1915,3530 1968,3531 2021,3531 2074,3532 2126,3532 2179,3533 2232,3533 2284,3534 2337,3534 2390,3535 2442,3535 2495,3536 2548,3537 2601,3537"/>
                <TextEquiv>
                    <Unicode>Besuch des Gymnasiums wird ermöglicht und mit</Unicode>
                </TextEquiv>
            </TextLine>
            <TextLine id="r2l153" custom="readingOrder {index:152;}">
                <Coords points="455,3545 1525,3549 1303,3505 456,3521"/>
                <Baseline points="469,3546 521,3547 573,3547 625,3547 677,3548 729,3548 781,3548 833,3549 885,3550 937,3550 989,3551 1041,3551 1093,3552 1145,3552 1197,3553 1249,3553 1301,3554 1353,3554 1405,3555 1457,3555 1510,3555"/>
                <TextEquiv>
                    <Unicode>einer ldgrube gemacht. 700 Hektar Land ver¬</Unicode>
                </TextEquiv>
            </TextLine>
            <TextLine id="r2l154" custom="readingOrder {index:153;}">
                <Coords points="1540,3588 2553,3593 2606,3586 2607,3543 1540,3530"/>
                <Baseline points="1553,3572 1605,3572 1657,3572 1709,3572 1761,3572 1813,3572 1865,3573 1917,3573 1969,3574 2021,3574 2073,3575 2125,3575 2177,3576 2229,3577 2281,3578 2333,3578 2385,3579 2437,3580 2489,3580 2541,3581 2593,3581"/>
                <TextEquiv>
                    <Unicode>außerordentlichem Glückdurchgeführt. Eine Jugendliebe</Unicode>
                </TextEquiv>
            </TextLine>
            <TextLine id="r2l155" custom="readingOrder {index:154;}">
                <Coords points="456,3602 1488,3619 1521,3564 457,3549"/>
                <Baseline points="469,3589 520,3589 572,3589 624,3589 676,3589 728,3590 780,3591 831,3591 883,3592 935,3593 987,3594 1039,3595 1091,3596 1143,3597 1194,3597 1246,3598 1298,3599 1350,3599 1402,3600 1454,3600 1506,3600"/>
                <TextEquiv>
                    <Unicode>mag er aus dem Damm zu bewässern, und zu der</Unicode>
                </TextEquiv>
            </TextLine>
            <TextLine id="r2l156" custom="readingOrder {index:155;}">
                <Coords points="1539,3623 2600,3640 2600,3577 1539,3576"/>
                <Baseline points="1553,3618 1604,3619 1656,3619 1708,3620 1760,3620 1811,3620 1863,3621 1915,3621 1967,3621 2018,3622 2070,3622 2122,3622 2174,3623 2225,3623 2277,3623 2329,3623 2381,3624 2432,3624 2484,3624 2536,3624 2588,3625"/>
                <TextEquiv>
                    <Unicode>geleitet ihn in dieser Jünglingszeit, entschwindet ihm</Unicode>
                </TextEquiv>
            </TextLine>
            <TextLine id="r2l157" custom="readingOrder {index:156;}">
                <Coords points="459,3636 1322,3663 1483,3652 1526,3597 459,3602"/>
                <Baseline points="471,3633 523,3633 575,3632 627,3632 679,3632 731,3633 783,3634 835,3634 887,3635 939,3636 991,3637 1043,3638 1095,3639 1147,3640 1199,3641 1251,3642 1303,3642 1355,3642 1407,3642 1459,3642 1512,3642"/>
                <TextEquiv>
                    <Unicode>Zeit, da man Existenzmöglichkeiten suchte für Land¬</Unicode>
                </TextEquiv>
            </TextLine>
            <TextLine id="r2l158" custom="readingOrder {index:157;}">
                <Coords points="1540,3669 2575,3682 2607,3637 1540,3622"/>
                <Baseline points="1552,3660 1604,3661 1656,3662 1708,3663 1760,3663 1812,3664 1864,3664 1916,3665 1968,3665 2020,3665 2073,3665 2125,3666 2177,3666 2229,3666 2281,3666 2333,3666 2385,3666 2437,3666 2489,3666 2541,3666 2594,3666"/>
                <TextEquiv>
                    <Unicode>dann für etliche Jahre und findet ihn danach (ein</Unicode>
                </TextEquiv>
            </TextLine>
            <TextLine id="r2l159" custom="readingOrder {index:158;}">
                <Coords points="458,3676 1533,3697 1533,3644 459,3636"/>
                <Baseline points="471,3676 523,3676 575,3677 628,3677 680,3678 733,3679 785,3680 838,3681 890,3682 943,3683 995,3683 1047,3684 1100,3685 1152,3686 1205,3686 1257,3686 1310,3687 1362,3687 1415,3687 1467,3687 1520,3687"/>
                <TextEquiv>
                    <Unicode>wirte mit einem kleinen Kapital, war De Wet</Unicode>
                </TextEquiv>
            </TextLine>
            <TextLine id="r2l160" custom="readingOrder {index:159;}">
                <Coords points="1537,3707 2558,3727 2604,3685 1537,3667"/>
                <Baseline points="1551,3701 1605,3701 1660,3702 1715,3703 1769,3703 1824,3704 1879,3705 1933,3706 1988,3707 2043,3707 2097,3708 2152,3709 2207,3709 2261,3710 2316,3711 2371,3711 2425,3711 2480,3712 2535,3712 2590,3712"/>
                <TextEquiv>
                    <Unicode>wenig enttäuschend unvermittelt, sang- und klanglos)</Unicode>
                </TextEquiv>
            </TextLine>
            <TextLine id="r2l161" custom="readingOrder {index:160;}">
                <Coords points="461,3731 1522,3744 1522,3697 1414,3687 461,3676"/>
                <Baseline points="473,3720 524,3720 576,3721 628,3721 680,3721 731,3722 783,3722 835,3723 887,3724 938,3724 990,3725 1042,3726 1094,3727 1145,3727 1197,3728 1249,3729 1301,3729 1352,3730 1404,3731 1456,3731 1508,3732"/>
                <TextEquiv>
                    <Unicode>Verkäufer von kleinen „Zaaiblokken“. Und Land,</Unicode>
                </TextEquiv>
            </TextLine>
            <TextLine id="r2l162" custom="readingOrder {index:161;}">
                <Coords points="1531,3754 2600,3775 2601,3717 1532,3707"/>
                <Baseline points="1544,3745 1596,3745 1648,3745 1700,3745 1752,3746 1804,3746 1856,3747 1908,3747 1960,3748 2012,3748 2065,3749 2117,3750 2169,3751 2221,3752 2273,3753 2325,3755 2377,3756 2429,3757 2481,3760 2533,3761 2586,3763"/>
                <TextEquiv>
                    <Unicode>im rechten Augenblick, bei einer Krise seines Lebens,</Unicode>
                </TextEquiv>
            </TextLine>
            <TextLine id="r2l163" custom="readingOrder {index:162;}">
                <Coords points="457,3766 1521,3781 1495,3717 1075,3748 458,3727"/>
                <Baseline points="470,3763 521,3762 573,3762 625,3763 677,3763 729,3764 781,3765 833,3766 885,3768 937,3769 989,3770 1040,3772 1092,3773 1144,3774 1196,3775 1248,3775 1300,3775 1352,3774 1404,3773 1456,3771 1508,3770"/>
                <TextEquiv>
                    <Unicode>riefen die Glücklichen, Land! Für je zwei Hektar</Unicode>
                </TextEquiv>
            </TextLine>
            <TextLine id="r2l164" custom="readingOrder {index:163;}">
                <Coords points="1536,3804 1555,3807 1576,3796 1584,3802 1631,3792 1697,3797 1729,3787 1729,3763 1708,3766 1671,3750 1605,3747 1600,3752 1584,3749 1574,3757 1537,3754"/>
                <Baseline points="1549,3787 1576,3785 1604,3783 1632,3783 1659,3785 1687,3786 1715,3787"/>
                <TextEquiv>
                    <Unicode>wieder.</Unicode>
                </TextEquiv>
            </TextLine>
            <TextLine id="r2l165" custom="readingOrder {index:164;}">
                <Coords points="457,3816 1518,3828 1500,3781 457,3777"/>
                <Baseline points="470,3811 521,3810 573,3808 625,3808 677,3808 729,3808 780,3809 832,3810 884,3811 936,3812 988,3814 1039,3815 1091,3817 1143,3818 1195,3819 1247,3820 1298,3820 1350,3820 1402,3819 1454,3818 1506,3816"/>
                <TextEquiv>
                    <Unicode>zahlen sie 2000 M. in Monatsraten von 40 M., für</Unicode>
                </TextEquiv>
            </TextLine>
            <TextLine id="r2l166" custom="readingOrder {index:165;}">
                <Coords points="1592,3834 2484,3857 2595,3845 2596,3800 2385,3776 2300,3805 2205,3774 2155,3800 2047,3775 2012,3802 1592,3797"/>
                <Baseline points="1606,3831 1654,3832 1703,3833 1752,3834 1801,3835 1850,3835 1899,3836 1947,3837 1996,3837 2045,3837 2094,3838 2143,3838 2192,3838 2241,3839 2289,3839 2338,3840 2387,3840 2436,3841 2485,3841 2534,3842 2583,3843"/>
                <TextEquiv>
                    <Unicode>Jürg hat inzwischen mit glänzendem Erfolg in</Unicode>
                </TextEquiv>
            </TextLine>
            <TextLine id="r2l167" custom="readingOrder {index:166;}">
                <Coords points="452,3855 1514,3874 1514,3827 1432,3818 453,3818"/>
                <Baseline points="465,3853 516,3853 568,3853 620,3853 672,3853 724,3854 775,3854 827,3856 879,3856 931,3857 983,3858 1034,3859 1086,3860 1138,3861 1190,3862 1242,3862 1293,3863 1345,3863 1397,3863 1449,3863 1501,3862"/>
                <TextEquiv>
                    <Unicode>Bauplatz halb soviel, das Weideland haben sie frei.</Unicode>
                </TextEquiv>
            </TextLine>
            <TextLine id="r2l168" custom="readingOrder {index:167;}">
                <Coords points="1528,3884 2624,3895 2624,3848 2577,3842 1529,3826"/>
                <Baseline points="1542,3871 1595,3874 1648,3876 1702,3878 1755,3880 1809,3882 1862,3883 1916,3884 1969,3885 2023,3885 2076,3886 2129,3886 2183,3886 2236,3887 2290,3887 2343,3887 2397,3887 2450,3887 2504,3887 2557,3887 2611,3887"/>
                <TextEquiv>
                    <Unicode>Berlin naturwissenschaftichen und biologischen Studien</Unicode>
                </TextEquiv>
            </TextLine>
            <TextLine id="r2l169" custom="readingOrder {index:168;}">
                <Coords points="516,3897 1461,3918 1524,3909 1525,3869 516,3868"/>
                <Baseline points="529,3896 578,3896 627,3897 676,3897 725,3898 774,3899 823,3899 873,3900 922,3901 971,3902 1020,3902 1069,3903 1118,3904 1167,3905 1217,3905 1266,3906 1315,3907 1364,3908 1413,3908 1462,3909 1512,3909"/>
                <TextEquiv>
                    <Unicode>Immerhin muß ein Mann, um mit Aussicht auf</Unicode>
                </TextEquiv>
            </TextLine>
            <TextLine id="r2l170" custom="readingOrder {index:169;}">
                <Coords points="1531,3928 2579,3948 2614,3911 2408,3880 1531,3886"/>
                <Baseline points="1543,3922 1595,3923 1648,3924 1701,3925 1754,3926 1807,3926 1860,3927 1912,3928 1965,3928 2018,3929 2071,3930 2124,3930 2177,3931 2230,3931 2282,3932 2335,3932 2388,3933 2441,3933 2494,3934 2547,3934 2600,3935"/>
                <TextEquiv>
                    <Unicode>obgelegen. Sein Glück konnte ihn nicht verblenden;</Unicode>
                </TextEquiv>
            </TextLine>
            <TextLine id="r2l171" custom="readingOrder {index:170;}">
                <Coords points="446,3936 1488,3962 1513,3907 446,3905"/>
                <Baseline points="458,3935 510,3936 562,3937 614,3939 666,3940 718,3941 770,3942 822,3943 874,3943 926,3944 978,3945 1030,3946 1082,3946 1134,3947 1186,3948 1238,3949 1290,3950 1342,3951 1394,3951 1446,3953 1498,3954"/>
                <TextEquiv>
                    <Unicode>Erfolg beginnen zu können, ein paar Tausend Mark</Unicode>
                </TextEquiv>
            </TextLine>
            <TextLine id="r2l172" custom="readingOrder {index:171;}">
                <Coords points="1537,3966 2593,3976 2538,3933 1537,3927"/>
                <Baseline points="1550,3967 1601,3968 1652,3968 1704,3969 1755,3970 1807,3971 1858,3972 1910,3973 1961,3973 2013,3974 2064,3975 2115,3975 2167,3976 2218,3976 2270,3977 2321,3977 2373,3977 2424,3976 2476,3976 2527,3975 2579,3974"/>
                <TextEquiv>
                    <Unicode>eine dunkle Kraft in ihm treibt ihn vorwärts, so</Unicode>
                </TextEquiv>
            </TextLine>
            <TextLine id="r2l173" custom="readingOrder {index:172;}">
                <Coords points="453,3990 1358,3989 1529,4029 1547,3940 454,3943"/>
                <Baseline points="466,3980 519,3982 572,3983 625,3984 679,3985 732,3986 785,3987 839,3988 892,3989 945,3989 999,3990 1052,3991 1105,3992 1158,3993 1212,3994 1265,3995 1318,3996 1372,3998 1425,3999 1478,4001 1532,4003"/>
                <TextEquiv>
                    <Unicode>Kapital besitzen. Verschenken tut De Wet nichts.</Unicode>
                </TextEquiv>
            </TextLine>
            <TextLine id="r2l174" custom="readingOrder {index:173;}">
                <Coords points="1530,4013 2592,4028 2592,3975 1531,3960"/>
                <Baseline points="1545,4009 1596,4009 1648,4010 1700,4011 1751,4012 1803,4012 1855,4013 1906,4014 1958,4015 2010,4016 2062,4017 2113,4017 2165,4018 2217,4018 2268,4018 2320,4018 2372,4018 2423,4018 2475,4017 2527,4016 2579,4015"/>
                <TextEquiv>
                    <Unicode>daß er fast wie ein fremder Zuschauer und ge¬</Unicode>
                </TextEquiv>
            </TextLine>
            <TextLine id="r2l175" custom="readingOrder {index:174;}">
                <Coords points="458,4032 2597,4024 458,3995"/>
                <Baseline points="471,4030 576,4030 682,4030 787,4031 893,4033 998,4034 1104,4036 1209,4039 1315,4041 1420,4044 1526,4047 1632,4049 1737,4051 1843,4054 1948,4056 2054,4057 2159,4059 2265,4060 2370,4060 2476,4060 2582,4059"/>
                <TextEquiv>
                    <Unicode>Es ist ihm aber gelungen, was der englischen Vet legentlich mit Mißtrauen die eigenen Erfolge</Unicode>
                </TextEquiv>
            </TextLine>
            <TextEquiv>
                <Unicode>Ne
ins Freie
box 3/2
Der .  Sien ae ue n  d. en 4. 2
855
sammen, und der Bezirksvorsteher, der über sie ge¬
Jugend“und Einfachheit treten am stärksten bei
setzt ist, fühlt sich ebensosehr in der schwarzen wie
Robert Walser hervor. Zum mindesten trifft er
in der gelben Würde. Einer dieser alten Herren hat
die Einfachheit, die er am entschiedensten von den
mir ein merkwürdiges Geschenk gemacht. Unter
Fünfen sucht, sehr wohl. „Der Gehülfe“ (Verlag
feinen Habseligkeiten sah ich einen seltsam gewachsenen
Bruno Cassirer, Berlin) ist sogar dermaßen einfach
kleinen Kürbis und fragte, was das sei. Verlegen
angelegt, daß er für einen wirklichen Erziehungs¬
gestand der Alte, das sei sein Schmalzlerglasl —
roman nicht genügend verwickelt ist. Es wird nur
gewesen. „Neen, Domins; als ich noch Kaffer war,
etwa ein halbes Jahr aus dem Leben eines
hab ich's gebraucht; jetzt, wo ich Christ bin, natürlich
Dreiundzwanzigjährigen geschildert. Ereignisse mit
nicht mehr.“ Mich freute die Empfindlichkeit dieses
irgendeiner sichtbaren Einwirkung auf dessen Ent¬
christlichen Gewissens, und um den Alten vor An¬
wicklung sind nicht zu verzeichnen; ja, es gibt über¬
fechtungen zu bewahren, ließ ich mir die ausgediente
haupt keine Ereignisse in diesem Roman, sie werden
Schnupftabaksdose schenken. Ein gottloser Kollege in
erfolgreich vermieden.
der Heimat hätte sie längst gern ihrer alten Bestimmung
Josef, so heißt hier der junge Mann, tritt in
wieder zugeführt; aber das darf ich dem „christlichen“
Bureau und Haus eines Ingenieurs am Ufer eines
Kaffer nicht antun. Im übrigen, Respekt vor all
Schweizer Sees ein, arbeitet und lebt vom Sommer
dem, was diese Farbigen hier auf ihrem Pacht¬
bis Neujahr, während die Verhältnisse seines Arbeit¬
lande leisten, und Respekt vor den Erziehungs¬
gebers sich bestöndig verschlechtern, und tritt
resultaten der Mission! Jede andere Form der
wieder aus. Er kommt aus dem Ungewissen und
Missionierung als die der Erziehung von Ein¬
geht ins Ungewisse, ungewandelt und ohne Ent¬
geborenen auf Missionsfarmen erscheint mir verfehlt.
schlüsse. Das einzige Ergebnis ist eine Bemerkung,
Natürlich müssen die hier Erzogenen nach ihrem
die dem Helden kurz vorm Schluß (S. 383) in den
Wegzug gleich ihren Kindern auch weiterbin unter
Mund gelegt wird. Danach hatte das Unglück eines
kirchlichen und religiösen Einflüssen bleiben, wie
verkommenden Bekannten für ihn den Vorteil, ihn
andere Leute auch; aber die grundlegende Arbeit
selbst zu beruhigen, daß er „dem kommenden Leben
sollte geschehen auf Missionsfarmen.
tief und sorglos und warm ins Auge blicken“ kann.
Ostwärts von Bloemfontein führt eine eingleisige
Das heißt, sich die Sache ein bißchen gar bequem
Bahn in vielstündiger langsamer Fahrt über Water¬
machen. Zum Glück hat das Buch dennoch seine
works — so haben die Engländer das durch De Wets
Vorzüge.
s ist von jugendlicher Innigkeit der
kühnen Überfall berühmte Sannaspost offiziell um¬
Lebensandacht durchdrungen, die echte Schlichtheit
getauft — über den von Kaffernhäusern wimmelnden
sein kann, die aber selbst dann schön bliebe, wenn
Thabamhu, in die Kornkammer des Freistaates. In
sie durchs Medium des Literarischen gegangen und
den „Kornspeicher“ könnte man sagen —
nur mehr „Simplizität“ zu nennen wäre. Der
hoch liegt das Bergland da droben. Über Ladybrand,
Charakter des Josef wird mit Liebe dargestellt,
Ficksburg und Bethlehem wird heute wohl die
wird auch ein wenig aus der Vergangenheit mit¬
Eisenbahnlinie fertig ausgebaut sein bis nach Kroonstad.
beleuchtet und wirkt im ganzen organisch und fein¬
Zu meiner Zeit ging sie nur bis Modderpoort. Von
nervig. Auch die übrigen Personen der Erzählung
da brachten mich des Burenfeldpredigers Kestells
haben leibhaftes Wesen. Walser weiß Nicht=Alltäg¬
Pferde über die Berge nach Ficksburg. Der wunder¬
liches zu sehen und liebt es, treffende Beobachtungen
bare Fernblick in die Gebirgswelt des Basutolandes
allgemeingültiger Art einzuflechten.
lohnt allein schon die Kletterpartie. In einem
Leider nur versteht er seine Gestalten nicht zu
elenden Karren, gegen die fürchterliche Nacht¬
bewagen. Die Geschichte rückt nicht vom Fleck, nicht
kälte nur durch ein zerrissenes Stück Segel¬
nur äußerlich, sondern namentlich auch innerlich.
tuch geschützt, kam ich mittels Karriolpost
Stillhaltende Ziele zu treffen, ist aber nicht so schwer
in zehnstündiger beschwerlicher Nachtfahrt nach
und nicht so interessant, wie bewegte zu treffen. Es
Bethlehem. Die Strecke Bethlehem—Lindley—Kroon¬
lebt da eine zu weit getriebene Passivität, die oft
stad war
 gerade eben eröffnet worden;
irrigerweise für ein Erfordernis des Romans ge¬
ohatte ich doch wieder Eisenbahn, und
halten wird, eine mehr als buddhistische Wehr= und
in Kroonstad erreichte ich wieder die Hauptlinie.
Reglosigkeit gegenüber dem Leben. Man möchte
Halbwegs zwischen Kroonstad und der Transvaal¬
solche epischen Arbeiten als verlängerte Lyrik,
grenze liegt die Farm Christian De Wets. Sieht
nicht als Epik einordnen.
man in Bethanien, was Eingeborenenarbeit unter
Johannes Schlafs Wesen ist solche Art
tüchtiger Leitung vermag, so zeigt uns Roodepoort,
verwandt, hat vielleicht gerade seinersells das Ver¬
was weiße Hände leisten können. Beide Farmen
wandte in solchen Jüngeren fördern helfen. In
sind etwa groß, und beide müssen auch eine
seinem neuen Roman „Der Prinz" (Verlag
etwa g
e Bevölkerung ernähren. Hat
Georg Müller, München und Leipzig) kehrt denn
Bethanien
natürliches Sammelbecken für kleine
auch das Beschauliche, das Lyrische wieder, aber
Wasserzuf
so hat. Roodepoort den Renosterrivier,
gegen Walser erscheint Schlaf doch geradezu als
dessen W
berfluß De Wet in einem Riesendamm
kompliziert, sein Held Jürg verhältnismäßig als
sammelt
über seine Felder leitet. Außerdem
Willensrecke obwohl er das an sich gar nicht sein
besitzt &amp;
die Gabe der Wasserfindung mit Hilfe
soll und auch nicht ist.
der Wi
ute. Beide Güter liegen auch ganz
Dieser „Prinz“, ein ungewöhnlich begabter Wind¬
nahe a
Hauptbahnlinie. Daß er alle Chancen
müllerssohn aus dem Thüringischen, entflieht als
verwer
für ist General De Wet aus Krieg und
Halbwüchsiger aus dem Elternhaus, weil der Vater
Friede
unt. Die vielen arbeitslosen Landsleute
sich hartnäckig seiner geistigen Ausbildung widersetzt.
haben
den Damm bauen helfen und dabei ein
Bei einem Onkel in Halle findet er Unterkunft; der
schönes ück Geld verdient, aber seine Farm zu
Besuch des Gymnasiums wird ermöglicht und mit
einer ldgrube gemacht. 700 Hektar Land ver¬
außerordentlichem Glückdurchgeführt. Eine Jugendliebe
mag er aus dem Damm zu bewässern, und zu der
geleitet ihn in dieser Jünglingszeit, entschwindet ihm
Zeit, da man Existenzmöglichkeiten suchte für Land¬
dann für etliche Jahre und findet ihn danach (ein
wirte mit einem kleinen Kapital, war De Wet
wenig enttäuschend unvermittelt, sang- und klanglos)
Verkäufer von kleinen „Zaaiblokken“. Und Land,
im rechten Augenblick, bei einer Krise seines Lebens,
riefen die Glücklichen, Land! Für je zwei Hektar
wieder.
zahlen sie 2000 M. in Monatsraten von 40 M., für
Jürg hat inzwischen mit glänzendem Erfolg in
Bauplatz halb soviel, das Weideland haben sie frei.
Berlin naturwissenschaftichen und biologischen Studien
Immerhin muß ein Mann, um mit Aussicht auf
obgelegen. Sein Glück konnte ihn nicht verblenden;
Erfolg beginnen zu können, ein paar Tausend Mark
eine dunkle Kraft in ihm treibt ihn vorwärts, so
Kapital besitzen. Verschenken tut De Wet nichts.
daß er fast wie ein fremder Zuschauer und ge¬
Es ist ihm aber gelungen, was der englischen Vet legentlich mit Mißtrauen die eigenen Erfolge</Unicode>
            </TextEquiv>
        </TextRegion>
    </Page>
</PcGts>
