3248 4096
428 50 524 125 460
1455 41 2179 141 TIIE AMERIG-IN HEBREI‘
2801 49 3216 147 Tebruary 20, 1924
415 191 3218 362 Arthur Schnitzler Foretells Jewish Renaissance
984 367 2659 486 An Exclusive Interview With the Eminent Littérateur
1477 483 2069 580 By J. L. BENVENISTI
1009 600 1343 711 FI. strikes one
2295 612 3191 701 litterateur Schnitzler has drawn with such mas¬
1043 671 1349 736 asa man wllo
2291 695 3198 757 trig and dispussienate acchracy a certain type of
922 670 1073 781 H
1043 719 1337 782 k pecds all the
1425 700 2210 802 ARTITUR SCHNITZLER, perhaps best
2296 749 3182 808 central European Jew that I have always main¬
935 763 1340 824 force of his personal¬
1508 777 2214 831 knoten to Euglich readerg through his
2303 788 3193 854 tained no sturg of the Jewish question could be
924 808 1340 873 ity to keep his over¬
1421 814 2196 873 *.Inalol“ epele.che Road to ihe Open.
2301 834 3190 913 comn idered complete withont a perusal of this
936 863 1344 918 whelming brains quiet.
1442 866 2203 938 Casanona's, Homecoming“ and Dr. Groes¬
2293 875 2423 949 work.
930 910 1342 971 That is the dominant
1418 906 2207 978 ler. Klands in the forefront, not only of
2323 906 3189 999 Behrmann is hy no means a perfect being. He
932 950 1344 1009 impression I had of
1421 962 2210 1023 Jeteish crcative artists, but of ihe creative
2285 977 3179 1052 is oversensitive, self-analytical, and, I am very
927 1004 1335 1065 Arthur Schnitzler
1425 1010 2207 1070 artiste of the tcorld as zcell. His foith,
2283 1026 3179 1093 much afraid, inclined to be tactless; yet he is a
927 1052 1339 1110 after twenty minntes
1425 1057 2210 1112 herefore, in ine coming of a great Jereish
2293 1066 3182 1125 man of real abilitg and many virtucs. Circum¬
931 1095 1350 1158 Jfthe most inspiring
1422 1105 2211 1161 artistie renaissance is a faith zellich must
2291 1124 3180 1183 stances have, I think, made Behrmann what he is,
932 1145 1348 1211 talk I have enjoped
1412 1145 2204 1208 hide priche and hobe to ererg member 0f
2289 1170 3178 1225 and though i ould not get him to make a definite
935 1182 1343 1262 with ang man in
1423 1199 2212 1247 lhe Jezeish communitz. Arthur Schniteler
2293 1216 3179 1271 prononncemet“ an the subject, I am inclined to
930 1234 1090 1290 montlis.
1419 1244 2212 1320 here geis forth bis zetes on Zionism, anti¬
2296 1266 3181 1325 believe that Schnitzler thinks so, too. For I dis¬
968 1260 1345 1346 In a way this im¬
1512 1294 2117 1362 Jemitiem and kindred zubsects
2289 1319 3185 1378 cussed Behrmann with Schnitzler just as I would
928 1312 1344 1399 pression comes as a
451 1336 890 1406 AFTHUR SCHNITZLER
2285 1367 3185 1433 discuss a living person. There was nothing in¬
1408 1349 1518 1449 HIhltint
437 1392 908 1447 Plapeeright, Poct, Phtlosopher
2284 1415 3191 1482 congruous about this, because Behrmann happens
936 1415 1334 1478 are in Schnitzler's
454 1437 887 1503 Physician and Peycholopiel
1364 1430 2256 1510 something to say he waves yon off, so to speak,
936 1460 1324 1533 writings certain quali¬
2295 1472 3187 1534 to be alive. Von will mect his like all over,
1374 1502 2263 1556 for a couple of sentences, and then gives you a
442 1507 1342 1569 ties of suaritg which, like the ontward reserve
2288 1517 3174 1595 Vienna, or, for that matter, with a slightly differ¬
1369 1542 2255 1613 Traction of à sccond to leap into the breach. 11
440 1559 1340 1618 of a well-mannered person, arc onlz the outcome
2283 1564 2830 1637 ent accent, all over Germany.
1365 1594 2185 1664 is like an obliging bus driver slowing dewn
446 1605 1331 1650 of geod artistie breeding, but ihich to superhein!
1361 1642 1984 1707 tween prescribed stopping piaces.
445 1648 1337 1705 people belie the real temperament botl. ol the
2282 1630 3189 1726 4•HE solution of the Jewish Problem,“ said
1396 1677 2254 1754 As one speaks to him and becomes conscions of
432 1698 1332 1757 artist and the man. Lven a sympathetic and
2392 1712 3174 1775 Schnitzier, “is one which cach individual
1357 1726 2250 1792 bis terrihe depth and intensity of feeling, of the
442 1745 1341 1807 imaginative studg of Schnitzler's works will not
2284 1740 3177 1830 must lind for himself. There is no general solu¬
1364 1791 2250 1843 ccascless mental rush within the man, one forms
431 1791 1334 1841 alwags correct the error, and that is why I, as
2285 1813 3178 1876 tion. Zionism docs not secm to me to be a solu¬
1366 1835 2255 1890 some conception of the degree of unrelenting dis¬
441 1838 1333 1890 deubtless mang others have done before me, came
2286 1863 3179 1925 tion at all. It sccms to me too much actuated by
1361 1882 2250 1933 cipline it must cost Schnitzler to be what he is,
439 1884 1325 1936 to him expecting to find a personality cold, pol¬
2287 1911 3183 1981 suoden impulses, br resentment, by a mere desire
1361 1929 2257 1981 namely, one of the most polished and urbane
434 1929 1337 1988 ished and courteous; à man of urbane skepticism
2285 1961 3174 2030 to escape from onc’s environment and scarcely
1363 1973 2259 2028 writers in contemporary Europe. How zasily that
434 1977 1333 2036 and gentie disillusionments, à temperamental ag¬
2283 2010 3180 2073 ever to spring from a well-reasoned decision.
1355 2017 2258 2069 quick sensitivity, that overready response of the
426 2026 1298 2081 nostic, chastened of both anger and enthusiasm.
2287 2059 3176 2118 This does not prevent me from admiring Zionism.
1359 2069 2252 2128 heart, might heve swamped his judgment and
469 2071 1326 2140 Of course, all these things are preciscly what
1355 2113 2257 2170 dimmed his taste! If Schnitzler had not been
2311 2111 3183 2178 admire people who can reach out so high and
430 2108 1333 2181 Schnitzler is nes. The first thing that strikes enc
1362 2159 2255 2211 Schmitzler, he would, one Teels (not without a
2284 2161 3170 2236 dream so splendicly, but they will never con¬
432 2172 1328 2227 about him is à most lovable warmth and impetu¬
1363 2207 2252 2258 silent thanksgiving to heaven for a calamity so
2290 2207 2474 2276 vince me.
432 2215 1335 2272 ousness. He is both mentally and physically a
1365 2254 2257 2303 nearly averted), have made onc of those prolitic
436 2263 1325 2322 young man despite his gears. His eyc is clear, bis
2316 2232 3185 2328 # need hardlg point out that the Zionist plays
1362 2300 2248 2356 emotional writers who. despite the presence of
427 2314 1330 2370 complexion rosy, and his gray hair and beard are
2281 2305 3177 2374 activelg into the hands of the anti-Semite. He
1358 2342 2258 2421 real talent, never rise abese the sccond rate in
431 2359 1324 2418 shot with streaks of blond. In his mental atti¬
2283 2367 3179 2419 confesses to a weakness in our position which, to
1359 2391 1764 2464 the artistic hierarchy.
425 2397 1335 2459 tude Schnitzler is cqually vouthful. Whatever
2281 2416 3166 2467 ing mind, docs not exist. My parents, for in¬
426 2439 1329 2502 sübject he touches, he is immedliately on hre. Mis
2280 2458 3169 2521 stance, come Trom Hungary, but my desire takes
1377 2462 2249 2543 THIE truth is that there are two Schnitzlers.
423 2493 1330 2548 whole heart is in bis talk, and he spends himself
2280 2516 3173 2578 me buck neither to Hungary nor Palestine. Tam
1414 2541 2248 2593 There is the cmotional Schnitzler with the
430 2551 1136 2618 in it as recklessig as à boy of eighteen.
2284 2563 3180 2622 rooted here in Vienna, my home and the homelof
1361 2580 2254 2640 irresistible crcative inner urge; then there is his
2283 2613 3172 2680 mg vouth. I have grown up identifying myself
1354 2635 2254 2690 mentor-warder and familiar spirit, the critical
448 2607 1331 2702 FIOI’ND Schnitzler in his little house in the
2278 2666 3164 2722 with its highlg individual culture. I am part of it,
1357 2680 2246 2732 Schnitzler, and it is by a collaboration of the two
443 2679 1318 2731 4 ##burbs of Vienna, in itself no mean achieve¬
2275 2709 3164 2774 and it is part of mc. Why should I leave this
1362 2727 2255 2786 separate individuals that Schnitzler's works come
426 2732 1322 2792 ment Cünding him, I mean), for Schnitzler is one
2282 2758 3175 2824 conntrg because a few ignorant and ill-bred fools
1362 2773 2244 2821 into being. This critical Schnitzler, 1 don't mind
427 2767 1320 2832 of ihe most songht-after „scople in Europe and
2275 2813 3116 2882 of anti-Semites tell me I do not belong here?“
1354 2819 2243 2871 telling von, is a devil of a fellow. Me is per¬
432 2823 1325 2879 has morcer less to barricace himself against in¬
1356 2868 2248 2920 sistent, wakeful and utterly unreienting. Even in
2317 2867 3168 2929 Do 1 believe that there is a basic individual
432 2864 1322 2930 truders. Schnitzler had broken off some dictation
1347 2909 2243 2986 his own domain, having no other ohject for his
432 2923 1331 2976 to come down to me, and had to rub his eyer a
2273 2908 3169 2982 ewish character apart Trom certain traits which
1360 2957 2045 3024 fury, he turns and lacerates him. If.
428 2964 1321 3014 little, so to speak, before he could launch out on
2281 2968 3163 3024 chvironment has forced upon it? That is a diffi¬
433 3012 1329 3082 the new topic. Also he secmed at first disinclined
1407 2986 2241 3070 When I attempt ang sort of crt cal or reflee¬
2279 3013 3172 3072 cult question and yet I should, if anything, be in¬
429 3058 851 3126 to grant the interview.
1351 3052 2247 3132 tive writing, raid Schnitzler, “1 am half strangled
2273 3064 3162 3124 clined to a negative answer. I do not believe that
1350 3106 1800 3177 brr mg own parentheses.“
471 3080 1329 3169 PI never give interviews,“ he said."All have
2279 3113 3161 3172 ihe Jew is essentially spiritually different or that
423 3152 1319 3218 to say on the Jewish question is in my book, Der
1382 3143 2247 3213 P remember thinking at the time that God had
2278 3162 3174 3216 there is a difference of spiritual rhythm between
431 3201 1227 3274 1e Jn's Freic'“ (The Road to the Open).
1355 3198 2244 3259 originally intended Schnitzler for a sort of an
2267 3211 3163 3273 him and the Gentile. The attitude of the world
1350 3251 2250 3310 Upton Sinclair, and then at the last minnte
467 3237 1331 3314 *Herr Doctor,? I said,“I have not read Der
2280 3253 3166 3319 towards him has produced certain psychological
1350 3305 2246 3356 changed his mind. In other words, Schnitzler is
434 3304 1326 3363 Teg In'e Freie’ once hut ihree times, and it is to
2271 3308 3163 3360 moditications. Take away this attitude, and those
1348 3349 2247 3411 one of those not altogether enviable individuals
423 3351 1319 3411 discuss that bock 1 have come to von.' Where¬
2269 3355 3158 3411 moditications will vanish. I believe that if achild
1354 3396 2247 3452 whose judgments and critical fachlty never have
428 3392 1324 3462 upon an extraordinarilg weet smile illuminated
2267 3404 3160 3460 uf Jewish parentage, even of the humblest sort,
1354 3444 2250 3506 a holiday. It is a heavy price to pay, but in
424 3445 756 3515 Schnitzler's face.
2272 3453 3168 3514 were to be taken to another country, kept in
1348 3490 2189 3553 Schnitzler's casc ihe game is worth the candle.
466 3459 1323 3560 *Von are very Hattering,“ he said, and motioned
2270 3502 3162 3568 ignorance of its origin Cthough I am far from
1374 3533 2239 3592 That Schnitzler should have had plenty to say
422 3519 1315 3593 me #t###a seat. And quite sudlenly we were chat¬
2269 3554 3158 3616 recommending such a coursc as a ’sclution' of the
1345 3568 2238 3651 on the Jewish question was ouly to be expectedl.
425 3587 958 3638 ling at ninetr miles an hour.
2280 3601 3165 3656 Jewish question), and it that origin were also
1358 3628 2234 3678 He has written abont it enough.Professor
461 3599 1340 3685 Talking to Schnitzler is a delightful business.
2266 3653 3166 3716 kept from its associates, this child would grow up
1351 3673 2244 3735 Hernhardi“ touches it. The immortal ineffable
425 3678 1318 3730 The sehsc of grace and form so perceptible in bis
2276 3701 3169 3753 absolutely unconscions of a difference between
1356 3710 2248 3779 Leutnant Gustl' is full of it. But, above all,
423 3723 1326 3789 benks is evident in his talk and bearing, despite
2271 3751 3164 3806 itself and its playmates, except perhaps that it
1354 3765 2239 3815 Der 1eg in'e Preie“ is remarkable for its bril¬
427 3773 1316 3831 his rehemence and ready enthnsiasm. He has
2274 3795 3170 3868 might develop and become awarc of a keener and
1353 3810 2239 3865 liant, I might almost say its brutal, treatment of
416 3815 1316 3873 among other things a perfect genius for letting
2481 3845 2963 3928 (Concluded on hage 474)
1351 3853 2247 3933 this subject. In Heinrich Behrmann the Jewisl:
422 3864 1329 3927 himself be interrupted. If he sees von have
