3296 4096
235 74 383 181 23.
991 74 1200 167 Freie
1399 75 1752 185 box 3/3
609 85 755 169 Neg
817 88 920 167 in
412 90 544 170 Dei
423 146 1236 219 ertetetetere e te ete eteere hrfe etetet e e e e e e el ele e erse s ee
1089 1266 2257 1388 UN ROMAN VIENNOIS
1037 1595 2348 1708 On a inené grand bruit depuis quelques mois, en Autriche
989 1691 2339 1756 et mére en Allemagne, autour du roman qu Arthux Schnitzler
983 1752 2362 1839 a publié naguere sous le titre de der Weg ins Freie (1e Chchün“
986 1817 2344 1904 de l'Alranchissement). Le grand talent d’analyste de Schnitzler
987 1878 2338 1939 rend ce succès légitime; mais il ne T’explique pas entière¬
984 1942 2330 2027 ment. Schnitzler a, dans ce livre, abordé avec une tranquille
981 2004 2342 2062 hardiesse un snjet qui ne laisse presque auenn Antrichien
980 2057 2334 2141 indillérent: il ya présenté, on plutcvillustré, teute la question
987 2109 2341 2213 juive. Son dessein n’était pas de faire une satire ni une cuvre
990 2179 2340 2268 de polémique; il a voulu seulement comprendre et faire
985 2235 2342 2311 comprendre des ames juives. Mais ses lecteurs n’ont pas imité
978 2305 2338 2383 ce scrupule d’impartiale psychologie; ils ont cherché dans le
974 2360 2337 2428 livre des arguments on des exemples en faveur des theses
985 2423 2329 2481 sociales ou des programmes politiques qu'ils défendent ordi¬
981 2491 2336 2569 nairement. Les parlis les plus divers ont pu y trouver leur
981 2555 2338 2645 compte; juifs et anlisémites ont également prétendu revendi¬
983 2611 1743 2679 quer Schnitzlei pour un des leurs.
996 2655 2338 2734 C’est la première fois que Schnitzler aborde un problème
981 2737 2343 2803 proprement social. On était habitué à le considérer surtout
990 2798 2342 2875 corame un auteur boulevardier!. Der Wey ins Freie est son
991 2833 2329 2938 premier roman. Schnitzler, qui semblait s’étre fait une regle
975 2914 2334 3002 d’étre toujours bref, et que l’on pouvait considèrer comme
983 2969 2329 3045 une sorte de miniaturiste, a mené cette fois son récit jusquà
983 3032 2328 3127 la cing centième page; et ce développement parait un pen
1011 3109 1845 3212 1. Cf. la Revue du 15 juin, Arthur Schnitzler.
