3248 4096
207 33 350 119 23.
397 35 913 106 Der Neg ins
946 39 1201 108 Freie
1389 41 1726 127 box 3/5
675 650 836 717 Nr. 148
1240 658 1657 714 Beilage der Münchner
638 747 1642 817 aller Achtung vor seinen fleißig durchdachten Kompo¬
651 799 1644 850 sitionen habe ich mich auch hier nicht mit ihm befreun¬
650 848 1647 898 den können. Weit mehr sagte er mir in den Fresken
648 882 1648 947 zu, womit er Wände und Decke der Sala d'Udienza
646 931 1638 978 im benachbarten Collegio del Cambio geschmückt. Um
649 976 1644 1029 die Wende des 15. Jahrhunderts entstanden, zeigen ihre
649 1022 1635 1072 dekorativen, ornamentalen Teile eine starke Abhängig¬
643 1065 1646 1115 keit von Signorellis Schöpfungen in Orvieto. Allein
649 1116 1639 1163 gerade sie sind so liebreizend, die Anpassung aller
647 1148 1646 1198 Malereien an die architektonische Raumgliederung ist
648 1197 1641 1250 so trefflich, daß man selbst die so überoft gesehenen
653 1238 1642 1306 Stellungen der handelnden Personen und ihre ewig
649 1285 1491 1350 gleich verzückte Sanftmut mit in Kauf nimmt.
689 1324 1645 1379 Eng sind fast alle Straßen und steil. Aber die
648 1370 1642 1419 Durchblicke zwischen den hohen, häufig durch Bogen
650 1417 1637 1461 verbundenen Häusern, die unerwarteten malerischen
647 1461 1640 1507 Ansichten selbst der unscheinbarsten Gassen infolge der
648 1503 1642 1556 häufigen Flächendrehungen der Gebäude entschädigen
648 1548 1646 1594 reichlich für die Mühe. Ueber alle Stadtteile sind die
644 1587 1645 1640 Kunstschätze Perugias verstreut. S. Angelo liegt nahe
651 1635 1634 1682 der gleichnamigen Pforte auf dem nördlichen Neben¬
650 1679 1644 1738 hügel, ein uralter Zentralbau, dessen Kuppel von
651 1723 1640 1782 echzehn antiken Säulen gestützt wird. Hart am Abfall
649 1766 1641 1812 des südlichen Hügels ist S. Pietro errichtet. Von ar¬
648 1810 1634 1858 kadenumsäumtem Hofe aus betritt man die Kirche
643 1855 1644 1899 durch ein schönes vornehmes Frührenaissanceportal.
647 1943 1643 1998 Gotteshäuser Perugias. Antike Säulen, fast alle
640 1988 1640 2030 jonisch, durch Rundbogen verbunden, stützen die fen¬
650 2032 1635 2078 sterlosen, mit Riesengemälden geschmückten Mittel¬
653 2075 1644 2122 chiffmauern. Der Chor hinter dem breiten, hellen
648 2121 1639 2183 Querschiff schließt polygon. Viel Bilder, doch keines
646 2163 1634 2210 von künstlerischer Bedeutung, sind an den Seiten¬
648 2207 1631 2257 altären und in der Sarristei untergebracht. Ein Mar¬
639 2250 1635 2303 moraltar Minos da Fiesole fällt durch unerfreuliche
646 2295 1634 2351 Häufung von Vergoldung auf. Von einwandfreier,
639 2338 1636 2385 edler Schönheit aber ist das Chorstuhlwerk, eine Ar¬
646 2382 1632 2430 beit Stefanos da Bergamo aus der ersten Hälfte des
643 2425 1633 2478 16. Jahrhunderts. Auf dem Rückweg in die Stadt ge¬
647 2468 1642 2521 nießt man lange den Anblick der monumentalen Porta
645 2513 1628 2564 S. Pietro, eines trefflichen Werkes der alle künstle¬
641 2564 1641 2611 rischen Mittel so souverän beherrschenden Renaissance.
685 2600 1640 2661 Wenige Worte müssen für die weiteren Kirchen¬
648 2643 1629 2696 bauten genügen. San Domenico, eine gotische Anlage,
644 2689 1628 2743 ist durch Madernas Umbau recht nüchtern geworden.
699 2736 1633 2792 Sant' Ercolano, ein hochgeführtes Achteck, mit dop¬
642 2776 1629 2831 pelter Freitreppe ist äußerlich eines der anziehendsten,
647 2819 1629 2866 durch seine Lage am Fuße der Festungsmauer und an
643 2862 1641 2916 der Kreuzung mehrerer auf= und abwärts führender
641 2907 1599 2959 Straßen gewiß das malerischste der Gotteshäuser. —
646 2944 1637 2997 Durch schlichte Vornehmheit zeichnet sich Madonna
641 2993 1635 3042 della Luce aus: Rechteckig umrahmtes Portal mit
641 3040 1635 3092 flachem Tympanon, darüber mächtiges Rundfenster mit
651 3082 1638 3134 assetierten Gewänden; korinthische Pilaster an den
639 3127 1636 3172 Ecken der Fassade, kraftvoller Dreiecksgiebel. Neben
640 3171 1638 3217 ihr gönnt ein hohes Spitzbogenportal den Ausblick
643 3212 1635 3271 über Gärten, Tal und Berge. — Recht ein Gegenstück
643 3259 1629 3315 zu dieser reifen Schöpfung bildet die zierliche, aber doch
638 3303 1629 3349 etwas überladene Fassade des Oratorio di S. Bernar¬
640 3343 1640 3393 dino von dem Florentiner Agostino d'Antonio di
641 3387 1632 3440 Duccio. Höchst auffällig erinnert ihr Aufbau an Flo¬
637 3433 1622 3505 rentiner Grabmonumente. Die einzelnen, flach gehal¬
2482 658 2660 721 Seite 657
1681 658 2075 716 Neuesten Nachrichten
1703 744 2694 806 tenen Reliefs freilich und die Ornamente werden jeden
1694 799 2694 849 entzücken. Die Bemalung mehrerer Flächen mit Rot
1688 841 2686 903 oder Blau zerstört durch ihre Härte leider viel von dem
1693 888 2072 936 anmutigen Eindruck.
1743 929 2697 995 San Severo ist als Bau ohne Bedeutung. Da aber
1697 974 2684 1036 in seiner Kapelle der jugendliche Raffael sich zum
1691 1022 2686 1067 ersten Male in der Freskotechnik versucht hat, wird nie¬
1690 1060 2685 1111 mand daran vorbeigehen. Indessen empfängt das
1698 1106 2694 1153 Wandgemälde seinen Wert mehr durch die späteren
1697 1152 2695 1202 Leistungen Raffaels als durch sich selbst. Es verrät
1697 1201 2682 1253 ungewöhnlichen Schönheitssinn und viel reines Emp¬
1691 1240 2558 1300 finden, aber noch nicht das überragende Genie.
1744 1274 2691 1344 Schreitet man hinter dem Dom durch enge Gasse
1693 1323 2684 1388 tiefer, so gelangt man bald an einen tunnelartigen
1693 1367 2694 1425 Torgang unter massiver Mauer. Jenseit auf kleinem
1693 1412 2679 1459 Platze steht ein verschwenderisch reiches Spätbarock¬
1710 1455 2682 1514 chloß, der Palazzo Antinori. Nicht er ist das Ziel,
1707 1501 2682 1562 ondern die Außenseite des Arco di Augusto, durch des¬
1705 1552 2692 1591 en Massiv man soeben gewandert. Er ist gleich der
1694 1592 2683 1643 Porta Marzia (nahe bei S. Ercolano) ein etruskisches
1687 1635 2687 1679 Tor: Eine hohe Oeffnung mit Halbkreisabschluß; dar¬
1697 1679 2686 1722 über ein breites Band von stämmigen Pilastern zwi¬
1706 1718 2692 1782 chen Rundscheiben; xechts und links weit vortretend
1708 1766 2688 1820 tark sich verjüngendé, fensterlose, quadratische Türme.
1691 1811 2693 1866 Finster, beklemmend wäre der Eindruck, trüge nicht das
1691 1855 2693 1915 eine der wehrhäften Bollwerke die reizendste, luftigste
1693 1897 2692 1944 Renaissancelshgia: Was jenes goldene Zeitalter der
1700 1943 2687 2006 Kunst berührtef ward Schönheit, wie in Midas' Hand
1692 1985 2386 2058 jedwedesDina'in Gold sich wandelte!
2061 2079 2323 2171 Nitromane.!)
1979 2151 2498 2220 DyFritz Böckel (Jena).
1735 2212 2692 2291 Unter dem 18, Februar 1831 nolierie der getreue
1687 2259 2685 2313 Eckermann Aeußerungen Goethes über seine Arbeit am
1693 2313 2686 2367 zweiten Teile des „Faust“ (Diederichs=Ausgabe Bd. 2
1693 2356 2687 2409 S. 83 f.). Der vierte Akt, teilt Goethe mit, „Lekommt
1696 2398 2691 2461 wieder einen eigenen Charakter, so daß er, wie eine
1701 2439 2691 2487 für sich bestehende kleine Welt, das Uebrige nicht be¬
1691 2484 2692 2539 rührt und nur durch einen leisen Bezug zu dem Vor¬
1694 2526 2683 2572 hergehenden und Folgenden sich dem Ganzen an¬
1705 2573 2687 2630 chließt.“ Eckermann erwidert, daß der Akt danach
1689 2615 2677 2667 vollig im Charakter des Uebrigen bleiben werde, der
1688 2661 2679 2720 „für sich bestehenden kleinen Weltenkreise, die, in sich
1686 2705 2683 2754 abgeschlossen, wohl aufeinander wirken, aber doch ein¬
1696 2746 2685 2795 ander wenig angehen. Dem Dichter liegt daran, eine
1688 2793 2679 2845 mannigfaltige Welt auszusprechen, und er benutzt die
1690 2832 2691 2883 Fabel eines berühmten Helden bloß als eine Art von
1686 2880 2688 2937 durchgehender Schnur, um darauf aneinander zu
1689 2922 2681 2971 reihen, was er Lust hat. Es ist mit der „Odyssee und
1688 2968 2678 3022 dem „Gil=Blas auch nicht anders.“ — „Sie haben voll¬
1697 3006 2680 3065 kommen recht,“ antwortete Goethe, „auch kommt es bei
1685 3057 2684 3096 einer solchen Komposition bloß darauf an, daß die ein¬
1693 3102 2683 3151 zelnen Massen bedeutend und klar seien, während es
1695 3144 2686 3195 als ein Ganzes immer inkommensurabel bleibt, aber
1692 3184 2676 3241 eben deswegen gleich einem unaufgelösten Problem die
1684 3231 2678 3299 Menschen zu wiederholter Betrachtung immer wieder
1729 3313 2675 3389 An keinem Werke hätte Goethe diese These besser er¬
1723 3381 2677 3425 1) Im besonderen Hinblick auf die soeben erschienenen unten an¬
1689 3420 2676 3466 geführten Neuausgaben des „Don Quixote“, „Gil Blas“
1690 3452 2403 3510 und „Simplicissimus“ im Insel=Verlag.
