3296 4192
217 214 1244 294 23. Der Neg ins Freie
1385 185 1754 308 box 3/1
421 261 1252 315 DENOA AALSI
2063 1126 2393 1190 — — —
660 1161 2805 1238 fland durchaus kein sprachloses Entsetzen errege, und als verhält sich die Gesamtziffer der Bevölkerung zu dem männ¬
3182 1200 3268 1276 Mnen
659 1275 3276 1340 Ein neuer Roman von Arthur Schnitzler.“ stzählungskunst erwiesen hatte, und zwar in einer intensiv nehm und kultiviert. Von
2775 1303 3273 1349 und dilettierender Kompor
1734 1296 2767 1351 österreichischen, aber gar nicht mehr jungwienerischen
882 1318 1531 1376 Von Ludwig Hirschseld (Wien).
2768 1329 3272 1388 und Ziele noch gar nicht
1743 1339 2767 1391 Weise, wußte man, was von ihm jetzt zu erwarten sei:
695 1344 1738 1412 (Es ist eine rechte Freude und der feinste literarische
2773 1370 3271 1427 des Romans bildet es nun
1740 1371 2771 1433 Der große Wiener Roman, diese ungestillte literarische
657 1396 1739 1442 Genuß, die Entwicklung eines Dichters selbst mit anzu¬
2777 1421 3280 1472 und Genießenden ein ern
1738 1417 2778 1472 Sehnsucht der letzten Jahrzehnte. An interessanten Ver¬
656 1429 1738 1488 sehen und mitzuerleben. Als Zeitgenosse dem gleichsam
2770 1450 3267 1511 Künstler wird und zwar
1742 1454 2776 1513 chen hat es ja nicht gefehlt, man braucht nur an den
659 1478 1735 1528 Heizuwohnen, was man in zehn oder zwanzig Jahren
2778 1484 3205 1544 der Liebe zu einem
667 1519 2780 1561 iin Literaturgeschichten und im Konversationslexikon sehreichbegabten J. J. David zu denken, aber in seinen
2773 1524 3245 1586 Klavierlehrerin Anna Ro
661 1526 2791 1609 müchtern und übersichtlich beschrieben lesen kann: Dasssiomanen fand sich doch immer nur ein mit den ent¬
669 1576 3237 1649 Werden dieses Dichters aus spielerischen Anfängen vonstäuschten und verbitterten Augen des Provinzlers ge=diesen zwei feinen Men
1739 1602 3254 1668 chenes Wien, während die epische Schilderung dieser einer wunderbar schlichten
655 1625 1731 1686 denen unmutig tendenziöse Uebergänge für eine Weil##
2777 1643 3220 1693 ein lindes und süße
1716 1643 2775 1702 Stadt gerade das Gegenteil erfordert: einen zwanglosen
665 1674 2775 1716 ins Artistische und schließlich sogar ins Verschwommene Freien Menschen, der hier aufgewachsen ist, alles kennt,
2770 1677 3258 1746 durch den sonst so überau
667 1717 2774 1782 sund Unverständliche führen. Unt wie dann dieser Dichte##lles versteht und der selbst im Zorn und im Ekel noch
2774 1722 3213 1777 wenn die beiden sich
660 1746 1733 1798 von seinem gesunden Sinn geleitet aus dem literarischen
2767 1745 3184 1815 schließlich tot zur We
1735 1766 2775 1806 zu lächeln vermag. Das alles hat man Schnitzler mit
658 1774 1737 1839 Dickicht, in dem man das Leben vor lauter Worten und
2775 1795 3189 1853 zärtlichen und bürger
1724 1790 2768 1852 Recht zugetraut, dem reifen Mann, der die Vierzig,
668 1826 1728 1871 Gleichnissen und die Menschen vor lauter Aestheten nicht
2771 1842 3233 1884 winnt diese Liebesgeschick
1728 1829 2778 1883 diese Schwelle zum Roman, überschritten hat, und als
668 1858 1731 1916 sieht, plötzlich wieder herausfindet, wie er sich mutig
2769 1871 3192 1925 Größe. Jetzt fühlt sic
1723 1880 2766 1929 die Kunde von seinem Buch mit dem wunderbaren Titel
671 1892 1733 1947 hineinstürzt in die Wirklichkeit, unbekümmert um die
2773 1900 3167 1961 einem ernsten Beruf
1725 1900 2781 1981 vernehmlich wurde da bildete sich zum Empfang des
670 1934 1726 2008 verwirrende Zahl von lauten und stummen Fragezeichen
2770 1945 3170 2007 Detmold und vielleich
1726 1947 2779 2006 Werkes ganz von selbst eine Triumphpforte von Neu¬
669 1970 1438 2038 und Problemen, die hier seiner warten.
2755 1983 3201 2044 Künstler — die ersten
1721 1993 2512 2047 gierde, von Vermutung und Erwartung.
711 2015 1732 2067 Das ist, in allgemeine Worte gefaßt, die Entwicklung
2773 2029 3191 2090 und des Schmerzes, h
1748 2016 2769 2080 Das soll nur gleich gesagt werden: Eine leichte, aber
676 2044 1745 2099 Arthur Schnitzlers. In einer Spanne von kaum zwei
2802 2068 3006 2126 Das ist di
1726 2057 2783 2112 micht zu verbergende Enttäuschung hat sich beim ersten
679 2085 1735 2136 Jahrzehnten umfaßt sie eine Fülle von Stufen, von
2773 2099 3028 2164 meisten ander
1729 2111 2769 2162 Anblick eingestellt. Der Dichter selbst trägt vielleicht
658 2119 1741 2186 Formen und Nüancen, zu deren Ueberwindung andere
2773 2152 2983 2197 oder wenig
1727 2154 2770 2196 weniger Schuld daran als das Publikum, die Erwar¬
660 2159 1748 2227 ein ganzes Leben verschrieben haben, und das hat bei
2765 2186 2985 2241 heutige Wi
669 2184 2769 2261 manchen oft nicht ausgereicht. Um sich diesen merkeungen waren zu groß, zu unbescheiden. Aber es will
2773 2227 2966 2279 in die Tr
671 2228 2771 2306 würdigen Werdegang zu veranschaulichen, braucht man manchem scheinen, daß „Der Weg ins Freie“ nicht der
2775 2262 2928 2314 manches
659 2262 2772 2322 ja nur irgend zwei Werke Schnitzlers gegenüber zu große Wiener Roman ist, den wir alle meinten. Gewiß,
1726 2303 2776 2348 er spielt im heutigen Wien, im heutigen Oesterreich und
2810 2306 2868 2353 pie
663 2307 1729 2376 halten: Das bis zum Dilettantischen ehrliche und un¬
1722 2342 2762 2387 bringt eine Ueberfülle von frappierenden Beobachtungen
671 2348 1731 2410 beholfene Erstlingsschauspiel, das Märchen und die raffi¬
1726 2373 2738 2423 und Zügen aus unserem gesellschaftlichen und öffent
664 2397 1731 2458 nierte Seelenkomödie „Zwischenspiel“. Oder die gezierte
1733 2419 2738 2461 lichen Leben. Es ist darin sogar eine Reihe von politi
675 2439 1721 2487 und kokette Anatoltändelei und den herben tiefernsten
1734 2442 2742 2500 schen und literarischen Episoden, Typen und geflügelte
666 2466 1729 2518 Einsamen Weg“. Wenn man zwei solche Werke Schnitz¬
673 2498 2757 2557 lers miteinander gleichsam konfrontierte, sie würden sich Worten verwertet, die jedem einigermaßen Eingeweihten
1724 2535 2761 2577 und zum Teil jedem Zeitungsleser bekannt sind. Und
668 2538 1731 2598 nicht erkennen, eins von dem anderen nichts wissen, nicht
1726 2561 2741 2620 dennoch, es ist nicht das, was wir meinten und hofften
672 2567 1732 2633 einmal daß sie Kinder desselben Vaters sind. Diese ver¬
1723 2609 2760 2651 eine künstlerische Konzentration des nach Einheit
664 2627 1723 2696 blüffende Vielgestaltigkeit und Verwandlungsfähigkeit
1732 2638 2750 2691 strebenden Durcheinanders, das man Oesterreich nennt
676 2664 1733 2716 mag ja denen um Huston Steward Chamberlain, die
1734 2688 2761 2743 Kein ruhiges übersichtliches Bild des zwischen gestern
671 2700 1725 2767 am Menschen bloß die Schädelform und nicht seinen
1725 2726 2759 2768 und morgen pendelnden Wien — im Gegenteil, der
674 2740 1724 2789 wahren Wert sehen, willkommener Anlaß zu allerlei
1726 2763 2766 2812 Fremde, der diesen Wiener Roman liest wirh uns am
671 2778 1728 2829 spitzfindigen Schlüssen sein. Wer jedoch einen Dichter
1722 2804 2768 2865 Ende für noch wirrer und unruhiger halten, als wir
672 2817 1729 2863 nicht mit dem Zirkel, sondern mit feineren künstlerischen
1730 2832 2070 2899 wirklich sind ...
668 2847 1734 2902 und menschlichen Maßstäben mißt, der wird sich gestehen
1759 2879 2754 2933 Es ist wohl ein charakteristischer Umstand, daß man
675 2882 1732 2946 müssen, daß man es hier mit einer ganz außerordent¬
3179 2916 3232 2959 es
1722 2913 2768 2962 die eigentliche Fabel, den eigentlichen Helden dieses
675 2934 1719 2989 lichen Begabung zu tun hat. mit einem redlichen ge¬
3042 2949 3192 3004 icht in
1721 2956 2771 3008 Romans gar nicht als das Wichtigste empfindet, daß
680 2967 1721 3018 wissenhaften Künstler, der unermüdlich an sich arbeitet —
3009 2991 3105 3036 im V
1734 2994 2775 3046 einem das Drum und Dran die Einzelheiten aus den
671 3001 1728 3085 vielleicht sogar mehr, als seiner Konstitution zuträg¬
1725 3036 2775 3088 politischen, literarischen und jüdischen Kreisen viel merk¬
682 3053 861 3115 lich ist.
2958 2988 3117 3118 Gaee
1729 3065 2779 3121 würdiger und wesentlicher erscheinen. Trotzdem ist
718 3063 1726 3137 Seitdem Schnitzler sich in dem Novellenband „Däm¬
2871 3090 2963 3155 ander
2761 3105 2839 3151 und
2946 3097 3130 3155 re öffentl
1725 3091 2778 3157 dieser Held, Georg Freiherr von Wergenthin, eine sehr
670 3120 1733 3176 merseelen“ als Meister einer edlen und geläuterten Er¬
2785 3129 3257 3191 rühmen, denn das fehlt:
1723 3139 2773 3193 feine und sympathische Figur. Ein spielerisch und träu¬
1727 3186 3287 3228 merisch veranlagter Stimmungsmensch, raffiniert, para=[Interesse für die praktischel
772 3175 1732 3240 „Der Weg ins Freie.“ Roman von Arthur
1711 3218 3281 3277 dox und auch ziemlich egoistisch und vor allem sehr vor-leider hat sich Schnitzler
677 3228 1550 3305 Schnitzler. Verlaa von S. Fischer, Berlin 1908.
699 3280 1716 3358 ue d A
720 3340 1363 3439 Melt a. AR:
1257 3385 1684 3472 DelE8
731 3408 1256 3499 Te.ber
