3248 4352
745 233 1165 306 ins Freie
539 233 640 310 Ne
150 218 1697 324 23. Der box 3/1
1696 848 2364 1048 An
1967 1047 2100 1159 —
306 1057 1538 1178 möglichst sachkundigen Mitarbeitern (Hevesi, Pötzl, Walla¬
323 1150 1535 1210 schek, Zeidler, Oberhummer, Mayer, Pistor, Dreger, E.
1874 1052 1942 1183 7
330 1184 1531 1245 Leisching, R. E. Petermann u. a.) umgeben, um in einem
2028 1204 2317 1310 R
328 1232 1538 1301 sehr ausführlichen Werk““ der Wiener und der österrei¬
2319 1222 2680 1347 F
322 1277 1525 1342 chischen Art (Geographie, Geschichte, Literatur, Musik, bil¬
1527 1275 2335 1403 Renien
321 1332 1515 1386 dender Kunst, Theatergeschichte, Volksleben) gerecht zu wer¬
325 1372 1526 1445 den. Auch Schnitzlern scheint es gereizt zu haben, das ganze
322 1431 1542 1491 österreichische Wesen in einen Roman zu bannen. Das ist
2093 1426 2730 1525 58. Jahrgang.
319 1474 1537 1563 ihm aber nicht gelungen und er ist in mancher früheren
320 1524 1532 1600 Arbeit diesem Ziele näher gekommen, als gerade im „Weg
330 1577 1536 1638 ins Freie“. Eine der Hauptursachen des Mißlingens mag
1551 1551 2792 1642 Klub= und Jourjüngling. In der Mitte zwischen Ehrenberg
318 1622 1542 1709 darin gefunden werden, daß Schnitzler der Judenfrage einen
1575 1637 2794 1688 Vater und Ehrenberg Sohn steht der immer tadellose, angli¬
322 1668 1536 1752 zu breiten Raum eingeräumt hat. Sich in dieser Frage ein¬
1579 1673 2791 1750 sierte James Wyner (alias Weiner). Dazu gesellen sich dann
324 1722 1538 1805 mal gründlich auszusprechen, scheint ihm, der selbst jüdischer
1585 1722 2786 1786 noch verschiedene Literaturtypen aus dem Café Griensteidl,
323 1787 1533 1859 Abstammung ist und doch gleichzeitig durch und durch wie¬
1581 1766 2793 1832 und die Damen, von denen die lüsterne demi-vierge Sissy
332 1816 1539 1878 nerisch empfindet, ein wahres Herzensbedürfnis gewesen zu
1575 1821 2795 1899 Wyner, die ernstere Else Ehrenberg und Leos Schwester
341 1877 1547 1933 sein. Aber Gott sei Dank beherrscht die leidige Judenfrage
1591 1875 2799 1935 Therese eingehender charakterisiert sind. Diese Menschen —
332 1907 1540 1978 unser Leben doch nicht so sehr, wie das nach dem Schnitzler¬
1586 1914 2804 1996 sie sind ausgezeichnet und scharf umrissen, während die
339 1959 1544 2031 schen Roman den Anschein hat. Der Antisemitismus, der
1589 1962 2801 2027 wenigen Nichtjuden, wie z. B. Georgs Standeskollegen, blaß
335 2019 1545 2068 noch vor wenigen Jahren eine starke politische Werbekraft
1585 2019 2806 2086 und undeutlich verschwimmen — füllen den Roman mit
332 2060 1538 2121 besaß, ist heute sogar in der Politik recht verblaßt: jüdisch¬
1584 2059 2802 2139 ihrem größtenteils nichtigen, unfruchtbaren Reden und Han¬
334 2092 1544 2187 freundliche „Deuts, fortschrittliche" und — ehemals — ju¬
1588 2113 2802 2171 deln. Insbesondere mit ihrem Gerede: wie und wo zwei
337 2165 1547 2220 denfeindliche „Deutschvölkische“ gehen als „Deutschfreiheit¬
1586 2155 2802 2239 von ihnen zusammentreffen, diskutieren sie unweigerlich
328 2204 1548 2274 liche“ Hand in Hand, und selbst unter den Christlichsozialen
1589 2220 2803 2273 über das Judentum, wobei jeder einen anderen Stand¬
334 2265 1552 2321 mehren sich täglich die, die ihrerseits wiederum mit den
1584 2272 2802 2328 punkt einnimmt, so daß jegliche Auffassung des Problems,
324 2298 1544 2364 Deutschfreiheitlichen paktieren und an ihren einstigen Anti¬
1582 2294 2804 2377 von der völligen Leugnung einer Judenfrage und der über¬
333 2362 1549 2419 semitismus nicht erinnert werden wollen. Im „Weg ins
1583 2358 2808 2423 zeugten Assimilationstheorie angefangen bis zum fanati¬
330 2400 1550 2462 Freie“ überwuchert die Judenfrage alles andere. Mit Aus¬
1586 2409 2811 2476 schen Jerusalem=Revertitentum, ihren Verteidiger erhält: Es
321 2451 1547 2521 nahme der Hauptgestalt des Romans, eines Barons Georg
1599 2469 2797 2521 ist kaum übertreibung, wenn man behauptet, daß die Be¬
323 2504 1539 2587 v. Wergenthin, und der Geliebten Georgs sind alle bedeu¬
1589 2495 2801 2583 handlung des Judenpunktes etwa ein Drittel des Buches
341 2550 1553 2614 tenderen Persönlichkeiten Juden und dabei samt und sonders
1591 2566 2809 2629 ausmacht. Fast wärelman versucht, dem Poeten seine eigenen
323 2595 1553 2683 so hochgemut und edel, daß man fühlt, sie sollen zur Wider¬
1591 2605 2805 2664 Worte aus dem Roman zuzurufen: „Man hat wirklich manch¬
338 2641 1552 2707 legung des Antisemitismus dienen. So merkt man Ab¬
1596 2655 2804 2719 mal den Eindruck, daß Sie überhaupt nicht mehr imstande
341 2711 1546 2765 sicht .. . . Da ist zum Beispiel der alte Edmund Nürn¬
1585 2709 2793 2763 sind, etwas anderes in der Welt zu sehen, als immer und
341 2744 1549 2801 berger, der vor Jahren einmal mit einer Dichtung einen
1584 2746 2806 2816 überall die Judenfrage.“ Und wie Georg v. Wergenthin bei
339 2794 1553 2860 klauten Erfolg errungen hat, jetzt aber nichts mehr schreibt,
1590 2801 2813 2871 der Beschreibung einer antisemitischen Radauszene, die der
340 2836 1548 2906 weil er die Menschen verachtet; dann der junge, noch eifrig
1589 2853 2809 2918 Abgeordnete Dr. Stauber mit selbstzerfleischender Ausma¬
345 2895 1549 2954 schaffende Heinrich Bermann, ein zersetzender Skeptiker;
1597 2901 2811 2967 lung zum besten gibt, so findet auch der Leser häufig, „in¬
337 2937 1546 3011 hernach der gütige, allverstehende alte Arzt Dr. Stauber.
1603 2951 2349 3028 nerlich, es wäre nun genug“ ....
343 2982 1551 3050 Diesen drei theoretisch=philosophischen stehen die tätig=eifer¬
1675 2983 2801 3055 Die Panegyriker, die von einem politisch=kulturellen
344 3035 1552 3099 vollen Juden gegenüber: der Sohn des Dr. Stauber, auch
1591 3062 2812 3123 österreichischen Mikrokosmus lobsingen, zitieren zwei Stellen
352 3081 1555 3158 Arzt, eine Zeitlang jedoch die politische Karriere einschla¬
1603 3101 2807 3166 aus der umfangreichen Erzählung. An der einen wird eine
342 3142 1550 3209 gend, um für das Judentum gegen den Antisemitismus zu
1597 3146 2809 3209 Inkongruenz zwischen öffentlichem und privatem Verhalten
1379 3174 1441 3218 1*
347 3178 1552 3239 kämpfen, und der Zionist Leo Golowski, der als Einjahrig¬
1601 3197 2809 3260 eines Politikers als österreichisch bezeichnet und der Spre¬
345 3214 1558 3293 Freiwilliger einen ihn schikanierenden Oberleutnant im Duell
1598 3251 2816 3314 cher fügt hinzu: „Bei uns ist ja die Entrüstung so wenig
351 3279 1554 3343 tötet. Einer ganz andern Welt entstammen die weiter ge¬
1605 3289 2810 3361 echt wie die Begeisterung. Nur die Schadenfreude und der
357 3323 1562 3399 schilderten Geschäfts= und Gesellschaftsjuden. Das Geschäft
1593 3345 2803 3417 Haß gegen das Talent, die sind echt bei uns.“ An der zwei¬
356 3374 1563 3437 vertreten Leos Vater, der verarmte Agent Golowski, und
1591 3381 2809 3448 ten Stelle nennt einer Österreich das Land der sozialen
357 3433 1561 3486 der reiche Bankier Salomon Ehrenberg. Dessen Sohn Oskar
1592 3442 2812 3506 Unaufrichtigkeiten. „Hier wie nirgend anderswo (besser:
356 3472 1549 3545 und der farblose Willy Eißler repräsentieren den Turf=,
1599 3478 2815 3548 nirgendwo anders) gebe es wüsten Streit ohne Spur von
1600 3546 2873 3602 Haß und eine Art von zärtlicher Liebe ohne das Bedürfnis
443 3530 1556 3619 * Wien. Von Hermann Bahr. In der Sammlung „Städte
1592 3590 2808 3641 der Treue. Zwischen politischen Gegnern existierten oder
356 3614 1550 3659 und Landschaften“ Verlag von Karl Krabbe, Stuttgart, 1907.
445 3642 1550 3697 * Wien. Briefe an eine Freundin in Berlin, von Franz
1604 3634 2812 3708 entwickelten sich lächerliche persönliche Sympathien, Partei¬
352 3669 1562 3727 Servaes. In der Sammlung „Stätten der Kultur", Verlag von
1599 3692 2808 3746 freunde hingegen beschimpften, verleumdeten, verrieten ein¬
362 3727 1314 3777 Klinkhardt und Biermann, Leipzig, 1908.
1595 3728 2816 3794 ander. Nur bei wenigen fände man ausgesprochene Ansichten
455 3761 1548 3816 *** Wien. Ein Führer durch Stadt und Umgebung. Redi¬
1598 3781 2808 3848 über Dinge oder Menschen, jedenfalls seien auch diese we¬
349 3795 1551 3856 giert von Eugen Guglia. Buch= und Kunstverlag Gerlach
1599 3829 2813 3898 nigen allzu schnell bereit, Einschränkungen zu machen, Aus¬
349 3837 901 3922 & Wiedling, Wien, 1908.
1599 3871 2807 3946 nahmen gelten zu lassen. Man habe hier beim politischen
1608 3918 2818 3989 Kampf geradezu den Eindruck, wie wenn die scheinbar er¬
1605 3976 2813 4037 bittertsten Gegner, während die bösesten Worte hinüber und
1598 4025 2822 4081 herüber flögen, einander mit den Augen zuzwinkerten: Es
1602 4071 2820 4131 ist nicht so schlimm gemeint.“ Führt ein Kritiker zwei solche
1598 4119 2820 4177 Zitate so leichthin und beispielsweise an, dann glaubt der
2147 4177 2308 4211 mahene
2439 4178 2515 4214 orft
2554 4162 2817 4237 ter Beob¬
1621 4178 1906 4257 etnetntie
