3296 4096
784 117 1205 214 ins Freie
219 134 746 242 23. Der Nec
1077 184 1224 259 S
404 188 1031 260 erene ee e ee Hr e ee etee  e e
1384 113 1747 223 box 3/3
1154 838 1252 916 380
1584 836 2095 930 LA REYUE DE PARIS
1234 906 2518 997 — Est-ce que votre club est social-chrétien eu nationaliste-alle¬
1147 1006 2055 1077 mand? — demunda Leo d’un ton engageant.
1257 1038 2508 1126 Ohi chez nous, on ne fait pas grande diflérence, à cela pres
1159 1117 2017 1171 que naturellement, comme cela est bien...
1206 1154 1885 1234 II s’interrompit subitement, géné.
1224 1207 2517 1276 — Qui, bien sür, — dit Leo en Tencourageant, — Il va de soi
1153 1273 2513 1342 que votre club est parfaitement épuré de juils. Cela se remarque
1156 1309 1479 1388 meme de loin.
1202 1436 2510 1497 Le club cycliste s’eloigna rapidement sur la route; les vestons
1159 1490 2511 1564 attachés autour du cou Hottaient au vent, les emblemes étincelaient,
1153 1538 2246 1600 et un rire brutal résonnait de T’autre côté de la prairie.
1270 1584 2498 1656 Répugnants personnages, — observa Leo d’un ton détaché,
1167 1649 1596 1721 sans houger de place.
1191 1668 2501 1774 Heinrich, d’un vague mouvement de téte, désigna les terrains
1149 1753 1564 1820 situés en contre-bas.
1204 1798 2494 1867 — Ei des individus comme ceux-la, — dit-il, les dents contrac¬
1157 1857 2519 1927 tées. — s’imaginent encore qu'ils sont mienx à leur place ich que
1151 1913 1404 1989 nous autres.
1203 1963 2513 2051 — Eh! oui, — répliqua Lco tranquillement, — ils n’ont peut-étre
1160 2024 1841 2083 pas si tort que cela, ces individus.
1198 2079 2189 2141 Heinrich se tourna vers lui d’un air sarcastique:
1202 2135 2493 2195 — Pardonnez-moi, Leo, j'avais oublié un instant que vons son¬
1154 2176 2089 2243 haitiez vous-méme n'étre que toléré en ce pays.
1242 2222 2505 2300 Je ne souhaite pas cela du tout, — répondit Leo en sou¬
1150 2276 2497 2355 riant, — et vousn’avez pas besoin de mettre tout de suite tant d’acri¬
1156 2334 2500 2400 monie à me comprendre de travers. Mais si ces gens se considèrent
1149 2387 2497 2448 ici comme chez eux et nous regardent, vous et moi, comme des
1156 2445 2498 2509 étrangers, nous ne pouvons pourtant pas leur 6 vouloir. Apréstout,
1151 2499 2494 2563 ce n’est que Texpression de leur vigoureux insliuct naturel relative¬
1154 2564 2497 2623 ment à un fait anthropologiquement et historiquement établi. Nos
1150 2613 2495 2671 sentimentalités juives ou chrétiennes ne peuvent rien faire contre ce
1148 2659 2142 2724 fait, ni contre les conséquences qui en découlent.
1196 2708 2501 2765 Et, se tournant vers Georges, il lui demanda d’un ton vraiment
1146 2775 1496 2841 trop engageant:
1202 2814 1786 2894 — Ne trouvez-vous pas aussi?
1204 2875 2499 2946 Georges rougit, toussa, mais n’eut pas méme le temps de répondre,
1148 2925 2491 2987 car Heinrich, sur le front de qui deux plis profonds étaient apparus,
1152 2981 2089 3052 prit aussitôt la parole sur un ton d’amertume:
1256 3028 2507 3099 Mon instinct est pour moi au moins aussi décisif que celui de
1148 3090 2496 3159 messieurs Jalaudek père et fils, et cet instinct me dit de la façon la
1158 3156 2488 3215 plus claire que mon pays est ici, précisément ici, et non pas dans
1150 3192 2492 3265 une contrée que je ne connais pas, qui d’après les descriptions qu'on
1143 3247 2500 3333 en fait ne me dit rien du tout, et que certaines gens veulent me
