3296 4096
1398 134 1771 233 box 3/3
231 142 1221 232 23. Der Neg ins Freie
392 199 1240 271 ee ee  eneneeneen eeneeneneneen
1395 854 1909 933 UN ROMAN VIENNOIS
2246 851 2351 937 379
974 948 2346 1043 L’inintelligence de la prétention l’indigne encore plus que
978 1027 2344 1089 son outrecuidance. Elle témoigne pour Im d’une si compléte
968 1077 2329 1135 incompréhension des sentiments qui attachent chaque indi¬
984 1134 2332 1227 vidu à la terre ou il est né et sur laquelle il a grandi, quselle
978 1193 1749 1284 ne reléve méme pas de la critique.
1031 1252 2328 1324 Dans un chapitre, qui m’est pas le mois curieux du roman,
974 1325 2332 1394 Schnitzler a mis face à face le siomste altruiste Leo et l’indi¬
991 1377 2342 1465 vidualiste Bermann. Tous deux, en compagnie de Georges de
991 1432 2332 1505 Wergenthin, sont allés déjeuner dans une petite auberge de la
983 1499 2337 1573 forêt, aux environs de Vienne. IIs y rencontrent une bande de
985 1568 2339 1622 vélocipédistes, parmi lesquels se trouve Joseph Rosner, le frère
983 1618 1904 1714 d’Anna, un individu médiocre et douteux.
1094 1729 2340 1850 Qu'est-ce donc que ce club dont tu fais partie? — demanda
980 1819 1087 1879 Leo.
1027 1866 2346 1934 Et Georges s’étonna de ce tutoiement, jusquau moment ou il
986 1918 2339 2008 lui revint à T’esprit que tous deux s’étaient connus des leur enfance.
1094 1977 2294 2059 C’est le club cycliste de Sechshaus, — répondit Joseph. —
998 2019 2335 2099 ous vous élonnez peut-étre, messieurs, qu'un enfant de Marga¬
1026 2084 2335 2146 then! comme mol appartienne à un club de banlieue, mais cela tient
979 2139 2330 2205 àde que le président est un bon ami à moi. Voyez-vous, c’est le
990 2192 2341 2261 gros lä-bas, qui est justement en train de s’introduire dans son
990 2249 2340 2320 veston. G’est le jeune Jalaudek, le fils du conseiller municipal et
985 2297 1141 2371 député.
1034 2312 2328 2426 — Jalandek... — répéta Heinrich avec un dégont marqué dans
976 2392 1631 2478 Tintonation et sans rien ajouter.
1091 2466 2315 2530 Ah! — observa Leo, — c’est celui qui récemment dans une dis
989 2509 2330 2576 cussion à propos de la société d’éducation populaire a donné ceite
987 2569 2328 2648 admirable délinition de la science. Vous n’avez pas lu cela? — dit¬
981 2619 1736 2687 il en se lournant vers les deux autres.
1031 2669 1714 2753 Ceux-ci ne se sonvenaient de rien.
1038 2724 2338 2820 — La science, — cita Leo, — la science, c’est ce qu'unjuif copie
988 2782 1343 2868 sur un autre juif.
1020 2806 2334 2927 Tous rirent, meme Joseph, mais il s’empressa de lournir des
983 2885 1234 2975 explications.
1068 2919 2326 3020 Avrai dire, ce n’est pas du lout son genre; je le connais bien.
974 2987 2320 3055 C’est sculement en politique qulil est si grossier.., parce qu'en poli¬
988 3048 2334 3109 tique les contraires se heurtent avec fracas dans notre chère
986 3104 2326 3172 Autriche. Mais d’ordinaire c’est un homme tres sociable. Le jeune,
985 3157 1488 3248 la, est bien plus radical.
1016 3257 1472 3349 1. Faubourg de Vienne.
