3248 4096
232 37 1204 114 23. Der Nec ins Freie
1397 44 1750 126 box 3/5
415 98 1237 155 #0
582 543 745 608 Seite 50
1139 562 1997 628 Beilage der Münchner Neuesten Nachrichten
2437 574 2558 642 Nr. 5
534 639 1533 707 Erzählung. So ist das Leben, scheint Seite für Seite
1585 658 2594 729 die aussi vieille que le monde: le sort d’une femme
531 697 1529 739 zu sagen. Aber ist das Werk wirklich so ganz unpar¬
1590 713 2583 765 aimante, fidele, qui a tout donné, qui s’est donnée
540 737 1532 795 teiisch? Ist es nicht einseitig vom Standpunkt des
1587 756 2586 810 elle-mème, et désormais délaissée froidement
536 776 1532 838 jungen Mannes aus geschrieben? Gleitet es nicht zu
1589 791 2183 861 comme une fantaisie épuisée!
534 827 1534 884 leicht über die Kümmernisse, Aengste und Nöte der
1617 835 1881 919 Freising.
2049 850 2546 931 Joseph Hofmiller.
539 866 1533 926 jungen Mutter hinweg, über die Scham und Verzweif¬
540 912 1534 965 lung ihrer einsamen Stunden, über die grenzenlose
537 953 1533 1016 Enttäuschung, da das Kind stirbt, über die böse und
538 998 1533 1064 wunde Bitterkeit, da sie den Mann sich von ihr lösen
1834 986 2345 1081 Bücherbesprechungen.
542 1041 1529 1093 sieht, als wäre nichts geschehen? Darin liegt eine Un¬
1733 1062 2433 1143 Neue Goethe= und Schiller=Literatur.
538 1093 1530 1141 gerechtigkeit. Denn was ihm nur Episode, war ihr der
1621 1120 2580 1188 Goethes Briefe. Ausgewählt und in chrono¬
534 1125 1524 1192 Inhalt ihres Lebensbechers, und mit Wonne und Qual
1586 1162 2578 1230 logischer Folge mit Anmerkungen herausgegeben von
534 1184 1531 1235 gefüllt bis zum Rande. Dies Buch beschreibt mit sanf¬
1577 1205 2241 1257 Eduard von der Heblen.
2242 1212 2570 1263 Fünfter Band
530 1223 1530 1280 ter Unerbittlichkeit den Verlauf einer Leidenschaft als
1593 1246 2584 1303 1807—1818). Stuttgart und Berlin. J. G. Cottasche
534 1259 1529 1315 einer Kurve, wobei es auf der fallenden nicht minder
1580 1282 2583 1342 Buchhandlung Nachfolger. 312 S. 1 . — Der lange
527 1310 1521 1364 verweilt als auf der ansteigenden. Es urteilt nicht oder
1577 1325 2577 1375 erwartete fünfte Band dieser auf sechs Bände angeleg¬
533 1356 1523 1411 gibt sich zum mindesten den. Schein, als wolle es nicht
1588 1359 2579 1415 en Auswahl liegt vor, und der unermüdliche Heraus¬
527 1400 1526 1452 urteilen. Aber wer schärfer hinhorcht, der hört bald
1582 1405 2580 1461 geber, der die Riesenarbeit der 40bändigen Jubiläums¬
1575 1442 2574 1496 ausgabe von Goethes Werken hinter sich hat, wird nun¬
523 1449 1517 1507 einen leisen, warmen Unterton von Sympathie heraus,
1579 1481 2578 1530 mehr mit freier Hand diese wertvolle Ergänzung zu den
531 1482 1515 1540 der Sympathie des Autors für seinen Helden, der
1574 1512 2578 1577 Werken zu Ende führen können. Er müßte sich denn ge¬
529 1530 1524 1596 Sympathie des Mannes für den Mann; der glaubt zu
1575 1555 2569 1606 rade mit Absicht zurückhalten, um der vollständigen
531 1572 1523 1627 fühlen, wie sehr Schnitzler die Partei Georgs gegen
1582 1590 2569 1650 Weimarer Ausgabe, die aus dem Goethe=Schiller¬
524 1617 1523 1686 Anna nimmt, wie er gegen das Mädchen ungerecht ist,
1580 1630 2576 1678 Archiv noch manches Ungedruckte zutage fördert, weiteren
524 1664 1517 1717 um seinem Helden Unbequemlichkeiten zu ersparen, wie
1568 1666 2577 1730 Vorsprung zu lassen. Denn auf diese Weise gewinnt er
1576 1711 2576 1769 einen Vorteil gegenüber der bereits abgeschlossenen
525 1702 1515 1774 in Georg, ja in Schnitzler selbst immer noch Anatol
520 1743 624 1808 steckt.
1580 1743 2570 1804 Konkurrenzausgabe Ph. Steins, die für ihre letzten
1575 1785 2569 1844 Bände das vollständige Material noch nicht benützen
1567 1824 2575 1887 konnte. Trotzdem bilden auch bei von der Hellen die
556 1806 1441 1889 Dies gedämpfte Buch ist frischer als manches
1445 1823 1524 1881 der
1581 1860 2566 1927 ängst bekannten Korrespondenzen mit Zelter, Knebel,
524 1862 1523 1914 konstruierten erzählenden und dramatischen Werke sei¬
1574 1899 2558 1952 Reinhard die Hauptgrundlage, und der leitende Ge¬
521 1909 1512 1979 nes Verfassers aus den letzten Jahren. Es hat die
1574 1946 2564 1998 danke, den Lebensgang Goethes in seinen Hauptmomen¬
526 1950 1515 2017 Freiheit, Ruhe und Ründe der Gebärde, die, selbst bei
1573 1987 2560 2029 ten aus den brieflichen Bekenntnissen hervortreten zu
520 2008 1523 2068 angeborener Begabung, nur durch nachdenkliche Uebung
1566 2016 2561 2068 lassen, ist durch keine Originalitätssucht der Auswahl
520 2046 1516 2110 erworben werden. In manchen seiner Gesprächsstellen
1563 2055 2567 2105 verwirrt worden. Dieser Grundgedanke wird vortreff¬
518 2083 1512 2142 ist er noch ganz von der süßen Schwermut des Dramas
1566 2092 2566 2158 lich unterstützt durch die gründliche Kommentierung, in
1575 2135 2565 2193 er von der Hellen der reichhaltigeren, aber kostspieli¬
521 2131 1508 2194 durchtränkt, das dem Verfasser seinen ersten und
1565 2175 2329 2224 geren Auswahl Ph. Steins überlegen ist.
520 2173 1509 2227 frischesten Lorbeer um die Stirne wand, in vielen an¬
1596 2208 2558 2277 Goethes „Faust“. Mit einer Einleitung und An¬
516 2220 1510 2276 deren kündigt sich ein Gesellschaftsanatom an, der uns
1564 2251 2566 2308 merkungen herausgegeben von Prof Dr. Otto Har¬
521 2262 1508 2327 vielleicht einmal den Wiener Roman schenken wird,
1566 2294 2554 2349 nack. Kritisch durchgesehene Ausgabe. In Liebhaber¬
509 2313 1503 2369 zu dem der „Weg ins Freie“ sich dann wie eine Sil¬
1564 2321 2569 2380 Leinenband 2 K. Verlag des Bibliographischen Insti¬
519 2352 1508 2398 berstiftstudie verhalten mag zu einem bewegten Ge¬
1565 2363 2557 2421 tuts in Leipzig und Wien. — Der fünfte Band der
516 2398 1507 2463 mälde. Kein falscher Ton stört, keine Spur von Rou¬
1560 2407 2559 2465 Heinemannschen Goethe=Ausgabe erscheint hier als
511 2443 1512 2500 tine; das Ganze ist die Frucht einer langen, nie mit
1572 2450 2557 2496 Sonderdruck, um Paralipomena und die eingehenden
1559 2479 2558 2544 Anmerkungen am Schlusse verkürzt; bereichert dagegen
509 2480 1507 2552 dem gemeisterten Können zufriedenen Uebung und
1560 2526 2556 2582 um eine neue Einleitung, die nicht mehr wie die bis¬
509 2524 1512 2583 eines ungewöhnlichen Kunstverstandes. Die Reinheit
1570 2565 2552 2617 erige bei der Entstehungsgeschichte des Werkes ver¬
510 2570 1511 2633 der Mittel ist ebenso bemerkenswert wie ihr Maß.
1557 2597 2560 2660 weilt, sondern die Analyse des Aufbaues und den Ge¬
517 2614 1507 2682 Das Werk wird seinen Platz in der Literatur einneh¬
1557 2633 2551 2693 dankengang des Gesamtwerkes in den Vordergrund
512 2662 1506 2726 men wie in der Entwicklung seines Verfassers. Ein
1569 2666 2555 2722 tellt. Damit ist natürlich noch nicht alles für die Er¬
517 2698 1508 2769 Werk von fast fünfhundert Seiten, so gleichmäßig und
1564 2710 2550 2763 klärung der Dichtung getan (als reichhaltigere und er¬
517 2745 1503 2801 künstlerisch im Ton, so vornehm und sorgsam in der
1563 2748 2553 2805 staunlich wohlfeile Kombination von Text und ausführ¬
1563 2788 2555 2847 lichem Kommentar sei die sehr brauchbare Ausgabe
507 2790 1498 2849 Mache, so von Anfang bis zu Ende festhaltend, so gänz¬
1554 2825 2549 2880 Witkowskis in den Hesseschen Meisterwerken der deut¬
509 2835 1508 2888 lich auf das Herausarbeiten brillanter Einzelheiten
1567 2867 2556 2918 chen Bühne genannt), aber das Innehalten bei allem
503 2882 1498 2936 verzichtend, so durchaus als Ganzes angelegt und als
1556 2906 2551 2959 Erklärenswerten ist nicht jedermanns Sache, und zu
509 2923 1500 2979 Ganzes wirkend, will immerhin etwas besagen. Es hat
1550 2946 2543 3006 unmittelbarem Genuß ist hier ein bequemes Taschenbuch
507 2964 1494 3016 Stil. Was ihm fehlt, ist Entwicklung. War wirklich
1553 2984 2544 3034 geschaffen, das mit gutem Druck des Textes die notwen¬
511 3012 1492 3068 dies mit so feinen Mitteln erreichte Ziel erstrebens¬
1551 3026 2366 3086 digsten Fingerzeige zum Verständnis vereint.
501 3060 1497 3109 wert? Scheint die Kunst des reifen Schnitzler nicht
1587 3065 2546 3128 Schiller. Von Eugen Kühnemann. 3. Auflage
504 3097 1494 3160 fast vergeudet gegenüber einem Stoff, dessen Stoff¬
1551 3103 2547 3161 (6. bis 9. Tausend). München 1908. C. H. Beck.
502 3146 1496 3192 liches der Dreißigjährige schon unvergleichlich bewal¬
1555 3138 2540 3196 612 S. Geb. 6,50 K. — Drei Jahre nach seinem
1559 3185 2544 3253 ersten Erscheinen tritt eine Neuauflage dieses im
507 3188 1494 3245 tigte? Aber er wird niemals erschöpft, dieser alte,
1554 3221 2266 3268 Jubiläumsjahre einstimmig begrüßten
2266 3225 2544 3284 Schillerbuches
512 3230 1499 3295 schwermütige „Stoff“: Eternelle et tragique ren¬
1545 3260 2550 3308 hervor, das nur in der Berichtigung kleiner von der
502 3286 1493 3335 contre d’un sexe qui a sa fin en lui-même, et de
1554 3300 2551 3357 Kritik bemerkter Unrichtigkeiten und in stilistischer
495 3323 1500 3374 celui qui n’est crééque vour l’autre! Cette tragé¬
1547 3335 2555 3409 Beziehung belanglose Aenderungen erfahren hat, das
