3296 4096
216 31 364 146 23.
411 40 1207 149 Der Neg ins Freie
1384 51 1734 142 box 3/3
982 859 2399 920 befehlshaberisch und liebenswürdig zugleich durch die Luft. Er erzählte
974 917 2398 976 von den Vorbereitungen zu einer Aristokratenvorstellung, der er, wie
972 973 2393 1035 schon im vorigen Jahr, als Berater, Regisseur und Mitwirkender bei¬
984 1022 2400 1077 gezogen war, schilderte eine Sitzung der jungen Herren, in der es, wenn
980 1061 2401 1130 man ihm glauben durfte, zugegangen war wie in einer Versammlung von
978 1110 2384 1162 Schwachsinnigen, und gab ein komisches Gespräch zwischen zwei Kom¬
975 1166 2382 1224 tessen zum besten, deren Redeweise er köstlich zu imitieren wußte. Ehren¬
983 1204 2386 1264 berg war durch Willy Eißler immer sehr amüsiert. Die dunkle Empfin¬
978 1256 2393 1328 dung, daß dieser ungarische Jude die ganze, ihm persönlich so verhaßte,
978 1310 2399 1371 Feudalbande in irgendeiner Weise überlistete und zum Narren hielt, er¬
983 1359 1973 1424 füllte ihn mit Hochachtung für den jungen Mann.
1044 1391 2397 1483 Else saß am kleinen Tisch in der Ecke mit Demeter und ließ sich über
970 1454 1490 1518 die Isle of Wight berichten.
1044 1498 2390 1575 „Sie waren mit Ihrem Freund dort?“ fragte sie, „nicht wahr, mit
971 1558 1552 1618 dem Prinzen Karl Friedrich.“
1037 1585 2405 1667 „Mein Freund der Prinz? . .. das stimmt nicht ganz, Fräulein Else.
973 1651 2403 1722 Der Prinz hat keinen Freund und ich hab keinen. Wir sind beide nicht
976 1700 1253 1775 von der Art.“
1042 1749 2383 1816 „Er muß ein interessanter Mensch sein, nach allem was man hört.“
1043 1800 2400 1858 „Interessant, weiß ich nicht einmal. Jedenfalls hat er über mancherlei
982 1844 2403 1903 nachgedacht, worüber seinesgleichen sich sonst nicht viel Gedanken zu
985 1886 2406 1958 machen pflegen. Vielleicht hätte er auch allerlei leisten können, wenn
979 1950 2396 1998 man ihn hätte gewähren lassen. Na, wer weiß, es ist vielleicht besser für
980 1995 2397 2057 ihn, daß sie ihn kurz gehalten haben, — für ihn und am End auch fürs
983 2038 2389 2098 Land. Einer allein kann ja doch nichts machen. Airgends und nie.
974 2090 2396 2164 Da ist's schon am besten, man laßt's gehen und zieht sich zurück, wie er's
976 2136 1198 2210 getan hat.“
1037 2172 2400 2246 Else sah ihn etwas befremdet an. „Sie sind ja heute so philosophisch,
989 2241 2392 2299 was ist denn das? Mir scheint, der Willy Eißler hat Sie verdorben.“
1040 2279 1422 2347 „Der Willy mich?“
1039 2331 2401 2402 „Ja wissen Sie, Sie sollten nicht mit so gescheiten Leuten verkehren.“
1038 2383 1466 2443 „Warum denn nicht?“
1036 2404 2405 2493 „Sie sollten einfach jung sein, leuchten, leben und dann, wenn's halt
983 2476 2395 2532 nicht weiter geht — tun was Ihnen beliebt ... aber ohne über sich und
989 2526 1450 2593 die Welt nachzudenken.“
1050 2577 2404 2639 „Das hätten Sie mir früher sagen müssen, Fräulein Else. Wenn man
985 2627 1956 2689 einmal angefangen hat, gescheit zu werden ....“
1042 2676 2401 2741 Else schüttelte den Kopf. „Aber bei Ihnen wäre es vielleicht zu ver¬
986 2721 2396 2779 meiden gewesen“, sagte sie ganz ernsthaft. Und dann mußten beide lachen.
1043 2770 2406 2833 Die Flammen des Lüsters glühten auf. Georg von Wergenthin und
995 2820 2394 2882 Heinrich Bermann waren eingetreten. Durch ein Lächeln Elses einge¬
993 2870 1811 2939 laden, nahm Georg an ihrer Seite Platz.
1049 2923 2408 2987 „Ich hab's gewußt, daß Sie kommen werden“, sagte sie unaufrichtig
983 2970 2402 3028 aber herzlich und drückte seine Hand. Daß er ihr wieder gegenübersaß
991 3022 2400 3078 nach so langer Zeit, daß sie sein anmutig stolzes Gesicht wiedersehen, seine
996 3075 2405 3133 etwas leise, aber warme Stimme hören durfte, freute sie mehr, als sie
993 3113 1245 3186 geahnt hatte.
1045 3137 2397 3233 Frau Wyner erschien; klein, hochrot, lustig und verlegen. Ihre Tochter
993 3214 2400 3273 Sissy mit ihr. Im Hin und Her der Begrüßung lösten sich die Gruppen.
1045 3272 2404 3333 „Nun, haben Sie mir schon das Lied komponiert?“ fragte Sissy Georg
1018 3360 1339 3413 2. Juliheft 1909
2300 3325 2374 3410 #
