3296 4096
198 72 1207 156 23. Der Nec ins Freie
396 125 1206 195 ereene de e e e en er e e e eterenetetee ene
1375 87 1731 179 box 3/5
2124 24 3185 89 ninig in der Judenfrage“ hinlänglich bekannt ist.
2122 63 3183 140 Sie wissen auch, daß dieser Aufsatz zusammen
2113 118 3182 181 mit den wenig Sympathie für die Juden atmenden
2119 168 3184 234 Ausführungen eines christlichsozialen Führers in
2123 224 3176 276 einer Broschüre vereinigt erschien, und auch
2114 253 3175 337 diese seltsame Zusammmenstellung war in gewis¬
2121 320 3182 378 sem Sinne symbolisch: nämlich für die Tatsache,
2118 366 3189 441 daß Antisemiten und Jüdischnationale oft ins selbe
2113 410 2401 477 Horn stoßen.
2211 467 3174 541 Nichts wäre indessen verfehlter, als aus dieser
2120 518 3178 586 äußeren Harmonic der Schlagworte auf eine innere
2120 566 3177 635 Uebereinstimmung der Motive und auf die Berech¬
2117 615 3183 688 tigung der zionistischen Hoffnung zu schließen,
2118 676 3182 737 durch zielbewußte Hervorkehrung eines eigenen
2124 715 3164 782 jüdischen Nationalcharakters die Sympathie ihre
2123 774 3176 836 „Wirtsvölker“ zu erringen. Gerade in den besten
2122 819 3155 883 zionistischen Köpfen dännnert bereits die Er
2117 856 3174 933 kenntnis, wie sehr man mit der bisherigen Pro¬
2122 907 3170 984 pagierung einer extrem nationalistischen Jüdisch¬
2120 959 3168 1034 keit auf dem Holzweg war und daß die Dissimi¬
2125 1005 3173 1082 lation nicht bloß, wie wir Assimilanten seit jeher
2121 1055 3169 1134 darlegten, das Zusammenleben mit den Anders¬
2119 1105 3174 1174 gläubigen im Galuth erschweren müßte, statt es
2125 1165 3174 1235 zu erleichtern, sondern daß sie sogar das jüdische
2117 1200 3095 1267 Aufbauwerk in Palästina gefährdet.
2197 1254 3171 1339 Hätte sich jemals ein Assimilant zu einer sol¬
2124 1308 3182 1376 clien Behauptung verstiegen, sie wäre ihm als die
2114 1370 3183 1435 größte Blasphemie angekreidet worden. Und nun
2124 1405 3192 1469 hat sie niemand Geringerer als der Präsident
2120 1444 3176 1534 der zionistischen Weltorganisation,
2120 1501 3189 1589 Nahum Sokolow, in einer auf Einladung der
2111 1547 3177 1633 Palästina-Exekutive abgehaltenen Pressekonferenz
2116 1599 3176 1683 in Jerusalen verkündet. Die Jüdische Telegraphen¬
2122 1649 3174 1738 agentur berichtet darüber: „Nahrm Sokolow be¬
2123 1692 3176 1771 faßte sich in seiner Ansprache hauptsächlich mit
2127 1743 3185 1825 der Frage der Politik gegenüber den Arabern.
2113 1801 3185 1885 Seine Ausführungen gipfelten in der These, daß
2122 1851 3171 1928 ein Modus der Annäherung an die Araber gefun¬
2119 1894 3182 1984 den werden müsse, weil das britische Mandat für
2125 1938 2961 2025 Palästina nicht endlos fortdauern kann.
2246 2007 3184 2088 Die Juden Palästinas, sagte Sokolow, müs¬
2163 2066 3176 2142 sen sich orientalisieren, um sich besser in das
2171 2106 3175 2193 Völkergefüge des mittleren Orients einzuglie¬
2162 2156 3171 2238 dern. Die Schaffung besserer kultureller und ge¬
2171 2216 3178 2285 sellschaftlicher Beziehungen zu den Arabern sei
2163 2259 3038 2340 heute eine gebieterische Notwendigkeit.“
2197 2317 3179 2397 Ein gründlicheres Fiasko hat noch kein mit
2125 2370 3178 2441 unbelehrbarer Zähigkeit jahrzehntelang festgehal¬
2114 2416 3175 2496 tenes politisches Axiom erleht als die jüdisch natio¬
2116 2467 3169 2549 nale Dissimilationstheorie durch obige Erklärung
2113 2517 3170 2588 des höchsten zionistischen Führers. Nicht nur, weil
2117 2569 3171 2649 es der größte Unsinn wäre, das den Arabern gegen¬
2115 2607 3170 2693 über empfohlene Heilmittel der Assimilation den
2113 2661 3169 2748 anderen, größtenteils viel zivilisierteren Völkern
2117 2715 3169 2793 gegenüber als unwirksam zu werten, sondern vor
2114 2766 3175 2842 allem deshalb, weil Sokolows These der von Zio¬
2121 2809 3175 2899 nisten und Antisemiten bisher in rührender Ueber¬
2113 2857 3174 2945 einstünutung verfochtenen Ansicht polar entgegen¬
2116 2903 3180 3002 steht, dan sich die Juden, selbst wenn sie es noch
2115 2966 3176 3045 so eifrig anstreben, gar nicht assimilieren können.
2207 3008 3183 3099 Die europäischen Antisemiten qualifizieren
2118 3058 3175 3151 die Juden konsequent als „Orientalen“, die
2121 3113 3174 3203 im Abendland einen Fremdkörper darstellen. So¬
2119 3162 3163 3244 kolow aber erkennt, daß wir uns erst „orien¬
2117 3216 3165 3302 talisieren“ müßten, um im asiatischen Völker¬
2113 3273 3170 3325 gefüge nicht als Fremdkörper empfunden zu wer¬
2115 3311 3168 3386 den. Ja woher weiß denn der Präsident der Zio¬
2117 3364 3161 3444 nisten, daß der jüdischen Angleichung an die Ara¬
2116 3408 3177 3490 ber ein besserer Erfolg beschieden sein könnte als
2115 3473 3169 3528 unserer so oft als zum Scheitern verurteilt ausge¬
