3296 4384
250 226 386 305 23.
823 218 1235 291 ins Freie
440 226 565 296 Der
1412 218 1771 304 box 3/2
618 227 737 294 Ne
807 888 1667 960 AUs DER DICHTUNG DES LETZTEN JAHRES
814 996 1686 1055 Prosa viel von dem, was man fälschlich „lyrisches“
810 1043 1694 1104 Talent zu nennen pflegt, weil es weder episch noch
812 1079 1056 1134 dramatisch ist.
869 1117 1685 1169 Ein neues hoffnungerweckendes Talent ist in diesem
817 1162 1694 1207 Jahre in Österreich aufgetreten: H. K. Bartsch, dessen
807 1205 1688 1251 frisches Hineingreifen in des Lebens Reichtum sich
812 1241 1684 1289 schon in dem Gegenstand seines Romans „Zwolf aus
819 1281 1679 1322 der Steiermark“ ausspricht. Sein Neuestes, „Die
811 1319 1687 1359 Haindlkinder“, bedeutet vielleicht keinen Schritt vor¬
810 1361 1679 1405 wärts, aber gewiß auch keinen zurück. Sein Lands
812 1403 1664 1448 mälm Rosegger gab unter dem Titel „Alpensommer
817 1438 1681 1479 eine Sammlung kleiner Schilderungen und Geschichten
811 1478 1682 1521 aus der Heimat heraus, die allen Freunden des alten
820 1516 1694 1563 Poeten willkommen sein werden. Wiener Volksleben
807 1549 1681 1591 schildert mit verblüffender, zarte Gemüter vielleicht
812 1593 1682 1634 hie und da verletzender Anschaulichkeit K. Adold
808 1632 1696 1680 in seinem lose gefügten Roman „Haus No. 37“. In
811 1670 1688 1711 höheren Sphären der österreichischen Hauptstadt be¬
812 1714 1673 1754 wegt sich Schmitzlers „Weg ins Freie“, ein zartschat
814 1749 1689 1798 tiertes Werk voll reichlicher Beobachtungskunst, dessen
807 1794 1674 1845 üde hingezeichnete Linien aber den unkräftigen Dra
822 1826 1433 1891 atiker leicht wiedererkennen lassen.
868 1854 1682 1913 Aus der Schweiz sind drei nennenswerte Bücher zu
821 1908 1678 1957 uns gekommen. Zunächst die graziöse, von der form
809 1947 1678 1995 vollen Kunst Spillelers zu reichem Leben gestaltete
819 1988 1681 2029 humoristische Erzählung „Die Mädchenfeinde“. Dann
813 2025 1688 2073 der ernste, gehaltvolle Roman „Lukas Hochstrassers
816 2066 1682 2111 Haus“ von Zahn, und zuletzt der München-Schwa¬
811 2102 1692 2148 binger Künstlerroman „Laubgewind“ von 7. C. Heer.
808 2144 1690 2192 der trotz seiner oberflächlichen und unbekümmerten
814 2184 1677 2225 Mache — er ist wohl das Schwächste, was Heergeschrie
809 2222 1686 2266 ben hat — schon weithin bekannt geworden ist. Unter
813 2262 1687 2308 den Reichsdeutschen gebührt unseres Erachtens Canl
821 2298 1690 2351 aupfmann der Vorrang. Sein zweibändiger Roman
822 2340 1690 2387 „Einhart der Lächler“ gehört zu den wenigen Werken,
818 2378 1686 2417 die einem Sehnen und Suchen der Zeit Gestalt ver¬
816 2414 1687 2461 leihen, aber doch weder ins blasse Symbolisieren noch
812 2458 1694 2507 in undichterische Schilderung geraten. Ein zwar
818 2496 1680 2539 schwer und zuweilen etwas eilig geschriebenes, aber
817 2536 1687 2588 nnerlich vollwertiges Werk! — Graf Kepserlings
818 2573 1688 2619 Neuestes, der kleine Roman „Dumala“ reiht sich den
806 2616 1690 2659 früheren Werken des Dichters ebenbürtig an, ohne
819 2654 1683 2695 rgend etwas zu seinem Bilde hinzuzutun. Ahnlich
815 2694 1692 2748 steht es mit Oitomar Enkings „Wie Truges seine
812 2734 1676 2781 Mutter suchte“, einem ernsten Werke, dessen Ab
808 2777 1688 2821 sichtlichkeit zeitweilig verstimmend wirken mag, dessen
807 2811 1686 2861 gediegene Arbeit sich aber immer wieder Respekt er¬
806 2843 1692 2899 zwingen wird. Timm Krögers Novellen-Sammlung
817 2900 1693 2935 „Buch der guten Leute“ zeigt ebenfalls alle Vorzüge
805 2934 1684 2975 dieses ruhigen, das Leben mit liebenswürdiger Zurück¬
805 2969 1682 3009 haltung betrachtenden Dichters. Reich aus großer
815 3006 1696 3056 Lebensbeobachtung und Kellerisch fein gestaltet sind
814 3049 1686 3095 W. Schäfers „Anekdoten“. Jakob Wassermann trug
814 3082 1683 3126 sich den gesamten „Kaspar Hlauser“-Stoff mit großem
807 3124 1691 3169 Fleiß zusammen und verwertete ihn mit Treue und
817 3163 1683 3208 Formgefühl zu einem lesbaren Zeitbild; daß er dabei an
817 3202 1694 3241 der Sprödigkeit des seelischen Gehaltes seiner Gestalten
816 3248 1691 3290 scheiterte, ist aber kaum zu leugnen. Der phantasievolle
812 3282 1683 3325 Bernhard Kellermann, dessen zartgetönter Liebes- und
801 3315 1689 3362 Scheidensroman „Ingeborg“ die Erwartungen so hoch
809 3357 1677 3406 spannte, behandelt in seiner Erzählung „Der Tor“
812 3397 1693 3442 zart und vielfarbig das Schicksal eines weichherzigen,
818 3436 1685 3480 phantasieüberreichen Vikars, der seine christliche Ge¬
813 3482 1692 3536 sinnung aus tiefer Überzeugung betätigt und die Kon¬
795 3513 1686 3567 flikte kaum achtet, die ihm erwachsen. Rudol) Huch
2565 907 2636 963 95
1745 1000 2622 1058 hingegen gibt in dem Romane „Die beiden Ritter¬
1749 1055 2623 1100 heim das Beste, was ihm bisher gelang, das feine
2580 1091 2627 1137 (8
1756 1089 2577 1144 Buch ist ein entschiedener Fortschritt. J. Schaf
1752 1134 2621 1176 „Erlhöferin“ scheint uns ein flottes „Erzählertalent“
1747 1172 2573 1217 zu erweisen, aber nicht mehr. K. B. Heinrichs
1754 1200 2204 1256 vohl autobiographischer —
2210 1204 2624 1258 Roman „Karl Asenkofer“
1743 1245 2622 1291 leidet ebenfalls darunter, daß das zu Grunde liegende
1748 1281 2621 1325 Erlehnis nicht überall künstlerisch verarbeitet ist.
1750 1323 2620 1371 Docn spricht manches in dem Buch von einer räf¬
1743 1361 2635 1418 tigen, gereiften Männlichkeit. E. G. Seeligers was
1746 1405 2630 1450 gröblicher Unterhaltungsroman „Der Schrecken ##er
1754 1435 2636 1499 Völker“ sei als Eisenbahnlektüre bester Art den
1748 1477 2045 1527 Lesern empfohlen.
1811 1516 2623 1562 Von den Frauen gab Melene Böhlau nach längerer
1746 1536 2629 1625 Zeit wieder einen Roman „Das Haus zur Flami:
1741 1597 2628 1640 heraus, der zwar ihr Wollen in bestem Lichte zeigt,
1746 1634 2617 1688 doch scheint es, als ob ihr herzhaftes Zugreifen dem
1741 1675 2626 1719 überaus zarten und schwierigen Stoff nicht ganz an¬
1747 1716 2613 1758 gemessen sei. Clara Fiebigs „Das Kreuz im Venn
1748 1754 2633 1802 ist ein recht grob und billig gearbeitetes Werk. Anna
1743 1794 2632 1834 Croissant-Rust gibt in ihrem „Winkelquartett“ ein
1754 1833 2622 1885 leiteres und lebensfröhliches Kleinstadt-Idyll, eine reife
1746 1874 2618 1913 und humorvoll überlegene Veranschaulichung eng be
1752 1911 2617 1959 grenzter Triebe und Hoffnungen. Helene Toigt-Die
1743 1952 2630 1994 derichs „Aus Kinderland“ mag das künstlerische Ge¬
1749 1988 2618 2034 stalten hie und da fehlen, ein reiches Beobachten und
1745 2027 2619 2076 sicheres Zeichnen der kleinen Welt wird die meisten
1746 2062 1966 2114 entschädigen.
1802 2099 2622 2147 Das Ausland schenkt uns dies Jahr zwei bedeu¬
1745 2142 2620 2192 tende Romane. Der kraftvolle und wahrhaft er¬
1749 2188 2623 2232 schreckend anschauliche Mfaarten Maartens, dessen
1746 2226 2627 2270 frühere Werke in Deutschland nicht überall den ver¬
1755 2264 2624 2304 lienten Erfolg fanden, greift in seinem neuesten Werke
1753 2300 2620 2347 „Die neue Religion, die Gesundheits- und Nerven¬
1743 2347 2626 2390 fexerei unserer Zeit mit den Waffen eines reichen
1748 2382 2636 2429 Geistes und einer überragenden dichterischen Kraft
1747 2420 2635 2472 an. Seine scharfe satirische Klinge führt er dabei mit
1749 2462 2636 2500 so virtuoser Geschicklichkeit, daß nirgends die Form
1745 2499 2626 2543 des wohlabgewogenen Romans durchbrochen wird.
1743 2534 2631 2586 Walter Pater, der englische Kulturdarsteller, bedient
1749 2577 2630 2617 sich der locker durchgeführten Romanform, um tiefe
1742 2615 2631 2667 Gedanken und glänzend gezeichnete Bilder aus der
1752 2656 2623 2702 geistig bewegten Zeit der Friedenskaiser in Rom dar¬
1745 2701 2633 2746 zubieten; „Marius der Epikureer“ übrigens schon
1748 2739 2624 2787 vor 30 Jahren geschrieben, ist ein Werk, das ruhiges
1740 2766 2628 2814 Lesen und besinnliches Einfühlen — auch durch seinen
1749 2811 2627 2858 schweren Stil — verlangt. Hermann Bangs „Ludwigs¬
1747 2848 2624 2891 höhe“ mit seinen weichen aber klaren Linien, mit der
1748 2930 2621 2979 wird sich auch in Deutschland ohne Zweifel weit¬
1746 2969 2632 3015 hin Anerkennung erringen. Dagegen wird es uns
1747 3008 2619 3048 nicht leicht, den Dänen bei ihrer Bewunderung in
1745 3049 2625 3092 Pontopbidans „Gelobtes Land“ zu folgen, weil wir
1751 3085 2622 3130 darin wohl wertvolle Einzelbilder genug erkennen,
1746 3131 2620 3169 aber nicht die einem klaren Leitbild nachgestaltende
1746 3166 2624 3213 Kraft. Hier scheint uns sozusagen irrtümlich ein
2090 3205 2632 3253 r „Darstellung der sozialeh und
1746 3200 2025 3255 Roman an Stelle
2116 3248 2611 3292 der Gegenwart in Dänemlark“
1747 3239 2023 3292 religiösen Ström
2095 3283 2629 3322 ansons kampfbereite, lebensfrohe
1741 3282 2023 3331 geschrieben. Au
2098 3321 2620 3368 seiner Heimat gepriesen und ge¬
1745 3319 1990 3375 Lyrik, so laut
2095 3356 2614 3411 wo das Lied im Volke noch ie
1746 3360 1984 3411 sungen werder
2120 3399 2632 3449 uns bedeutet sie kaum etwas
1748 3398 1968 3450 bendig wird
2067 3435 2620 3490 is neuester Roman „Die Mutter“
1745 3438 1962 3483 Wesentliches.
2077 3473 2634 3522 ontoppidans Werke an Überfülle
2097 3513 2637 3577 Stoffes, — der noch dazu in
1753 3516 1963 3580 les unverar
