3248 4096
205 42 407 128 23.
410 40 1215 116 Der Meg ins Freie
1381 43 1718 129 box 3/5
408 90 1205 143 eeee
765 626 955 689 Seite 658
1317 629 2162 697 #eitage der Münchner Neuesten Nachrichten
2603 648 2756 709 Nr. 148
729 729 1731 784 weisen können als an „Wilhelm Meisters
1788 730 2784 790 färbung das Grundwesen der Deutschen zur Anschau¬
727 767 1723 826 Lehrjahren“. Die „Wanderjahre“ schei¬
1790 779 2207 843 ung zu bringen suchen.
731 816 1732 876 den als eine gar zu willkürliche Zusammenhäufung
1832 819 2776 888 Der Zeit gemäß ist im „Parzival“ der Held ein
733 857 1731 907 heterogener Elemente aus; nichts beleuchtet die greisen¬
1782 863 2787 934 Ritter, im „Simplicissimus“ ein abenteuernder Sol¬
731 905 1727 955 hafte Nachlässigkeit Goethes in der Kompositio, dieses
1784 913 2774 976 dat. „In beiden epischen Erzählungen rundet sich das
736 950 1732 1007 Werkes so hell wie die Tatsache, daß er durch Ecker¬
1783 961 2780 1006 Einzelbild zum Weltbild, so daß es als eine Abrech¬
731 996 1723 1046 mann aus zwei starken Stößen handschriftlicher Be¬
1784 1001 2772 1070 nung mit den Fragen erscheint, welche die Zeit am tief¬
727 1045 1736 1094 merkungen dem zweiten Bande als „Betrachtungen im
1793 1044 2780 1112 sten bewegen. Die Lebenserfahrung des einzelnen wird
731 1083 1725 1139 Sinne der Wanderer“, und dem dritten Bande als
1777 1096 2705 1151 zur allgemein menschlichen Lebensweisheit erhöht.“
726 1128 1722 1185 „Aus Makariens Archiv“ Aphorismen beifügen ließ,
1825 1133 2768 1201 Ueber diese Bedeutung für die Geschichte der geisti¬
725 1167 968 1220 weil er ——
984 1170 1723 1237 den Umfang des Manuskriptes falsch ab¬
1777 1183 2777 1238 gen Entwicklung und der Gesittung geht für uns beim
725 1214 1729 1276 geschätzt hatte; beim Druck zeigte sich nämlich, daß der
1789 1231 2780 1278 „Simplicissimus“ noch hinaus sein rein geschichtlicher
720 1262 1722 1310 zweite Band zu klein auszufallen drohte (Creize¬
1790 1268 2767 1322 Wert. Von all den wissenschaftlichen Werken und an¬
726 1309 1723 1353 nach in der Einleitung zu den „Wanderjahren“ in
1782 1310 2769 1370 dern Darstellungen der Zeiten des Dreißigjährigen
729 1342 1726 1402 der Jubiläumsausgabe Bd. 19 S. XIX f.). Die
1778 1356 2776 1409 Krieges ist es keinem auch nur entfernt so wie diesem
728 1394 1730 1447 „Lehrjahre“, die Goethe bekanntlich neben dem
1786 1400 2773 1466 Roman gelungen, die weitesten Kreise das greuelreiche
726 1438 1723 1485 „Faust“, lange Zeit sogar vor dem „Faust“ als sein
1782 1446 2775 1496 Menschenalter, das Deutschlands Kultur um zwei
729 1480 1720 1536 dichterisches Hauptwerk ansah, gehören zwar auch nach
1788 1488 2770 1554 Jahrhunderte gegenüber unsern Nachbarn Frankreich
729 1523 1718 1568 den eigenen Worten des Dichters „zu den inkalkulabel¬
1775 1539 2774 1589 und England zuruckgeworfen hat, nacherleben zu lassen.
727 1566 1724 1615 sten Produktionen, wozu mir fast selbst der Schlüssel
1822 1575 2769 1643 Ergreifender — sagt Hermann Hettner in seiner
786 1606 817 1636 1
733 1608 1725 1669 fehn; sie dürfen aber doch als ein Roman bezeichnet
1779 1616 2776 1684 Geschichte der deutschen Literatur im achtzehnten Jahr¬
721 1659 1723 1708 werden. Ihre hervorragende Stellung in den weiten
1778 1665 2768 1719 hundert (1. Buch: Vom westfälischen Frieden bis zur
725 1699 1726 1754 Gefilden der deutschen Literatur beruht darauf, daß sie
1779 1706 2764 1764 Thronbesteigung Friedrichs des Großen, 1648—1740
725 1745 1721 1803 mehr als die „Wahlverwandtschaften“ mehr noch sogar
1835 1755 2767 1807 ist nie die bunte Abenteuerlichkeit der Söldnerban¬
719 1789 1729 1840 als „Werther“ ein historischer Roman sind. Goethe
1778 1799 2774 1855 den, die Verwilderung, die wüste Sittenfäulnis, die
724 1830 1724 1882 wollte von der Welt, wie er sie in jenen Jahren vor
1782 1841 2768 1906 Lebensöde und die Not und der Schrecken jenes entsetz¬
722 1883 1717 1940 und hinter sich liegen sah, ein umfassendes, getreues
1781 1887 2777 1941 lichen Krieges geschildert worden, ergreifender nie der
720 1916 1722 1976 Spiegelbild geben. In diesem Sinne hatte er schon
1774 1934 2766 1987 tiefe Herzensgram und das rührende Sehnen nach
727 1967 1715 2021 am 2. Oktober 1786 aus Italien geschrieben: „Ich
1776 1972 2764 2029 friedvoller Weltabgeschiedenheit, das sich damals aller
719 2007 1719 2066 habe Gelegenheit gehabt, über mich selbst und andere,
1776 2020 2781 2074 Besten bemächtigt hatte. Es scheint ein Genrebild zu
722 2047 1719 2113 über Welt und Geschichte viel nachzudenken, wovon ich
1786 2061 2774 2116 ein und es ist ein geschichtlicher Roman im großen
726 2100 1718 2148 manches Gute, wenngleich nicht Neue, auf meine Art
1778 2108 2771 2160 historischen Stil. Freilich sind auch hier überall die
720 2141 1713 2204 mitteilen werde. Zuletzt wird alles in Wilhelm gefaßt
1780 2150 2770 2210 schmerzlichen Spuren jener rohen Verbauerung, an
720 2178 1022 2246 und geschlossen.“
1766 2195 2774 2241 welcher ganz Deutschland am Ende des Krieges krankte;
1769 2241 2774 2292 mit sichtlichem Behagen verweilt die Schilderung ost
767 2229 1722 2306 In „Wilhelm Meister“ verband sich — sagt Alfred
1772 2278 2775 2336 und gern im niedrigsten Schmutz unerhörter Zoten
721 2292 1725 2350 Biese in dem soeben erschienenen zweiten Bande
1778 2324 2767 2383 und Flegeleien; es fehlt aller und jeder Sinn für
725 2335 1715 2391 seiner von neuem aufs wärmste zu empfehlenden, übri¬
1773 2365 2770 2427 Maß und Schönheit. Aber der innerste Kern ist ge¬
715 2384 1716 2444 gens auch erstaunlich billigen „Deutschen Lite¬
1787 2412 2772 2472 und. Es zeigt sich das volle Gefühl und die glück¬
725 2426 1711 2479 raturgeschichte“*) (S. 93) — der alte Aben¬
1777 2458 2771 2505 lichste Kraft für Lebendigkeit und Naturwahrheit der
722 2472 1710 2526 teurerroman mit dem modernen Erziehungsroman,
1781 2496 2774 2563 Charaktergestaltung, für gründliche und überzeugende
714 2515 1722 2566 und das Werk überflügelte doch die größten Leistungen
1780 2541 2774 2594 Motivierung der Uebergänge und Steigerungen ...
717 2558 1712 2619 auf beiden Gebieten, weil alles verinnerlicht ist und
1773 2584 2770 2641 Oft sogar überkommt uns der Hauch der echtesten und
716 2607 1713 2654 weil der Dichter auf der Grundlage reicher, persön¬
1774 2638 2771 2695 unverlierbarsten Poesie ... Die Sprache ist rein,
715 2643 1720 2708 licher Erlebnisse und Erfahrungen die Erziehung eines
1773 2674 2762 2732 fließend, echt volkstümlich. Wir stehen nicht an, den
724 2690 1718 2751 Mannes zu freiem, echtem Menschentum nicht lehrt,
1780 2723 2767 2775 „Simplicissimus“ trotz all seiner Roheit und Form¬
728 2745 1715 2791 ondern gestaltet. Die „Lehrjahre“ gehören in die Ent¬
1775 2764 2770 2809 losigkeit unter die schätzbarsten Besitztümer unserer Li¬
717 2783 1712 2830 wicklungsreihe, die von Wolfram v. Eschenbachs
1777 2808 2769 2866 teratur zu zählen. An Kunst bleibt er hinter den spa¬
721 2817 1078 2876 „Parzival“s)
1077 2819 1722 2882 über Hans Jakob Christoffel
1774 2853 2767 2902 nischen Schelmenromanen und dem späteren Gil Blas
715 2870 1713 2918 v. Grimmelshausens „Abenteuerlichen
1780 2902 2755 2955 zurück; an Ernst und Tiefe der Gesinnung, an Groß¬
725 2906 1719 2969 Simplicius Simplicissimus““) nach Biese
1780 2949 2760 3002 artigkeit der geschichtlichen Verhältnisse überragt er sie
716 2951 1703 3005 bis zu Gottfried Kellers „Grünem Heinrich“
1765 2980 1999 3038 himmelhoch.“
724 2996 1710 3052 führt, in jene Kette epischer biographischer Darstellun¬
1810 3023 2761 3085 Wie der „Simplicissimus“, der, nebenbei bemerkt,
720 3047 1713 3107 gen, die in typischen Einzelgestalten je nach der Zeit¬
1772 3076 2753 3126 auch die älteste deutsche Robinsonade ist (die erste Aus¬
1776 3122 2763 3178 gabe erschien 1669, des Engländers Daniel Defoe
747 3117 1114 3172 2) Alfred Biese,
1128 3114 1709 3178 Deutsche Literaturgeschichte. 1. Band:
723 3157 1711 3208 Von den Anfängen bis Herder. 640 S. 1. bis 8. Tausend; 2. Band:
1771 3163 2756 3215 epochemachender „Robinson Crusoe“ aber erst
728 3194 1708 3246 Von Goethe bis Mörike, 694 S., 1. bis 8. Tausend. München 1909,
1772 3205 2758 3254 1719), in Deutschland eine Reaktion gegen das krank¬
728 3222 1651 3271 C. H. Becksche Verlagsbuchhandlung. Jeder Band geb. 5,50 M.
813 3252 1713 3305 Dabei sei hier die Neudichtung des „Parzifal“ von
1776 3245 2751 3302 haft aufgeputzte, steife Wesen der zeitgenössischen Hel¬
717 3274 1340 3319 Wilhelm Hertz wiederum empfohlen.
1763 3292 2750 3349 den= und Liebesromane darstellte, so waren auch seine
806 3305 1712 3350 H. J. Chr. v. Grimmelshausen, Abenteuerlicher
714 3344 1713 3386 Simplicissimus. Taschenausgabe in drei Bänden, besorgt von
1769 3334 2757 3384 literarhistorischen Vorgänger und Vorbilder, die spa¬
724 3370 1716 3405 Reinhard Buchwald. Mit Wiedergabe der vier Radierungen von
1770 3382 2757 3438 nischen Abenteurer= und Schelmenromane, als natur¬
719 3401 1711 3457 Max Klinger in Lichtdruck. Leipzig, Insel=Verlag. In
714 3430 1360 3472 Pappbänden 8 K. In Pergament 14 K.
1766 3427 2763 3497 wüchsige Volksromane in bewußten Gegensatz zu der
