3204 4096
194 115 1189 201 23. Der Neg ins Freie
396 178 618 222 —
734 178 1196 232 — —
253 1660 1201 1751 trotz ihres wüsten Geschreies nicht die
262 1730 1211 1802 Massen der österreichischen Bevölkerung
266 1773 1213 1855 stehen, haben mit drastischer Deutlichkeit
260 1822 1202 1895 die totale Niederlage der nur - natio¬
267 1879 1201 1947 nalen und pseudoliberalen Politiker im
257 1922 1200 1993 deutschen, slawischen und italienischen
257 1968 1193 2044 Lager anläßlich der letzten Reichsrats¬
270 2016 1209 2089 wahlen gezeigt. Es würde sich ebenso in
263 2068 1202 2139 Ungarn bei Neuwahlen auf Basis des
262 2117 1196 2193 allgemeinen, gleichen, direkten Wahlen
262 2165 464 2226 erweisen.
345 2214 1201 2287 Alle zehn Nationen des Reiches sind
257 2263 1201 2334 des eklen Nationalitätengezänkes müde.
253 2312 1199 2383 Sie haben 100 Christlichsozialen und 89
257 2363 1199 2434 Sozfaldemokraten ins österreichische Ab¬
253 2410 1190 2479 geordnetenhaus geschickt, weil von diesen
254 2466 1198 2528 Parteien einerseits der Mittelstand anderer¬
254 2515 1196 2579 seits die Arbeiterschaft in erster Linie ra¬
250 2568 1196 2630 dikale Sozialreformen erwartete. Sind
255 2612 1199 2673 aber sowohl Christlichsoziale als auch
246 2656 1197 2726 Sozialdemokraten nicht im Stande nationale
249 2711 1191 2783 Ordnung zu schaffen, erweist sich auch in
247 2761 1183 2822 diesen beiden Lagern in Zukunft wie in Ver¬
250 2809 1195 2865 gangenheit der Chauvinismus stärker als das
253 2860 1190 2923 Christentum und der Sozialismus, dann
252 2917 1194 2970 müssen die Massen alle Hoffnung auf
247 2962 1191 3020 wirtschaftliche Verbesserung ihrer Situation
252 3007 1178 3065 auf parlamentarischem Wege ver¬
239 3050 432 3107 lieren.
333 3083 1187 3158 Da aber der gegenwärtige Parlamen¬
243 3157 1185 3216 tarismus durch diesen Prozeß nach oben
252 3203 1132 3256 und unten haltlos geworden ist, gibt es
246 3250 1021 3304 man muß es immer wieder sagen
1106 3256 1185 3311 nur
246 3294 1180 3362 zwei Möglichkeiten: Entweder die Modernen
243 3348 1179 3412 aller Völker einigen sich auf der Platt¬
245 3391 361 3446 form:
435 3396 1181 3462 Verfassungsrevision im
237 3441 1183 3506 Sinne der nationalen Autonomie
247 3496 1175 3554 und suchen im gegenwärtigen oder in einem
238 3547 1181 3605 zukünftigen Parlament eine diesbezügliche
208 3598 1176 3658 Maiorität zu erringen oder sie über¬
1367 119 1715 210 bos 3/5
1274 1115 2228 1177 lassen einer klerikalen Majorität aus
1280 1164 2227 1222 den verschiedenen Nationen, sei es
1280 1216 2217 1279 mittels § 14 oder durch eine Kompetenz¬
1280 1264 2220 1320 erweiterung der Landtage, ein neues Ex¬
1282 1315 2221 1369 periment mit der geltenden unglückseligen
1285 1363 1792 1422 Verfassung zu machen.
1373 1405 2228 1480 Aber alch dieses letzte Experiment,
1277 1461 2220 1512 welches ja nichts anderes wäre, als eine
1279 1507 2228 1557 Verlegung der Nationalitätenkämpfe aus
1280 1558 2227 1623 dem Abgeordnetenhause, in die Landtage
1290 1619 2213 1668 wird und muß scheitern. Dann folgt natur¬
1278 1651 1426 1709 gemäß
1518 1652 2221 1709 weil kein weiterer Ausweg mehr
1276 1703 2218 1764 übrig bleibt, beschleunigt durch die ungari¬
1282 1751 2158 1799 sche Krise und die Annexion Bosniens
1281 1802 2210 1852 die Verfassungssistierung. Darf mar
1276 1847 2214 1908 die Bedürfnisse der Gesamtheit einem
1280 1892 2219 1959 morschen Parlamentarismus, darf man die
1282 1945 2225 2003 Reichs- und Volksnotwendigkeiten dem
1280 1994 2208 2048 gewissenlos egoistischen österreichischen
1272 2041 2218 2098 Parteiwesen opfern? Sollte eine endgültige
1280 2088 2210 2146 nationale Ordnung durch freie Verein¬
1279 2143 2210 2192 barung der Völker, resp. deren Vertrauens¬
1282 2190 2217 2253 männer wirklich unmöglich sein? Müssen
1279 2250 2209 2299 wir mit vollen Segeln der Reaktion zu¬
1277 2294 2215 2358 steuerr der verhüllten des § 14 oder der
1278 2334 1956 2393 unverhüllten des Absolutismus
1372 2384 2208 2443 Seien wir bewußten Juden immer ein¬
1272 2441 2214 2500 gedenk, welches unsägliche Unglück über
1282 2497 2214 2547 unser Volk mit dieser Wendung zum Aller¬
1277 2533 2219 2589 schlechtesten hereinbräche und haiten wir
1273 2584 2226 2638 uns immer vor Augen, daß die Sünden der
1269 2628 2230 2693 assimilatorischen Juden mit Schuld sind an
1274 2677 1811 2734 dieser furchtbaren Krise.
1377 2719 2224 2778 Dann werden wir nicht erlahmen, für
1271 2779 2211 2833 die Einheit aller Juden überhaupt und
1274 2826 2214 2879 für die Einheit des jüdischen Volkes
1273 2874 2208 2922 in Oesterreich, auf Grund der Völker¬
1262 2917 2223 2981 freiheit insbesonders einzutreten und
1278 2967 2212 3025 gegen jeden Chauvinismus, gegen alle
1273 3022 2210 3074 Herrschaftstendenzen in nationaler, kon¬
1266 3070 2220 3128 fessioneller und ökonomischer Hinsicht zu
1268 3119 1443 3173 wirken.
1512 3227 1973 3321 Golusblüten.
1368 3307 2215 3373 Ein Vorschlag. Wer ist der antisemitelnde
1269 3359 2208 3412 Feuilletonist der „Arbeiterzeitung“, der Ob¬
1270 3412 2205 3472 lomow d. J. zeichnet? Kein anderer als der Anar¬
1273 3469 2215 3518 chist a. D. Stephan Großmann, ein echtes Leo¬
1272 3513 2212 3578 poldstädter Kind. SchnitzLer’s Roman „Der Weg
1272 3558 2214 3619 ins Freie“, der gerade wegen seiner jüdischen Note
2366 771 3177 833 zigsten Todestage.“ Von Max Warwar(
2359 826 2977 875 neue Weg, Berlin; XXXVIII, 29).
2437 851 3198 914 „Briefe an die Presse.“ Von Oskar Wil
2367 900 3207 954 (Nord und Süd, Berlin; XXXIII, 6). Wilde pfle
2367 939 3200 994 auf Kritiken, die ihm ungerecht erschienen, eben
2362 979 3209 1050 eingehende wie scharfe Entgegnungen zu schreibe
2361 1019 2926 1061 einige davon sind hier gegeben.
2418 1062 3206 1110 „Die Bedeutung unserer satirischen Witzze
2366 1065 3209 1153 schriften für das Volkstum.“ Von Aloys Wur
2359 1132 2983 1186 (Soziale Kultür; XXIX, Aprilheft).
2374 1338 3206 1405 Schener Austand!
2579 1395 3009 1479 Französischer Brief
2359 1477 3185 1534 CIber Voltaire als Schloßherrn von Ferney
2365 1523 3198 1571 4 Fernand Caussy schon viel interessantes M
2460 1568 3207 1609 erial beigebracht. In der „Revue de Pari
2359 1603 3208 1648 (15. Juli) erörtert er nunmehr seine Zerwürfn
2361 1638 3048 1684 mit den Geistlichen de: Umgegend.
2362 1679 3208 1719 letzte Roman von Arthu Schnitzler „Der W
2360 1717 3208 1759 ins Freie“ wird im gleiche# von Ern
2361 1752 3209 1800 Tonnelat ausführlich besprochen. Lange Stell
2367 1797 3201 1837 werden daraus übersetzt. Der französische Kriti
2369 1836 3208 1879 indet, daß noch niemals die Judenfrage in dich
2361 1876 3197 1918 rischer Form eine so umfassende und unparteiis
2359 1908 3167 1972 Beleuchtung erfahren habe. Schnitzlers wahren
2358 1948 3197 1996 danken glaubt er in dem Satze zu finden: „Je
2356 1989 3153 2031 Rasse ist von Natur an sich antipathisch.
3158 1993 3209 2045 D
2366 2030 3153 2078 Individuum allein ist imstande, durch seine
2366 2072 3207 2115 sönlichen Eigenschaften gelegentlich mit den an
2352 2101 3194 2153 pathischen Eigenschaften seiner Rasse zu versöhnen.
2354 2149 3209 2199 Chateaubriand Napoleon und die Bourbon
2361 2167 3141 2233 behandelt Léon Pingaud in der Nummer
3155 2192 3187 2225 4
2362 2222 3195 2272 1. August. Der große Schriftsteller hat sich geg
2353 2257 3207 2306 beide Dynastien schmählich benommen, weil sie sein
2353 2304 3201 2351 politischen Ehrgeiz nicht befriedigten, und beide hatt
2358 2338 3158 2386 die besten Gründe dazu. Als Napoleon, dem
2353 2381 3206 2421 Génie du Christianisme“ sehr zustatten gekomme
2355 2416 3209 2459 den Verfasser dem Kardinal Fesch als Sekret
2358 2457 3208 2506 für die Botschaft in Rom beigegeben, mach
2358 2495 3202 2555 Chateaubriand über den Kopf seines Vorgesetzt
2353 2535 3179 2579 hinweg eigene Politik, und noch schlimmer trieb
2353 2571 3209 2619 es als Minister des Außern unter Ludwig XVII
2349 2620 3208 2663 wo er aus eigenem Entschlusse eine Art Erpressu
2361 2653 3209 2705 bei der spanischen Regierung auszuüben suchte. Die
2351 2693 3206 2736 Monarch behielt schließlich recht mit seiner en
2355 2732 3208 2789 herzigen Bemerkung: „Man kann Künstlern gege
2354 2766 2926 2820 über nicht mißtrauisch genug sein.
2415 2805 3197 2856 Im „Mercure“ (16. Juli) macht Jean de Gor
2351 2844 3200 2890 mont einen Versuch „poetischer Physiologie“ in ein
2352 2887 3209 2933 vergleichenden Studie über die Dichterinnen Gräf
2348 2924 3170 2978 de Noailles Gérard d'Houville (Frau
2354 2965 3207 3007 Regnier=Heredia) und Lucie Delarue=Mardru
2344 3004 3196 3049 Er sucht den Gedanken durchzuführen, daß al
2351 3044 3164 3094 wahre Poesie nicht nur sinnlich, sondern sogar
2356 3078 2651 3128 schlechtlich sei. —
2662 3083 3208 3124 Das Buch von Maurice Mur
2350 3118 3208 3169 „Littérature Allemande“ (Armand Collin) wi
2349 3160 3200 3210 von Henri Albert im ganzen günstig besproche
2357 3195 3207 3245 Er tadelt bloß, daß für die neueste Zeit der Ve
2356 3238 3208 3283 fasser zuviel Namen geben wollte und daher d
2348 3277 3205 3321 wirklich hervorragenden Leute nicht genug hervo
2345 3312 2463 3357 treten.
2537 3314 3200 3358 Dem neuesten Roman von André Gid
2472 3323 2537 3348 —
2353 3353 3199 3400 „La Porte étroite“ (Mercure) ist die Auszeichnun
2355 3393 3160 3433 widerfahren, daß er fast gleichzeitig in Paris
2347 3434 3209 3477 Original und in Berlin (Erich Reiß) in der Übe
2352 3463 3208 3515 setzung von Felix Paul Greve erschien. Es ist ein
2346 3511 3207 3552 bemerkenswerte Studie religiöser Wahnvorstellung
2352 3553 3207 3603 unter französischen Protestanten. Nach dem Urtei
2355 3584 3202 3633 Alberts wird die deutsche Übertragung dem Origin
2343 3623 2694 3682 vollkommen gerecht.
