3248 4352
1327 -6 1700 80 box 3/1
692 -2 1160 79 ins Freie
155 6 658 112 23. Der Ne
353 67 1185 126 # un  e e e Sr uen e e eterenenetere
584 565 1447 700 en Kbrur geas
1175 691 1640 834 21 7n#71
605 736 879 833 4% 475
655 933 1674 1018 („Der Weg ins Freie.“ Roman von Artur
619 995 1664 1064 Schnitzler. Berlin 1908. Verlag S. Fischer.) Ein kluges
339 950 449 1083 3
612 1036 1658 1096 und tapferes Mädchen, das es bis zur Doktorin der
616 1070 1662 1152 Mathematik und Physik gebrucht, darüber aber ihr gesundes
615 1134 1654 1209 und praktisches Urteil in allen Lebensfragen nicht eingebüßt
615 1178 1660 1256 hat, hat mir ihre Ablehnung des vorliegenden Romans in
614 1238 1657 1294 die folgenden einfachen Worte gekleidet: „Die Leute darin
615 1283 1655 1352 tun nichts und haben kein Herz!“ Und wirklich kann eine
613 1341 1649 1402 erschöpfende Kritik des Inhalts dieses Buches nur in einer
613 1367 1649 1455 Paraphrasierung dieser beiden kurzen Sätze bestehen. Diese
614 1443 1647 1506 Schnitzlerschen Menschen gehen neben ihrem Leben her und
614 1474 1657 1554 schauen sich selber leben zu. Sie sind vom tiefsten Kern des
607 1532 1654 1601 Daseins geheimnisvoll abgeschnitten. Kein großes Leid, keine
605 1583 1655 1643 große Freude kann recht an sie heran: in irgend einem
602 1633 1642 1705 Vorhof ihrer Seele bleiben sie wie festgezaubert stehen. „Sie
604 1681 1636 1757 tun nichts“: sie lassen sich vom Strome der Stunden dahin¬
606 1735 1636 1808 treiben und genießen, was ihnen das wechselnde Ufer entgegen¬
595 1779 1642 1854 trägt, aber sie sind unvermögend, das Steuer ihres Fahr¬
603 1833 1643 1888 zeuges mit fester Hand zu ergreifen und nach ihrem Willen
595 1887 1639 1963 zu lenken. Sie mißtrauen ihren eigenen Empfindungen aufs
601 1933 1633 2001 tiefste und sind imstande, sie sich völlig zu objektivieren,
589 1982 1634 2059 ihnen wie fremden Dingen gegenüberzustehen und sich
600 2033 1644 2107 zwischen ihnen wie in einem Museum herumzubewegen,
589 2069 1636 2152 dessen bunte Schätze sie hier mit einer Art von Rührung,
588 2127 1634 2204 dort mit Verwunderung betrachten. Zu den Faustischen
590 2166 1635 2253 Müttern sind sie nie vorgedrungen, die verborgenen Quellen
585 2234 1626 2300 des Lebens haben sie niemals rauschen gehört.... Und sie
591 2277 1631 2354 entbehren der „Liebe“. Was sie einander in die Arme treibt,
591 2331 1625 2403 ist eine Neugier der Sinne, nichts weiter; aber nicht jenes
591 2378 1630 2439 mystische Opfer, das die Liebe vollzieht: die Aufopferung
578 2426 1630 2501 des Ich an ein anderes geliebteres und höheres Ich, jenes
579 2473 1623 2554 Opfer, das immer zugleich eine Läuterung ist. Und weil sie
586 2521 1617 2594 jene Neugier immer weiter treibt, kennen sie auch die
583 2578 1615 2631 Treue nicht, „die doch der Halt von allem Leben ist“.
579 2620 1621 2704 So spricht Claudio, der Hofmannsthalsche „Tor“, und das
577 2682 1617 2738 Elend Claudios ist es, das Schnitzlers Roman wieder neu
575 2737 1614 2811 umschreibt. Dieses Eleno aber scheint das tiefste und
578 2767 1619 2861 eigenste Erlebnis der beiden Wiener Dichter zu sein, das
575 2822 1613 2900 sie nicht müde werden, zu variieren. Indessen sind wir schon
578 2875 1621 2962 ein wenig müde geworden, ihnen dabei zuzuhören. Unsere
579 2922 1606 2999 erste Jugend — es sind nun schon über zehn Jahre her —
567 2983 1604 3062 tat sich nicht wenig darauf zugute, diese Subtilitäten und
574 3018 1603 3101 Abnormitäten der Empfindung zu verstehen, und wir
564 3082 1605 3150 meinten, mit ihrer Schilderung sei ein neues hohes Ziel
560 3112 1609 3203 der Dichtung erreicht. Inzwischen hat uns das Leben fester
562 3176 1595 3254 angepackt und wir haben gelernt, was einzig uns zur Er¬
570 3212 1598 3298 füllung unserer menschlichen Pflichten, zur völligen Aus¬
571 3267 1599 3330 schreitung des Kreises unseres Daseins befähigen kann: ein
563 3316 1596 3388 starkes Herz und die Liebe zum Menschen. Dies aber
553 3377 1602 3436 gerade ist es, was den Helden jener Literatue schmerzlich
554 3413 944 3491 fehlt, worin sie —
2323 967 3112 1051 so unvorbildlich sind wie nur möglich. Wer
2049 1032 3112 1104 sich ihrem Umgang jahrelang mit Leidenschaft hingibt,
2049 1086 3101 1148 über den kommt es wie eine tiefe Lähmung und Erschlaffung;
2057 1138 3101 1203 der Zugang zu den Wurzeln seiner Kraft wird ihm ver¬
2062 1182 3105 1271 schüttet. Vampyrgleich saugen sie einem das beste röteste
2050 1239 3105 1306 Herzblut aus den Adern. Und wenn von den Büchern
2055 1300 3098 1365 Goethes und Gottfried Kellers behauptet worden ist, daß sie
2059 1332 3109 1421 „einem im Leben weiterhelfen und das nächste leichter
2051 1391 3103 1454 machen“ so kann von dieser Dichtung mit ihrer tiefen
2057 1433 3099 1500 Überzeugung von der Relativität aller menschlichen Lebens¬
2048 1485 3100 1553 werte das Gegenteil ausgesagt werden. Crede experto. „Wir
2046 1543 3103 1598 spielen alle; wer es weiß, ist klug.“ Die Durchdrungenheit
2047 1596 3090 1649 von dieser Quintessenz der Schnitzlerschen Dichtung genügt,
2049 1628 3088 1704 um ein Menschenleben zu vergiften. Hinweg mit solcher
2053 1690 3092 1752 Klugheit! Wir brauchen Dichtungen, die, wie die Romane
2051 1738 3095 1808 von Bartsch und Ginzkey, mit hellen Fanfarenstößer auf¬
2054 1795 3094 1857 rufen, was noch an goldener Jugendtorheit und
2053 1833 3097 1895 guten, starken, blinden Instinkten irgendwo auf dem Grund
2044 1895 3103 1953 unserer Seele schlummernd liegen mag, noch unzerstört
2043 1942 3094 1998 von dem häßlichen kalten Licht jener Pseudoweisheit;
2053 1984 3099 2037 die sich an die noch immer nicht ganz unterdrückte heimliche
2045 2038 3094 2083 Überzeugung von der Einzigkeit und tiefen Verantwortlichkeit
2054 2079 3097 2142 unseres menschlichen Daseins wenden. Zu einer solchen
2042 2130 3100 2190 Kritik der Gesinnung dieses neuen Romans von Artur
2047 2169 3101 2231 Schnitzler mögen sich nur wenige Andeutungen über die
2046 2229 3094 2284 Okonomie der Dichtung gesellen, die in ihrer Brüchigkeit mit
2047 2281 3099 2353 jener inneren Schwächlichkeit auf eine seltsame Weise
2041 2336 3095 2410 korrespondiert. Wenn man das Buch zu Ende gelesen hat,
2043 2380 3089 2448 bewahrt man die vage Erinnerung an einen gebildeten
2041 2435 3087 2499 jungen Mann aus guter Gesellschaft, der einem menschlich
2047 2475 3095 2552 fremd und trotz seiner künstlerischen Aspirationen alles in
2048 2539 3086 2602 allem reichlich uninteressant geblieben ist, der ein schattenhaft
2043 2570 3088 2634 gezeichnetes sympathisches, bürgerlich anständiges Mädchen
2039 2632 3091 2700 verführt und sich von ihr zurückgezogen hat, als sie ihm ein
2035 2683 3091 2747 totes Kind zur Welt brachte, und der zwischendurch unendlich
2034 2731 3078 2797 viel spazieren ging, um mit Menschen, die uns gleichfalls
2034 2781 3087 2850 innerlich fremd und gleichgültig blieben, hie und da ganz
2042 2827 3085 2903 interessante, aber langatmige und durch ihre Wiederholung
2040 2868 3073 2948 ermübende Gespräche über die Judenfrage zu führen. Diese
2039 2936 3070 3001 Gespräche sprengen den Rahmen der Erzählung und ver¬
2028 2980 3077 3054 stärken jenen oben geschilderten Eindruck von dem typischen
2025 3031 3075 3094 Menschen dieser gesamten Dichtung: der an seinem Leben
2025 3067 3071 3155 vorüber spazieren geht, um über Dinge zu schwätzen, die ihn
2024 3116 2859 3198 eigentlich und im Tiefsten nichts angehen....
2606 3156 3053 3275 Dr. Hermann Abell.)
