3248 4352
63 1720 220 1816 dichter,
64 1792 225 1850 ebelei“,
65 1838 225 1898 ntierter
85 1882 218 1939 einem
77 1927 220 1982 „Der
56 1967 219 2029 tel sei,
58 2010 228 2073 nVor¬
68 2059 224 2118 Gegen¬
68 2093 224 2159 un die
61 2146 224 2202 genthin
56 2186 220 2250 Peg ins
57 2235 218 2293 en und
59 2283 213 2330 en, bil¬
73 2317 221 2378 schichten
72 2369 216 2424 Haupt¬
72 2403 221 2469 deshalb
69 2450 222 2518 den, an
66 2498 220 2553 Szenen
65 2542 211 2600 ffillige
64 2586 215 2654 aupt¬
69 2631 159 2691 eint,
61 2672 222 2731 die Er¬
68 2715 216 2777 ig der
77 2763 214 2816 , anti¬
173 2802 221 2854 7
56 2803 150 2863 ige
59 2851 215 2903 . man
63 2891 220 2958 Wo er
543 142 663 217 We
153 133 467 224 23. De
730 140 1187 223 ins Freie
1326 154 1706 254 box 3/2
356 162 1191 268 #. DE . . K. n an de. en K. . en 1. 50
1193 1400 3146 1475 Nömination im Seeland wird aber nur einer Bund" Ingenieur v. Erlach folgende Mitteilungen über
1188 1453 3158 1524 einzigen noch Bedeutung beizulegen sein. Im das Tracee der Lötschbergbahn auf dem Gebiete
2115 1503 2497 1570 —
3001 1511 3140 1564 S
2586 1508 2678 1574 —.—
229 1548 2164 1618 auch hinkam, er begegnete nur Juden, die sich schämten, daß hier, gerade hier meine Helmat ist und nicht in
2172 1546 3147 1614 einander fortfliegen. Bezeichnend aber für diese geist¬
236 1603 2164 1657 daß sie Juden waren, oder solchen, die darauf stolz irgend einem Land, das ich nicht kenne, das mir nach
2173 1603 3153 1664 reichen Menschen, besonders die jüdischen, ist ihre
231 1647 1206 1705 waren und Angst hatten, man könnte glauben, sie
2177 1646 3152 1695 unglückliche Anlage der Selbstzersetzung, die sie zwingt,
1197 1639 2165 1702 den Schilderungen nicht im geringsten zusagt und das
240 1693 1193 1745 schämten sich.“ Von dem alten Millionär Ehrenberg,
2170 1694 3148 1750 jedes Gefühl durch dessen Analyse zu schwächen oder
1200 1693 2165 1749 mir gewisse Leute jetzt als Vaterland einreden wollen
229 1736 1204 1774 der sagt, „ich schwör Ihnen, die Hälfte von meinem
2180 1735 3160 1803 zu zerstören, so daß nichts vor dieser ironischen Bewußt¬
1200 1739 2168 1790 mit der Begründung, daß meine Urahnen vor einigen
2181 1776 2622 1848 seinshelle Bestand hat.
230 1783 1200 1839 Vermögen gäh ich her, wenn ich die ärgsten von unsern
1203 1784 2166 1824 tausend Jahren gerade von dort aus in die Welt ver¬
2231 1793 3143 1880 Ist somit dieser erste Roman Arthur Schnitzlers
235 1821 1203 1886 Feinden am Galien säh“ sogt seine Frau: „Ueberall
1212 1819 2168 1885 streut worden sind. Wozu noch zu bemerken wäre, daß
235 1867 1185 1914 sieht er Antisemiten, selbst in der eigenen Familie.“
2178 1859 3151 1927 inhaltlich nicht gerade angenehm, so ist er doch auch
1201 1863 2163 1916 die Urahnen des Herrn Jaleudek, und selbst die unseres
233 1911 1191 1976 Worauf der alte feine jüdische Schriftsteller Nürnberger
2174 1903 3151 1966 nicht künstlerisch bedeutend. Der Stoff bietet wenig
1208 1914 2166 1960 Freundes, des Freiherrn von Wergenthin, gerade so
226 1954 1194 2007 sagt: „Das ist die wüste Nationalkrankheit der Juden.
2182 1952 3149 2003 Gelegenheit zu äußerer Handlung, so daß der Roman
1201 1953 2166 2014 wenig hier zu Hause gewesen sind, als die meinen und
1201 1997 1466 2065 die Ihrigen.“
226 2001 1203 2062 Mir selbst ist es bisher erst gelungen, einen einzigen
2172 1997 3162 2049 vorwiegend aus Gesprächen besteht, zwischen die von
2165 2040 3150 2109 Zeit zu Zeit eine hübsche Landschafts= oder eine scharf¬
224 2058 1199 2101 echten Antisemiten kennen zu lernen. Ich kann es
1259 2023 2168 2101 Ganze Seiten hindurch wird debattiert über den
224 2093 1194 2139 Ihnen leider nicht verhehlen, daß er ein bekannter
2174 2084 3152 2140 gezeichnete Gesellschaftsschilderung gestreut ist. Aber
1206 2095 2164 2155 Zionismus und dessen Basler Kongreß. Daß der Stand¬
2169 2132 3144 2183 diese Gespräche sind, das von Schnitzler zu sagen, ist
222 2123 1199 2178 Zionistenführer wur.“ Trotzdem wiederholen sich die
1200 2135 2168 2193 punkt des Verfassers auch bei der Verteilung von
2179 2177 3152 2230 eigentlich überflüssig, glänzend geistreich. Eine solche
222 2176 1192 2234 Klagen über ungerechte Behandlung der Juden durch
1208 2167 2161 2239 Licht und Schatten in der Handlung und der Charak¬
2170 2206 3147 2282 Fülle feiner und scharf pointierter Bemerkungen, wahre
226 2217 1191 2271 den ganzen Roman hindurch in allen Variationen.
1203 2220 2171 2293 terzeichnung der Personen zur Geltung gekommen ist,
2176 2259 3144 2317 Schlager des Witzes und der Menschenkenntnis, mit
229 2262 1206 2325 Der Schriftsteller Bermann entschuldigt sich dafür, daß
1206 2261 2168 2320 braucht wohl kaum gesagt zu werden. Den zahlreichen,
2170 2303 3147 2354 wahren Offenbarungen speziell über den jüdischen
229 2303 1199 2362 er den Fehlern der Juden gegenüber besonders empfind¬
1196 2311 2163 2366 zum Teil ganz prächtigen, zum mindesten geistreichen
227 2355 1195 2414 lich ist, mit den Worten: ... Es verbittert einen
2183 2352 3148 2400 Charakter finden sich in dem Buche, daß man bis zum
1208 2358 2163 2416 oder interessanten jüdischen Personen stehen auf der
229 2395 1205 2458 eben, daß man immer wieder für die Fehler von andern
2175 2395 3147 2444 Schlusse nicht davon loskommt, so oft es einem auch
1202 2398 2167 2456 andern Seite eigentlich nur Georg von Wergenthin
2173 2445 3145 2496 verleidet. Vollends das prächtige, elegante und doch
236 2439 1201 2500 mitverantwortlich gemacht wird, daß man für jedes
1257 2444 2164 2498 sein Bruder svielt eine zu geringe Rolle, um in
2173 2481 3141 2547 kräftige, kristallklare Deutsch bildet einen Hauptreiz der
217 2480 1194 2548 Verbrechen, für jede Geschmacklosigkeit, für jede Un¬
1202 2490 2158 2545 Betracht zu fallen — und seine Braut gegenüber.
2177 2522 2364 2583 Romans.
225 2519 1198 2585 vorsichtigkeit, die sich irgend ein Jude auf der Welt
1202 2532 2162 2578 Und welch kraftloser Aesthet ist dieser Held, halb
2224 2546 3148 2627 Wie viel stärker als Schnitzlers glänzendes Feuer¬
224 2572 1187 2635 zu schulden kommen läßt, mitzubüßen hat.“ Natürlich
1199 2578 2172 2632 Dilettant, halb Künstler und auch 'n der Liebe vor¬
2169 2609 3144 2669 werk des Witzes wirkt ein ganz naives, schlichtes Buch*):
1205 2621 2163 2672 wiegend Aesthet und deshalb schwäckilch. Was ist das
233 2614 1191 2675 gelangt auch der Haß gegen die Feinde wiederholt
2177 2646 3152 2732 „Karl Asenkofer. Geschichte einer Jugend“ von
228 2665 1188 2719 kräftig zum Ausdruck. Von einem christlichen Radfahrer¬
1197 2662 2162 2717 im Grunde für eine Gesellschaft, deren eigentliches
2174 2700 2831 2759 Karl Borromäus Heinrich.
226 2705 1188 2775 klub sagt eine der jüdischen Personen des Romans:
1195 2697 2175 2763 Lebenselement der Flirt ist, die es so selbstverständlich
2221 2747 3147 2812 In autobiographischer Ichform erzählt ein Student
221 2747 1192 2795 „Gräßliches Volk .... Und solche Kerle bilden sich
1206 2755 2171 2806 findel, daß die verliebten Paare aus guten Familien
2165 2777 3145 2853 der Philologie und Philosophie, der infolge einer
226 2797 1192 2841 dann noch ein, daß sie da eher zu Hause sind als
1197 2796 2162 2850 für einige Wochen auf eine Hochzeitsreise und dann
2171 2833 3153 2910 Liebesleidenschaft Schiffbruch erlitten und vor dem
223 2833 1188 2892 unsereiner“. Und sehr richtig sagt der gleiche Sprecher:
1199 2841 2172 2902 wieder auseinandergehen. So groß die Rolle ist, die
233 2883 1193 2943 Mein Instinkt ist mir mindestens ebenso maßgebend
1196 2873 2176 2936 die Liebe spielt, so ist diese doch stets nur sinnlicher
2226 2892 2280 2974 9
227 2927 1182 2974 wie der der (antisemitischen) Herren Jaleudek junior
1190 2922 2165 2983 Natur, sonst würden die Männer und Frauen nicht
2270 2903 3156 2999 Albert Langen, Verlag für Literatur und Kunst.
2161 2965 2380 3043 München.
218 2973 2163 3044 und senior, und dieser Instinkt sagt mir untrüglich, immer wie Gummibälle einander zu= und wieder von¬
