3344 4352
1946 155 2371 225 ——
1482 229 1951 320 box 36/6
146 233 1345 346 1. Panphlets Offorints
932 1086 2336 1152 welcher für seine Anamnesen ja auch nicht vollständiger Bio¬
940 1133 2339 1198 graphien bedarf, muß aber dann den Verzicht auf die Fülle
939 1190 2336 1247 des Lebensdetails durch Summierung und Variierung des
948 1231 2336 1278 Problematischen und seines persönlich=sachlichen Substrats wett¬
941 1292 2348 1345 machen, wenn seine Handlungen nicht blaß und dürr bleiben,
941 1335 2333 1400 nicht die nackte Gerüstkonstruktion gar zu deutlich durch¬
942 1376 1257 1446 scheinen soll.
1044 1419 2341 1486 Freilich, so schlimm wie in den beiden letzten Dramen
944 1477 2336 1533 stand es bei Schnitzler noch nie um die Einheit und Ueber¬
939 1527 2345 1576 sichtlichkeit der Handlung. Im „Einsamen Weg“ im „Weiten
941 1576 2339 1630 Land“, im „Lungen Medardus“ hat er doch immerhin ver¬
946 1620 2339 1672 mocht, eine Haupthandlung über das Gestrüpp der Neben¬
947 1676 2339 1734 und Episodenhandlungen emporzuheben; in der „Komödie der
944 1727 2352 1785 Verführung", im „Gang zum Weiher“ ist der Kampf um
939 1772 2348 1833 die Hegemonie zwischen den Prätendenten der Handlung noch
940 1831 2358 1882 nicht ausgetragen. Das dürfte seinen Grund darin haben,
944 1872 2232 1935 daß der Dichter diese Stücke zu früh aus der Hand gab.
1036 1923 2340 1994 Arthur Schnitzler arbeitet nicht leicht und nicht leichtsinnig.
939 1975 2344 2022 Sein Biograph Specht!) hat uns seine Arbeitsweise geschildert,
942 2023 2344 2087 den unermüdlichen Fleiß, die beinahe pedantische Gewissen¬
931 2073 2344 2130 haftigkeit, mit der er schon fertige Werke immer wieder um¬
941 2120 2348 2185 schreibt. Specht erzählt auch (was der Verfasser dieser Blätter
947 2170 2346 2221 übrigens aus des Dichters eigenem Munde vernommen hat).
940 2226 2347 2281 wie sehr verschieden die Ursprünge manches Werks von der
934 2282 2347 2329 endgültigen Fassung oft sind, wie während der Arbeit bis¬
943 2371 2347 2430 spiel zur Tragödie geworden ist, wie nicht selten eine Schöpfung
2033 2419 2357 2481 z. B. machten
949 2422 1867 2479 anfänglich mit einer zweiten verkettet war
941 2478 2347 2526 „Der einsame Weg“ und „Professor Bernhardi“ im ersten
944 2501 2344 2577 Entwurf ein einziges Stück aus. Was in diesem Falle noch
935 2575 2355 2633 glücklich vermieden ward, ist in Schnitzlers letzten Theater¬
946 2623 1716 2672 stücken leider bestehen geblieben.
1030 2668 2362 2733 Das ist natürlich keineswegs so gemeint, als hätten in
936 2725 2355 2779 der „Komödie der Verführung“ die Falkenir= und die Max¬
949 2765 2353 2828 Handlung nun gar nichts miteinander zu tun, stünden völlig
948 2814 2347 2873 unverbunden neben= und nur störend gegeneinander. So töricht
949 2861 2349 2914 und ungeschickt verfährt ein Künstler wie Arthur Schnitzler
944 2924 2362 2986 natürlich nicht. Vielmehr greifen die beiden Handlungen so¬
1063 3025 2353 3075 Gedankengänge mit Schnitzlers alten Problemen und Gestalten wird
1063 3065 2342 3115 bei genauerem Zusehen dennoch offenbar. Von dem Dichter, der —
1063 3095 2344 3153 nächst dem Propheten — in die unmittelbarste Nähe der Gottheit gestellt
1065 3149 2347 3193 wird, heißt es hier z. B. (S. 31): „Keiner ist so sehr wie er Mensch
1066 3178 2357 3222 von Gnaden des Augenblicks.“ Aber hatte nicht schon Herr von
1068 3216 2349 3273 Säler („Der einsame Weg“) es ausgesprochen, daß die im Worte Tätigen
1069 3265 2351 3309 „von Gnaden des Augenblicks Götter — und zuweilen weniger als
1058 3295 2350 3333 Menschen sind“? (Vgl. Körner S. 21). Jetzt scheidet Schnitzler diese
1059 3341 2359 3397 beiden Typen des Schriftstellers jäh, indem er als teuflichen Gegensatz
1060 3378 2113 3438 und Widersacher des Dichters den Literaten bestimmt.
1032 3427 2030 3502 1) R. Specht, Arthur Schnitzler (Berlin 1922), S. 95.
1058 3523 1158 3590 14
2960 4095 3253 4177 ET
