3344 4352
529 248 655 315 hle
153 247 1350 364 1. Panp.s Offprints
164 1121 852 1189 u wird nicht berührt; genau
149 1175 843 1257 nuch die Probleme der Liebe
162 1221 858 1293 aus der Schau des Mannes
169 1271 856 1346 tut sich die bisher unbekannte
161 1321 854 1383 auf, der Rausch von Jugend,
158 1375 849 1432 Ende, von aller Glut, mit der
147 1417 848 1485 bleibt nur die Asche eines ohn¬
151 1473 845 1540 nit vorbei sei. In solcher Ge¬
160 1518 856 1581 zenlosen Ansprüche von ehedem
149 1569 847 1631 ben dem jugendstolzen Filippo
159 1616 857 1676 r geträumten Untreue verstößt,
163 1667 852 1740 orn eine klägliche Figur, wenn
164 1719 851 1772 sehr reale Liebeserlebnis am
154 1771 857 1835 voraus vergibt, wofern sie ihn
165 1818 364 1884 en will.
168 1861 850 1936 t indes nirgends jähe Sprünge.
159 1920 859 1980 der Beatrice“ (1899) bis zum
163 1971 859 2040 über Zwischenstationen. Der
169 2020 858 2094 „Einsamen Weg“ (1903), ein
158 2068 856 2133 bester, wie jener noch im vollen
206 2116 852 2186 schon vom nahenden Alter
163 2167 866 2233 en Johanna Wegrat, die ihm
177 2215 854 2279 mit solchen zagen, verzicht¬
150 2262 860 2334 „Du sollst nicht für alle Zeiten
159 2321 859 2376 denn all deine Träume kann
178 2367 859 2433 ich ganz gut.“ Wohl tritt
150 2413 850 2474 nd das Motio des Alterns
151 2464 852 2531 kt zurück, aber in der Novelle
161 2511 862 2583 hrt es mit vermehrter Stärke
216 2569 853 2629 verschwinden; in Schnitzlers
168 2613 841 2671 er „Komödie der Verführung“
195 2662 865 2741 steht es im Mittelpunkt und
163 2752 858 2835 it der immer heftigeren Kritik
198 2814 852 2876 Schnitzler selbst in früheren
170 2871 860 2929 Kritik, die noch sehr schüchtern
174 2915 850 2981 „Einsamen Weg“ anhebt, im
190 2968 856 3029 in der „Hirtenflöte“ zur ent¬
160 3013 852 3082 quemen laisser aller in Liebes¬
159 3062 867 3127 chnitzler, der stets die gleichen
151 3105 853 3164 Motive wiederkehren läßt, nur
153 3170 868 3226 deren Seite besehen, in seinem
168 3211 864 3267 i und Menschen älterer, noch
176 3260 865 3322 ifferenz angesiedelter Schriften
154 3309 850 3377 son dem neugewonnenen Stand¬
153 3358 863 3422 us zu bewerten. Wer diesen
172 3399 864 3461 beachtet, mag leicht den irrigen
159 3456 875 3532 ter wiederhole sich, habe sich
2004 171 2284 250 ——
1496 255 1954 349 box 36/6
1272 1098 2664 1170 ausgeschrieben, wisse nichts neues mehr zu sagen. In Wahr¬
1261 1157 2663 1229 heit sind diese Wiederholungen Widerlegungen und sinnvolle
1270 1219 1478 1275 Absicht.
1371 1278 2658 1323 Schnitzlers Spätwerk, von dem hier geredet wird, seine
1272 1306 2673 1356 Produktion der Nachkriegszeit, umfaßt drei Theaterstücke und
1272 1349 2664 1418 drei Novellen; doch darf man das 1919 erschienene (an sich
1277 1410 2672 1466 wenig bedeutende) Lustspiel „Die Schwestern“ schon wegen
1271 1453 2671 1510 seines Datums wohl beiseite lassen und die Betrachtung auf die
1280 1515 2671 1568 Veröffentlichungen der drei letzten Jahre beschränken: die
1273 1544 2664 1611 „Komödie der Verführung“ und die Novelle „Fräulein Else“.
1265 1585 2672 1670 von 1924, die dramatische Dichtung „Der Weg zum Weiher“
1267 1664 2664 1706 und die „Traumnovelle“ von 1926 und die im Jahre 1925
1271 1698 2661 1759 erschienene Erzählung „Die Frau des Richters“. Als in sich
2312 1748 2666 1803 dies sei gleich
1277 1755 2315 1814 geschlossene, rund geratene Wortkunstwerke —
1513 1792 2663 1862 sind die Novellen vor den Dramen ausgezeichnet;
1279 1812 1442 1873 gesagt
1281 1855 2664 1912 an Gehalt, Tiefsinn und Fülle stehen sie diesen bedeutend nach.
1379 1912 2666 1969 Zehn Jahre nach Ausbruch des Weltkrieges war das
1276 1957 2667 2032 festlich=heitere Leben der vornehmen Wiener Gesellschaft so ver¬
1286 1995 2664 2067 schwunden und vergessen, in so unergreifbare Ferne gerückt,
1278 2056 2673 2116 daß der Dichter ohne Schen und Gefahr das kaiserliche Wien,
1274 2112 2676 2166 die letzten Friedenswochen von 1914 zum Schauplatz seines
1275 2151 2684 2208 Märchens von der unheimlichen, schönen Aurelie und dem
1289 2197 2676 2266 so gar nicht unheimlichen, schönen Max erküren durfte. Fehlt
1276 2251 2678 2313 doch nur der Apparat des Wunderbaren, das bißchen Zauber¬
1289 2306 2675 2366 und Geisterwesen, um das bunte Geschehen des Dramas zum
1279 2353 1945 2424 völligen Märchen zu machen.
1383 2437 2684 2479 Eine schöne junge Gräfin, elternlos und daber niemandem zur Rechenschaft
1280 2474 2671 2518 verpflichtet, hat mit ihren drei Freiern ein Stelldichein auf einem vornehm¬
1282 2512 2682 2556 prächtigen Frühlingsfest: es sind zwei Jünglinge, ein Prinz und ein Dichter,
1277 2553 2688 2594 und ein 40jähriger, etwas sonderlicher Mann, Ulrich von Falkenir. Gerade diesen
1290 2590 2681 2641 wählt Aurelie. Er aber, sich wie ihr nicht trauend und befürchtend, daß sie für Liebe
1287 2621 2687 2675 halte, was im Grunde nur Freundschaft und Vertrauen war, zögert, ihre Hand
1286 2662 2688 2731 zu ergreifen, stellt sie auf die Probe, indem er sie mit andern Männern tanzen
1281 2702 2680 2771 heißt, und durch ihre immer leidenschaftlicheren Tanzbewegungen über ihr
1285 2753 2685 2793 wahres Wesen vermeintlich belehrt, weist er sie von sich. „Wenn es zwei Menschen
1288 2786 2679 2832 auf Erden gibt, die ihr Schicksal nicht aneinander knüpfen dürfen, so sind es du
1283 2816 2682 2874 und ich ... du kanntest dich selbst noch nicht, du hattest noch nicht den Mut zu
1290 2858 2688 2915 dir .. . Wärst du, von allem äußeren und inneren Zwange befreit, deinem
1293 2893 2679 2951 tiefsten Drange gefolgt, schon von diesen ersten Tänzen, die dich mir entführten,
1292 2951 2689 2984 wärst du nicht mehr zurückgekehrt... Ich gebe dir die Freiheit wieder, zu werden,
1297 2985 2688 3032 was du bist.“ Aurelie, in ihrem Tiefsten vernichtet, in eine unbegehrte Freiheit
1286 3033 2690 3065 gestoßen, stürzt sich, wie eine andere ins Wasser, in tolle Abenteuer. Sie schenkt
1295 3050 2684 3112 einem schönen Jüngling, der gerade zur rechten Stunde ihren Weg kreuzt, Max
1299 3090 2684 3148 von Reisenberg, ihren jungfräulichen Leib, dann wird sie des genialen aber
1295 3139 2699 3198 schurtischen Malers Gysar Beute, der sie nicht nur hinnimmt, sondern den in
1297 3193 2692 3238 jedem Weibe schlummernden Höllendämon aus ihr erweckt, die ehdem so Reine
1290 3218 2687 3270 bis zur Teilnahme an schändlichen Orgien depraviert —, Erlebnisse, die ihre
1296 3254 2687 3313 zarte Seele nicht erträgt, so daß sie zuletzt gemütskrank an einen einsamen
1302 3304 2693 3347 Meeresstrand flüchtet, wo ein Zufall abermals alle ihre Freunde versammelt,
1294 3333 2687 3384 auch Falkenir, der nicht als Nächer noch als Netter kommt, sondern als Schuld¬
1293 3370 2694 3420 bewußter. Zwar spricht Aurelie ihn frei von Schuld, ja, sie dankt ihm, daß er
1294 3408 2696 3460 sie zur rechten Zeit erkannt hat als die, die sie ist und die sie war, eh sie es selber
1286 3443 2697 3509 wußte; er aber weiß jetzt, daß es allzu wohlfeil war, sich an solcher Erkenntnis
