3344 4352
1982 145 2379 226 — —
1524 224 1980 316 box 36/6
312 232 1415 343 Panphlets Offarints
1154 1121 2459 1204 Vor dem wachen Tage entweichen die Träume der Nacht,
1054 1177 2455 1238 aber angesichts des Todes wird auch die Wirklichkeit des
1051 1236 2463 1276 Tages wieder zum Schemen; und so sind, von höherer Warte
1054 1284 2465 1328 gesehen, Albertinens wüste Nachtgesichte und Fridolins skurrile
1051 1328 1873 1396 Abenteuer gleich nichtig und sinnlos.
1147 1380 2452 1448 Findet dergestalt das Wirklichkeitsproblem hier eine Be¬
1049 1420 2445 1477 handlung, die vielleicht tiefer und fast noch skeptischer ist als
1049 1479 2446 1548 die im „Gang zum Weiher“, so kehrt auch das Vorder¬
1054 1525 2449 1585 grunds= und Titelmotiv dieses Dramas in der Traumnovelle
1043 1575 2453 1624 wieder. Dem jungen Konrad von Ursenbeck kommt, wie er
1055 1633 2451 1680 sein nächtliches Abenteuer am Weiher einigermaßen überlegt,
1047 1683 2457 1744 ein peinliches Bedenken. Indem er es äußert, entspinnt sich
1046 1724 1992 1798 zwischen ihm und Leonilda dieser Dialog:
1230 1793 2262 1857 Konrad: Mir war, als hätt'st du mich, nein, Leonilda,
1417 1840 2275 1899 Nicht eben mich, — nein, irgendwen erwartet.
1217 1877 1598 1943 Leonilda (ernst):
1891 1881 2303 1943 Das mag wohl sein.
1225 1926 1581 1993 Konrad (erregt):
2053 1932 2299 1994 Nun also? —
1217 1976 1630 2044 Leonilda (einfach):
2053 1983 2358 2054 Den, der kam.
1137 2026 2456 2113 Das klingt schlimmer, als es gemeint ist. Wer sich daran
1039 2090 2444 2147 stößt, findet Leonildas und aller ihrer Schwestern Rechtferti¬
1043 2141 2444 2215 gung in einem Lieblingsbuch des deutschen Bürgers: im
1051 2194 2441 2257 „Grünen Heinrich“ viertes Buch, 15. Kapitel. Die Blüte¬
1038 2235 2440 2306 zeit der guten Weiblein, meint schmunzelnd Meister Gott¬
1051 2297 2463 2364 fried, gehl so rasch vorbei, daß sie nicht lange warten mögen
1038 2346 1914 2400 und den nehmen, der als erster kommt.
1149 2389 2443 2452 Ein siebzehnjähriges Mädchen plaudert an einem schönen
1047 2451 2447 2512 Sommerabend vom Fenster aus mit einem hübschen jungen
1039 2492 2444 2534 Menschen; ihr ist, als brauchte er nur ein Wort zu sprechen
1046 2528 2439 2616 und er könnte von ihr alles haben; aber der junge Mann
1045 2589 2450 2643 ist sehr höfsich und wohlgezogen, und anderen Tags hält er
1033 2643 2438 2708 um des Fräuleins Hand an; Fridolin um Albertinens Hand.
1037 2685 2440 2753 Unmutig fragt er die also Beichtende: „Wenn an jenem
1035 2747 2442 2811 Abend zufällig ein anderer an deinem Fenster gestanden hätte
1034 2788 2094 2859 und ihm wäre das richtige Wort eingefallen?
2181 2788 2437 2850 Fridolins
1032 2847 2449 2905 Frage bleibt ohne rechte Antwort. In der Verführungs¬
1037 2886 2449 2940 komödie beruhen Maxens Liebeserfolge darauf, daß er immer
1041 2930 1628 3005 zur richtigen Zeit da ist.
1133 3052 2441 3118 Die Traumnovelle spielt in Wien, und ob schon eine
1039 3130 2432 3181 ausdrückliche Datierung nicht gegeben wird, geht aus ver¬
1040 3172 2434 3255 steckten Andeutungen des Zeitmiliens (S. 16, 37) hervor, daß
1036 3227 2429 3282 ihre Handlung vor dem Kriege liegt. In jene nüchterne und
1040 3277 2436 3319 wohlpolizierte Epoche wollen freilich allerhand seltsame Ge¬
1039 3319 2435 3396 schehnisse, wie sie eher den unsichern und tollen Zeiten der
1031 3370 2441 3423 Umsturzjahre entsprächen, nicht recht hineinpassen. Für das
1037 3403 2436 3468 hoffmaneske (hier unerwähnt gebliebene) Nachtstück im Laden
1033 3464 2447 3547 des Maskenverleihers Gibiser, auch für den geheimnisvollen
1155 3546 1239 3633 10
2780 1121 3350 1211 Nackttanzverein scheint si
2778 1191 3325 1257 Erzählern inspiriert zu
2778 1242 3349 1316 rechte Schmiede gekommen
2781 1291 3333 1354 an den „Dr. Mabuse“ a
2772 1339 3350 1407 kunst des jüngsten Tages
2776 1390 3338 1453 daran, daß Schnitzler au
2772 1434 3350 1498 Ziele nimmt und so mit
2772 1482 3350 1551 hin: ethisch und ästhetisch
2771 1530 3337 1596 und Stilmitteln Anschluß
2783 1584 3343 1640 ohne darum in altes un
2776 1633 3349 1698 wiß hält er mit dem is
2784 1680 3329 1746 jungen Gegenwart nicht
2785 1734 3351 1800 da er aus positivistisch=im
2778 1785 3350 1851 schon an der Schwelle des
2782 1832 3329 1897 weil er seiner eigenen
2773 1881 3342 1949 vielleicht als einziger un
2777 1931 3350 1996 auch heutigen Mensche
2784 1975 3350 2038 spenden. Freilich, die Ti
2779 2030 3342 2093 niedriger eingeschätzt denn
2771 2077 3345 2145 lismus mit seiner peda
2771 2126 3341 2194 lichsten schon die psycholo
2782 2175 3350 2239 Seit deutsche Dichtung
2787 2222 3350 2291 sophischem Gehalte füllt,
2776 2270 3351 2341 physische und ethische Pr
2784 2322 3350 2390 eher oberflächlich und se
2779 2369 3351 2437 gedanklich schwerst befrach
2786 2432 3350 2485 diesseitige Leben der hö
2780 2463 3350 2539 physische Tod die absol
2781 2518 3341 2586 das Diesseits, über das
2789 2569 3275 2640 hinausweisende Odee
2887 2622 3343 2690 Verglichen mit der b
2789 2668 3350 2739 Zeittendenz der Naturalis
2779 2726 3350 2793 risches Werk als mit „er
2789 2774 3336 2842 der Weltwende unseres
2773 2821 3323 2890 Daseins erkennt man
2787 2867 3343 2939 beschränkt. Eine im üble
2783 2920 3346 2990 scheinbar unbedrohter Sie
2786 2968 3342 3038 und Gefahren eines ga
2786 3024 3350 3081 Geburt berechenbar schie
2773 3069 3342 3139 Hybris, in ihr eintönige
2793 3110 3351 3182 einen Schimmer von I
2797 3162 3340 3234 Jagd nach Geschlechtsge
2823 3214 3350 3278 o wurde der Weg zum I
2856 3262 3350 3331 m Zentralproblem ein
3049 3314 3340 3389 Banken gerate
2872 3319 3026 3397 eins
2945 3389 3351 3495 gl. B. Diebold, A
