3344 4352
1474 244 1951 344 box 36/6
147 244 1386 356 1. PanphletsOfforints
176 1070 584 1149 wär' eine arpse Welt,
1154 1071 2536 1131 Frage für Arthur Schnitzler, sie hat ihn immer schon bewegt;
1163 1130 2555 1187 sie beseelt den Einakterzyklus „Lebendige Stunden“. In dem
161 1160 429 1227 Sie ist so viel,
1160 1180 2552 1236 Dramolett, das diesen Titel führt, hatte er die Erinnerung
177 1205 648 1269 nd Weisheit — alle drei,
1154 1225 2549 1279 für wirklicher und wirksamer erklärt als die gelebte Stunde
202 1253 510 1309 eWage schwingt,
1162 1282 2553 1331 und den Beruf des Dichters gerühmt, der solchen Stunden
281 1289 456 1345 e Flaum
217 1295 267 1341 on
286 1332 492 1383 ihr Atem
1153 1326 2544 1390 Dauer verleiht, über ihre Zeit hinaus. Ebenso preist der
334 1370 520 1434 Kronen,
1145 1371 2544 1433 Herzog von Bologna („Der Schleier der Beatrice“) das Lied
1153 1431 2537 1478 des Dichters, das ewiger als die kühnsten, doch immer ver¬
1142 1492 2552 1547 gänglichen Siege hinwandelt über allen Tod. Solchen
429 1475 755 1549 inen Anspruch
1155 1522 1398 1593 Glaubens
1396 1529 1839 1605 ist noch Sylvester:
520 1533 758 1596 r, der für
513 1575 762 1646 ertrank der
1390 1591 1832 1654 Was ist Erinnerung? —
1829 1591 2361 1665 Zwischen Nichts und Etwas
511 1632 760 1691 päter Ge¬
1392 1646 2030 1701 Ein Ungestaltes, Nie-zu-Fassendes;
1384 1685 2103 1740 Und so wie Ufersand von Meereswelle
510 1681 758 1745 cht lachend
1397 1726 2114 1778 Von neuen Lebensfluten stets bedroht.
1383 1759 2237 1811 Jedoch wie solchen Staub, der sonst verwehte,
554 1768 752 1839 so er¬
1385 1801 2300 1851 Des Bildners Hand umklammert hält und formit,
555 1827 764 1891 as Gut
1381 1843 2175 1891 * So ballt mit seinem Zaubergriff das Wort
1394 1885 2107 1935 Verfließendes, Verflossenes zusammen,
585 1875 766 1946 Dialog
1390 1915 2222 1963 Und schafft wenn's aus erfüllter Seele kam,
1390 1962 2072 2011 In übermächt'ge Wirklichkeit es um.
1250 2005 2551 2090 Aber an dieser Wirklichkeit hat der Dichter kein Teil
1149 2077 2545 2125 mehr, sie hat sich von ihm losgelöst, wie das Kind vom
1160 2120 2556 2185 Nabelstrang der Mutter. Filippo Loschi vergißt sein eignes
1155 2177 1290 2239 Lied
1353 2179 2237 2252 darf er es da noch sein eigen nennen?
1400 2247 2201 2315 Was wir vergessen konnten, war nie unser;
457 2280 756 2354 tabene selber
1389 2305 2121 2347 Nur was wir halten, was wir jederzeit
1397 2339 2125 2385 Rückrufen können, wenn es noch so tief
460 2337 763 2403 das wie aus
1391 2368 2218 2429 In unserer Seele sich versteckte, noch so weit
429 2385 762 2453 Jugend, wenn
1394 2416 2131 2472 In einem Winkel sich der Welt verbarg,
235 2431 761 2496 hnitzler in seinen letzten
1399 2456 1705 2518 Gehört uns zu.
368 2488 762 2553 guten Alterstrost
1259 2502 2440 2598 Dem reiht sich an Sylvesters leidenschaftliche Elegie:
388 2532 753 2604 Sala unwider¬
265 2592 762 2656 Verführer als einen
1384 2582 2236 2642 Wo seid ihr hin, des Glücks durchglühte Tage,
1391 2637 2221 2684 Und reich wie die, ihr Tage blut'gen Leids?
281 2638 760 2699 wird einem gleich¬
241 2689 761 2751 gs=Komödie das Paroli
1610 2708 2034 2769 — wo seid ihr alle hin?
266 2735 765 2797 ter oder selbst ein
1382 2734 2281 2812 Wie faß ich euch? Was faß ich, wenn ich fasse?
200 2780 761 2852 cht immer sehr ergötzlich
1384 2795 1947 2854 Ihr wart doch einst gelebt! —
300 2835 758 2900 rwüstliche Sechziger,
1393 2868 2213 2914 Fahr wohl, Vergangenheit! Vergessen bleibt
344 2883 763 2947 von der Jugend
1401 2916 2193 2964 Die einz'ge Andacht, würdig dir zu weih'n.
483 2933 763 3002 n muß diese
1388 2953 2215 3002 Der Tag ist unser — nein, der Augenblick.
454 2985 499 3037 eb
511 2983 757 3045 en im ge¬
1386 2994 2217 3053 Doch ist nicht der, kaum, daß wir ihn gelebt,
1392 3028 1918 3086 Auch schon Vergangenheit?
517 3028 760 3096 es freilich
1749 3067 2010 3125 nun so fern
537 3079 757 3144 st manch¬
1391 3097 2180 3162 Und mein so wenig, als der Kindheit Tage
497 3130 769 3189 omödie der
1391 3148 2156 3211 Und mein das trügrisch nabe Gestern ist?
527 3179 756 3242 wei junge
1256 3214 2549 3279 Aber wenn das Gestern schon trügerisch ist, ist es nicht
460 3229 752 3292 Borten, „daß
1148 3277 2540 3328 auch das Heute? Hat denn der Augenblick Existenz? — „Gegen¬
474 3275 760 3348 übrigbleibt“.
1148 3320 1287 3377 wart
1311 3309 2542 3383 — was heißt das eigentlich?“ fragt der unerbittliche
457 3327 757 3394 laßt das ge¬
1151 3366 2543 3420 Herr von Sala. „Stehen wir denn mit dem Augenblick Brust
459 3381 683 3443 innerung
1154 3417 2560 3486 an Brust, wie mit einem Freund, den wir umarmen — oder
456 3425 783 3504 st keine neue
2324 3506 2433 3588 25
