3344 4352
123 242 173 308 1
2113 168 2302 233 —
1462 236 1932 329 box 36/6
194 234 1308 347 Pamphlets offprints
1410 877 2180 981 8 ## nn 4
1855 974 2591 1059 W
2219 1054 2578 1166 ser 2
1308 1107 2202 1219 Arthur Schnitzlers Spätwerk
1433 1217 2116 1310 von Josef Körner, Prag
1216 1371 2462 1467 er Ruf nach neuer Gemeinschaft, der heut lauter als je
1189 1448 2465 1528 die Welt durchtost, ist der Notschrei der Einsamkeit.
1227 1501 2463 1551 Die feelische und materielle Pein der Kriegs= und Nach¬
1057 1546 2465 1608 kriegszeit hat die frohe Geselligkeit glücklicherer Zeiten völlig
1068 1602 2462 1645 zerstört, und noch hat sich keine neue gebildet. Freilich ergeht
1064 1644 2465 1703 die Forderung des Tages nicht nach bloßer Wiederkunft eines
1067 1697 2461 1758 Gewesenen und Verlorenen. Gemeinschaft will eine engere
1069 1736 2456 1784 und tiefer verpflichtende Bindung, als die mit höflicher Ge¬
1058 1794 2457 1843 bärde und Rede sich beqnügende Geselligkeit des Salons ver¬
1071 1838 2467 1897 langt hat. Aber jene ist Wunsch und diese war Wirklichkeit. Als
1063 1894 2465 1954 der Deutsche so arm und unglücklich war, daß er vor der
1073 1936 2464 2003 erbärmlichen Realität die Augen schloß und ganz hinüber¬
1073 1992 2464 2045 flüchtete ins Land der Ideale, Wünsche, Hoffnungen, wollte
1066 2043 2458 2095 er auch alles Gewesene an seinen Träumen messen — da
1072 2082 2464 2129 konnte der Dichter, der vor allen anderen das vielleicht ge¬
1070 2146 2461 2199 ringe, aber immerhin anmutige Zeitalter unbedrohter Gesell¬
1076 2185 2461 2246 schaftsfreude zum süß=schwermütigen Märchen gestaltet hatte,
1069 2238 2465 2297 nicht länger bestehen und ward als allzu weltlich=nüchtern
1062 2283 2461 2326 und spielerisch verworfen. Aber das ersehnte neue Ideal ward
1070 2337 2467 2382 nicht verwirklicht, wir haben nur verloren, nichts gewonnen,
1072 2385 2454 2431 und schon wendet sich die alles verschönende Sehnsucht und
1063 2430 2464 2469 Erinnerung mit neidischem Blick dem einst Besessenen wieder
1070 2479 2459 2541 zu. Der zauberhafte Klang und Duft, mit dem Arthur Schnitzler
1059 2532 2471 2588 eine versunkene Lebensform vor uns aufsteigen läßt, umfängt
1059 2586 2469 2643 und betäubt uns zu holdem Rausche, wir vergessen für einen
1059 2625 2458 2670 Augenblick gern alles Schwere und Entsetzliche, das seit der
1071 2672 2465 2721 Weltwende über uns hereingebrochen ist, und lauschen mit
1070 2725 2457 2797 wehem Lächeln dem Märchenerzähler, der da anhebt: „Es
1062 2774 1394 2833 war einmal.
1167 2825 2455 2888 Ein heimlicher Märchendichter war Arthur Schnitzler schon
1074 2874 2465 2927 immer gewesen, nur hatte er sein Wesen verhüllt mit dem
1065 2924 2457 2984 Scheine zeitgerechter Wirklichkeitspoesie. Weil die tiefste und
1058 2963 2465 3017 reichste Gabe seiner Jugend, das Wunderspiel von der schönen
1061 3015 2461 3067 Männerbetörerin Beatrice, einer nur auf die Abschilderung des
1060 3082 2458 3131 eigenen Tages erpichten Epoche nicht zusagen wollte, hat er
1070 3115 2456 3169 nahezu sämtliche nachfolgende Werke in der Gegenwart ange¬
1060 3170 2455 3228 siedelt, Verwirrung und Weisheit des ewigen Spiels von
1065 3216 2468 3264 Liebe, Tod und Schicksal als zufälliges Geschehen eines Jetzt
1070 3266 2469 3317 und Hier dargestellt. Wenn er aber sein Tiefstes zu sagen
1065 3318 2458 3376 hatte über Menschenart und Menschenleid, so flüchtete er
1063 3373 2459 3426 dennoch immer wieder in die idealere Ferne hingeschwundener
1070 3422 2454 3477 großer Zeiten, kleidete in ein buntes historisches oder pfeudo¬
1068 3463 2465 3522 historisches Gewand nicht bloß kleine und große Theaterstücke,
2933 4116 2986 4188 4
