3392 4352
1948 187 2346 267 —
1477 266 1937 363 box 36/6
137 269 1314 369 1. Panphlets offorints
783 1057 2184 1138 gesetzt, in Selbstquälerei getrieben wird, wie jener durch
787 1146 2193 1192 Aureliens Wahl; beide alternden Männer befällt bei gleichem
794 1164 2185 1233 Anlaß statt heller Freude bloß trübe Bedenklichkeit. Die
795 1214 2181 1290 reine Umkehrung des Falles aber stellt die Novelle „Die
794 1265 2182 1352 Fremde“ dar. Während Falkenir, töricht und hochmütig, ein
791 1317 2181 1388 Glück verschmäht, nur weil ihm vom Schicksal nicht zugleich
794 1377 2183 1444 die Dauer verbrieft war, heiratet Albert von Webeling die
796 1414 2194 1499 unheimliche und unbeständige Katharina, trotz aller Warnungen
795 1462 2194 1530 und in dem schicksalsergebenen Bewußtsein, daß ihm nur ein
802 1523 1752 1589 fragwürdiges und kurzes Glück bevorsteht.
896 1554 2194 1628 Nicht minder hat Aurelie ihre Schwestern. Es ist vielleicht
785 1634 2188 1678 die eindrucksvollste Rede des ganzen Stücks, wenn sie dem trotz
797 1665 2191 1733 allem einzig geliebten Falkenir die schlimmste Verwirrung
788 1718 2198 1776 beichtet: „Du kennst mich nicht, Falkenir. Die du hier vor
800 1785 2196 1829 dir siehst, das ist nicht Aurelie. Dieses Antlitz, diese Augen,
795 1839 2194 1883 diese Stirn, all das trügt. Gott bildete nur meine Maske,
800 1885 2205 1925 ein anderer erst bildete mich, wie ich bin.“ Nämlich Gysar, der
796 1909 2194 1984 Maler und Geliebte. Als sie das vollendete Bild zum ersten¬
802 1963 2201 2022 mal erblickte, schlug sie seinem Schöpfer wie einem Lügner
803 2015 2200 2077 ins Gesicht. Aber wie sie die Orgie bei Gysar mitmacht, da
795 2069 2207 2119 erlebt sie es: „Ich war mit einemmal nicht mehr ich. Ich war
806 2130 2200 2182 das Bild, das Gysar gemalt . . . und wußte nun: dieses Bild
1725 2154 2202 2224 ich selbst aber, wie
793 2167 1668 2226 log nicht ...; dies Bild ist Aurelie
1027 2208 2194 2276 hier siehst, bin nur ein Bild. Maske und Lüge
807 2225 1023 2284 du mich
1041 2254 2194 2324 Ganz ähnliche Worte hat Schnitzler schon seiner
798 2271 1019 2339 bin ich.“
817 2303 2204 2379 „Frau mit dem Dolche“ (1900) in den Mund gelegt; so spricht
813 2367 2214 2435 sie vor dem Bilde, das der Maler=Gatte von ihr geschaffen:
1040 2442 1819 2497 Ein Rätsel, blick ich selber mir ins Antlitz,
1044 2482 1921 2536 Nie schaut' ich also, doch so könnt' ich schau'n. —
1042 2526 1763 2580 Es ist, als wär' mir etwas aufbewahrt,
1040 2569 1764 2614 Das besser oder schlimmer ist als alles,
1038 2610 1749 2667 Was jemals ich gedacht und je getan,
1041 2651 1705 2698 Und eine lebensdurst'ge Möglichkeit
1048 2681 1846 2754 Verbirgt sich unter halbgeschloss’nen Lidern.
897 2752 2208 2820 Solche lebensdurstige Möglichkeit will aus mancher
809 2818 2213 2870 Schnitzlerschen Frauengestalt in die Wirklichkeit ausbrechen, sie
811 2869 2209 2923 verwandelt die vom Gatten in die unerbetene Freiheit ent¬
804 2905 2213 2964 lassene Heldin des „Zwischenspiels“ nicht anders als Aurelie:
812 2954 2213 3022 alle Wünsche, die früher an ihr herabgeglitten sind wie an
806 3007 2219 3072 einem fühllosen eisernen Panzer, jetzt leben und glühen sie in
822 3063 2218 3118 ihr, mit ausgebreiteten Armen steht sie da und wartet der Aben¬
807 3111 1471 3182 teuer, derer die Welt voll ist.
918 3148 2219 3213 Aber welches ist das wahre Wesen? „Tausend Bilder
809 3205 2205 3266 von dir, Aurelie, trag ich in mir“, spricht Falkenir. „Was
811 3251 2212 3311 bedeutet jenes eine? Tausend Bilder drücken dicht nicht aus,
822 3311 2213 3381 so wenig wie es tausend Worte vermöchten. Du bist da und
828 3349 2211 3422 ich liebe dich. Das ist über allen Bildern und Worten.“
821 3411 2238 3469 Schon in einem früheren Dramolet Schnitzlers, im ersten Teil
2549 1042 3312 1124 der Einaktertrilogie „Komödie der
2553 1115 3311 1169 im Vorbeigehen berührt. Dort waf
2551 1152 3317 1231 trügerischen Einbildung, einen 2
2546 1198 3323 1279 solange uns seine Züge hinter dem
2551 1256 3308 1315 Erlebnisse verschwimmen. Die Wa
2557 1302 3317 1372 liegt nicht in der Wirklichkeit ihr
2549 1360 3304 1411 wenn sie sich selbst nicht kennt,
2559 1401 3311 1463 richtige Aurelie ist, die in Unvers
2551 1452 3310 1516 die in Gysars Orgien Geschänd
2550 1499 3322 1569 Zweifel und Ungewißheit über sich
2551 1550 3306 1606 schreiber Fliederbusch, der keinen
2551 1594 3322 1666 heit kommt, ob er ein Fliederbe
2557 1653 3309 1712 juckt, einen Fink zu spielen, oder
2551 1692 3314 1776 durch einen Irrtum des Schicksa
2557 1751 3013 1817 Welt gekommen ist.
2655 1798 3304 1864 In der Journalistenkomödie
2558 1848 3312 1913 witzige Aporie; in der „Komödie d
2558 1896 3319 1975 schon zum Bersten voll gestopft ist
2559 1965 3281 2016 matik, war kein Raum, auch
2552 2000 3310 2063 erst in der „Traumnovelle“ bildet
2554 2043 3319 2116 Indem aber die Antithese von W
2560 2094 3317 2172 Schnitzler zum Problem wird, en
2552 2147 3316 2204 gutes Stück vom Impressionism
2560 2195 3318 2257 für den philosophischen Positivis
2560 2244 3323 2300 Tatsachen der Wirklichkeit eine n
2565 2297 3320 2350 Wahrheit nicht gab, und nähert
2564 2338 3310 2405 und Dichtweise, der es um das
2557 2402 3318 2464 deren überwirkliche Wahrheit. Fr¬
2563 2442 3317 2511 geht nicht völlig in sie ein. Wied
2572 2495 3312 2560 stehen, bei der Frage, beim Ob, bi
2563 2544 3298 2603 keit wird als unbefriedigend, als
2570 2591 3307 2672 gesetzt, die Wahrheit aber nur ge
2569 2636 3316 2709 gleitet der Dichter immer wieder
2573 2674 3326 2755 rück; statt das Wesen der Frau
2570 2739 3323 2812 menschliche Würde, erfaßt er sie
2568 2798 3329 2859 fährt dergestalt an dem wichtigsten
2571 2830 3323 2914 unserer Tage eben doch nur vol
2572 2874 3325 2953 freie Frau, aber über den schrech
2584 2928 3321 3002 Freiheit, über der Wirklichkeit ihre
2578 2972 3329 3048 sieht er die Möglichkeiten ihres
2569 3029 3322 3105 Persönlichkeit. Er starrt auf die
2578 3077 3322 3151 schlechtsunterschiedes, wodurch der
2575 3127 3313 3195 wehrt ist, es dem Manne gänz
2574 3188 3318 3240 nicht, was dem freien Weibeg
2565 3226 3316 3306 Freiheit gebrauchen und nutzen
2568 3264 3333 3350 Menschheit Heil. Statt dessen ve
2577 3331 3336 3395 überlebten Debatte: ob der Fra#
2582 3370 3330 3454 nicht, und indem er solche Fra
