3392 4352
1516 227 1968 324 box 36/6
290 230 1353 339 Pamphiets Offorints
175 987 713 1075 ist die Uebereinstimmung
1135 1024 2529 1083 ihres Gatten, und läßt der Fürst den Knaben, den sie ihm gebiert, dort als einen
177 1055 718 1125 vellen wendet Schnitzler
1142 1081 2519 1123 jungen Wogelein aufzieben. Und die ganze Stadt findet sich rasch in den so
191 1108 723 1176 an, dessen Erfindung
1144 1120 2526 1173 häßlichen Lauf der Dinge, und alle fühlen sich sehr wohl dabei. Tobias Klenk
1132 1162 2534 1207 aber, der noch der Anständigste in dieser ganzen Gesellschaft ist, endet irgendwo
177 1160 717 1223 man „Les lauriers sont
1131 1195 1382 1255 am Galgen.
164 1214 715 1275 neuestens auch in um¬
180 1253 718 1324 i James Joyce, Valéry
1234 1270 2529 1340 Ganz gegen sonstige Gepflogenheit hat Schnitzler diesmal
176 1304 713 1374 jnet. Rein technisch ist
1135 1328 2530 1375 nicht bloß einen „Fall“ dargelegt, sondern Geschehnis und
223 1352 711 1428 Fortschritt gegenüber
1134 1384 2534 1446 Gestalten in echt epischer Erzählerfreude mit solcher Fülle
238 1402 705 1472 ganz gelungen, die
1123 1430 2524 1481 des Details ausgestattet, daß eine genaue Wiedergabe des
206 1454 709 1522 ulösen, die Ereignisse,
1133 1472 2525 1540 Inhalts sehr umfangreich würde; wie liebevoll sind z. B.
226 1499 712 1580 chen Doktor führen,
1136 1521 2537 1594 die Jugendjahre des Freundespaars Adalbert und Tobias
240 1551 713 1619 störende Art in den
1124 1577 2531 1622 ausgemalt, in einer Ausführlichkeit, die der Zusammenhang
215 1597 702 1672 Ungeschicklichkeiten ist
1124 1627 2538 1675 des folgenden keineswegs erfordert. Die Silhouette, der
249 1653 701 1716 Erzählung ein nicht
1135 1671 2523 1737 „Falte“ der Geschichte aber ist die plötzliche Wendung der
243 1704 294 1763 In
313 1703 710 1770 der künstlerische
1132 1720 2526 1805 Heldin aus bürgerlicher Wohlanständigkeit in das zuchtloseste
306 1751 706 1819 eigert, daß dem
1136 1765 1401 1846 Wünschen.
360 1798 582 1866 ist, wie si
1235 1828 2529 1894 Der Herzog, dessen gute Meinung vom Richter noch in
413 1843 696 1911 äulein Else
1137 1875 2524 1934 nichts gelitten hat, betritt infolge eines Wagenunfalls Woge¬
463 1899 697 1967 auen, die
1123 1935 2530 1999 leins Haus. Agnes, unbewußt ihrem Gaiten seit einiger Zeit
409 1949 698 2010 s betrachtet,
1138 1987 2528 2048 schon entgleitend, unbewußt seit lange von dem männlichen
476 2000 687 2062 hen, bloß
1138 2032 2531 2089 Bilde des Herzogs erfüllt, reift mit einem Schlage zum Be¬
478 2051 698 2110 ennen in
1134 2082 2528 2132 wußtsein ihrer Abwehr und Sehnsucht und bietet sich dem
511 2098 696 2159 nur in
1124 2133 2529 2181 Fürsten an. — Liest man die Novelle zum erstenmal, so emp¬
553 2147 692 2204 t nur
1131 2182 2527 2244 findet man den Umschwung der Heldin als allzu brüsk, un¬
536 2197 683 2264 Figur
1127 2227 2522 2289 motiviert, unmöglich. Genaueres Studium veranlaßt zu
1135 2297 2512 2346 anderem Urteil. Frau Agnes, deren Ehe ohne Kinder blier
584 2287 676 2368 chte
1132 2314 2527 2387 deren Gatte auch ihren seelischen Ansprüchen nicht genügen
578 2353 677 2409 im
1123 2388 2524 2444 kann, erwacht aus der Dumpfheit schlafender Wünsche all¬
538 2398 685 2456 tentar
1132 2438 2525 2490 mählich zur Klarheit. Frühlingsluft und das Gerede von
522 2450 679 2510 n sein
1124 2478 2525 2537 den „Gartenmägdlein“ den Lustdirnen des verstorbenen
583 2497 680 2566 ist
1131 2520 2533 2579 Herzogs, deren Haus nun aufgelöst wird, erregen ihr Blut
540 2555 684 2619 „un¬
1123 2584 2524 2643 und ihre Fantasie zugleich; und einmal auf solche Gedanken
1126 2624 2534 2676 gebracht, sieht Agnes genau so wie Frau Berta Garlan, wie
569 2641 685 2730 Jahr¬
1127 2673 2523 2732 Frau Beate, alles in lüsterner Färbung. „=Gartenmägdleins,
538 2715 685 2767 len der
1137 2733 2530 2791 das war plötzlich nicht mehr ein Wort, wie es bisher eines
594 2757 699 2809 sten
1117 2778 2524 2822 gewesen. Es war ein Bild, das vor ihr emportauchte und
594 2797 686 2852 der
1128 2826 2529 2882 dessen Anblick sie süß erschauern machte. Bis zu dieser Stunde
1133 2875 2531 2935 hatte sie es noch nicht beklagt, daß ihr kein Kind geschenkt
616 2917 681 2969 en
1135 2925 2524 2976 war. Plötzlich empfand sie es wie einen Schmerz, und im
1126 2970 2517 3021 nächsten Augenblick wurde ein Vorwurf gegen Adalbert dar¬
591 3000 670 3047 ver¬
1135 3024 2521 3087 aus." Die neugeweckte sinnliche Glut, die unbewußt doch schan
604 3029 672 3083 ind
1131 3071 2515 3122 dem schönen edlen Herzog gilt, wendet sich in ihrer Blind¬
602 3078 669 3159 i1
1129 3119 2525 3177 heit zunächst auf ein falsches, nämlich das nächstliegende Objekt,
649 3139 688 3197 1
1128 3175 2524 3228 auf den Gatten; das ist der Sinn ihres zärtlichen Empfangs,
618 3194 671 3245 rst
576 3232 672 3282 sind;
1132 3219 2521 3267 als Adalbert von der verhängnisvollen Gerichtssitzung heim¬
1123 3282 2533 3333 kommt (S. 73), und seine durch schlechtes Gewissen begründete
1126 3321 2521 3373 Eisersucht spürt sofort heraus, daß die stürmische Freude in
1140 3361 2545 3446 Wahrheit nicht ihm gelte, sondern dem Herzog, der im Vorbei¬
1244 3476 1330 3537 3%
2295 3446 2417 3556 35
2480 4119 2681 4181 We
