<?xml version="1.0" encoding="UTF-8" standalone="yes"?>
<PcGts xmlns="http://schema.primaresearch.org/PAGE/gts/pagecontent/2013-07-15" xmlns:xsi="http://www.w3.org/2001/XMLSchema-instance" xsi:schemaLocation="http://schema.primaresearch.org/PAGE/gts/pagecontent/2013-07-15 http://schema.primaresearch.org/PAGE/gts/pagecontent/2013-07-15/pagecontent.xsd">
    <Metadata>
        <Creator>prov=University of Rostock/Institute of Mathematics/CITlab/Gundram Leifert/gundram.leifert@uni-rostock.de:name=ONB_Newseye_GT_M1+(htr_id=10810)::::v=2.4.2
prov=University of Rostock/Institute of Mathematics/CITlab/Tobias Gruening/tobias.gruening@uni-rostock.de:name=de.uros.citlab.module.baseline2polygon.B2PSeamMultiOriented:v=2.4.2
prov=University of Rostock/Institute of Mathematics/CITlab/Tobias Gruening/tobias.gruening@uni-rostock.de:name=/mnt/transkribus/LA/DEA/URO/LA_news_onb_att.pb:de.uros.citlab.segmentation.CITlab_LA_ML:v=2.4.2
Transkribus</Creator>
        <Created>2019-10-07T15:15:52.451+02:00</Created>
        <LastChange>2019-10-09T03:30:12.670+02:00</LastChange>
        <TranskribusMetadata docId="224215" pageId="9515204" pageNr="37" tsid="16620202" status="IN_PROGRESS" userId="40391" imgUrl="https://files.transkribus.eu/Get?id=ZGGZSDCBSFEZPRXHZGLUCEWQ&amp;fileType=view" xmlUrl="https://files.transkribus.eu/Get?id=SMLOIPIFFZQBXPQQBNWBROBK" imageId="6203438"/>
    </Metadata>
    <Page imageFilename="224215_0037.jpeg" imageWidth="3392" imageHeight="4352">
        <ReadingOrder>
            <OrderedGroup id="ro_1711443623988" caption="Regions reading order">
                <RegionRefIndexed index="0" regionRef="r1"/>
            </OrderedGroup>
        </ReadingOrder>
        <TextRegion orientation="0.0" id="r1" custom="readingOrder {index:0;}">
            <Coords points="330,188 330,3450 2417,3450 2417,188"/>
            <TextLine id="r1l1" custom="readingOrder {index:0;}">
                <Coords points="2050,242 2094,248 2143,235 2199,249 2278,224 2415,240 2427,238 2426,187 2396,180 2326,193 2301,174 2264,172 2193,195 2154,197 2101,176 2048,184"/>
                <Baseline points="2058,218 2083,220 2109,220 2134,221 2160,221 2186,221 2211,220 2237,220 2263,218 2288,217 2314,216 2340,215 2365,213 2391,212 2417,211"/>
                <TextEquiv>
                    <Unicode>—</Unicode>
                </TextEquiv>
            </TextLine>
            <TextLine id="r1l2" custom="readingOrder {index:1;}">
                <Coords points="1532,322 1651,341 1746,319 1803,339 1846,326 1874,339 1902,315 1944,332 1994,307 1995,265 1927,248 1884,266 1844,253 1809,266 1786,251 1738,294 1696,268 1621,279 1570,249 1533,261"/>
                <Baseline points="1541,312 1567,314 1593,314 1619,315 1645,317 1671,318 1697,319 1723,320 1749,321 1775,322 1801,323 1827,323 1853,323 1879,324 1905,323 1931,323 1957,322 1984,321"/>
                <TextEquiv>
                    <Unicode>box 36/6</Unicode>
                </TextEquiv>
            </TextLine>
            <TextLine id="r1l3" custom="readingOrder {index:2;}">
                <Coords points="320,343 963,365 1388,332 1286,262 923,261 868,312 721,256 321,273"/>
                <Baseline points="330,325 382,327 434,328 487,329 539,329 592,330 644,331 696,331 749,332 801,332 854,332 906,333 958,333 1011,333 1063,333 1116,334 1168,334 1220,334 1273,334 1325,334 1378,335"/>
                <TextEquiv>
                    <Unicode>Panphlets offorints</Unicode>
                </TextEquiv>
            </TextLine>
            <TextLine id="r1l4" custom="readingOrder {index:3;}">
                <Coords points="1003,1089 2405,1091 2405,1048 2349,1040 1003,1045"/>
                <Baseline points="1012,1093 1081,1094 1150,1095 1219,1095 1288,1096 1358,1097 1427,1098 1496,1098 1565,1098 1634,1099 1704,1099 1773,1099 1842,1099 1911,1099 1980,1099 2050,1099 2119,1099 2188,1098 2257,1097 2326,1097 2396,1096"/>
                <TextEquiv>
                    <Unicode>fahren der jungen Frau zugenickt hatte. Als der Herzog dann</Unicode>
                </TextEquiv>
            </TextLine>
            <TextLine id="r1l5" custom="readingOrder {index:4;}">
                <Coords points="1005,1157 2226,1165 2367,1160 2411,1108 1005,1113"/>
                <Baseline points="1014,1141 1083,1142 1152,1143 1222,1144 1291,1145 1361,1146 1430,1146 1499,1147 1569,1148 1638,1149 1708,1149 1777,1149 1846,1150 1916,1150 1985,1150 2055,1150 2124,1150 2193,1149 2263,1149 2332,1148 2402,1147"/>
                <TextEquiv>
                    <Unicode>bei ihnen eintritt, versinkt sie völlig in seinen Anblick, steht</Unicode>
                </TextEquiv>
            </TextLine>
            <TextLine id="r1l6" custom="readingOrder {index:5;}">
                <Coords points="1000,1189 2307,1217 2422,1184 1000,1159"/>
                <Baseline points="1009,1190 1079,1192 1149,1193 1219,1194 1289,1195 1359,1196 1429,1197 1500,1198 1570,1199 1640,1199 1710,1200 1780,1200 1850,1201 1920,1201 1991,1201 2061,1201 2131,1201 2201,1200 2271,1200 2341,1199 2412,1198"/>
                <TextEquiv>
                    <Unicode>lange geistverloren da, und erwacht endlich zum Bewußtsein</Unicode>
                </TextEquiv>
            </TextLine>
            <TextLine id="r1l7" custom="readingOrder {index:6;}">
                <Coords points="1004,1239 1318,1267 2140,1240 2091,1201 1005,1209"/>
                <Baseline points="1013,1240 1071,1241 1130,1242 1189,1243 1248,1244 1307,1245 1366,1245 1425,1246 1484,1247 1543,1247 1601,1247 1660,1248 1719,1248 1778,1248 1837,1248 1896,1247 1955,1247 2014,1247 2073,1246 2132,1245"/>
                <TextEquiv>
                    <Unicode>ihrer Leidenschaft und zum Mut des Bekennens.</Unicode>
                </TextEquiv>
            </TextLine>
            <TextLine id="r1l8" custom="readingOrder {index:7;}">
                <Coords points="1110,1294 2232,1314 2393,1282 2379,1247 2169,1236 1110,1250"/>
                <Baseline points="1119,1290 1182,1292 1245,1293 1308,1295 1372,1295 1435,1296 1498,1296 1561,1297 1625,1297 1688,1297 1751,1296 1814,1296 1878,1296 1941,1295 2004,1295 2067,1295 2131,1294 2194,1294 2257,1294 2320,1294 2384,1294"/>
                <TextEquiv>
                    <Unicode>Coup de koudre nennt der Franzose dergleichen plötz¬</Unicode>
                </TextEquiv>
            </TextLine>
            <TextLine id="r1l9" custom="readingOrder {index:8;}">
                <Coords points="992,1351 2408,1332 1982,1291 992,1305"/>
                <Baseline points="1000,1336 1070,1337 1140,1339 1210,1340 1280,1341 1350,1342 1420,1343 1490,1343 1560,1344 1630,1344 1700,1344 1770,1345 1840,1345 1910,1345 1980,1345 2050,1345 2120,1345 2190,1345 2260,1344 2330,1344 2400,1344"/>
                <TextEquiv>
                    <Unicode>liche Liebesüberwältigung, und der Philosoph der Liebe deutet</Unicode>
                </TextEquiv>
            </TextLine>
            <TextLine id="r1l10" custom="readingOrder {index:9;}">
                <Coords points="1001,1396 2405,1396 2405,1357 2306,1353 1001,1341"/>
                <Baseline points="1010,1389 1079,1390 1148,1390 1217,1391 1287,1392 1356,1392 1425,1393 1495,1393 1564,1393 1633,1394 1703,1394 1772,1394 1841,1394 1910,1394 1980,1394 2049,1394 2118,1394 2188,1393 2257,1393 2326,1393 2396,1392"/>
                <TextEquiv>
                    <Unicode>ihre Genese so aus: Lame, a son insu, ennugée de vivre</Unicode>
                </TextEquiv>
            </TextLine>
            <TextLine id="r1l11" custom="readingOrder {index:10;}">
                <Coords points="1005,1438 2409,1435 2116,1396 1005,1407"/>
                <Baseline points="1013,1443 1082,1441 1151,1440 1221,1439 1290,1439 1359,1438 1429,1438 1498,1438 1567,1439 1637,1439 1706,1439 1775,1440 1845,1440 1914,1441 1983,1441 2053,1442 2122,1442 2191,1443 2261,1443 2330,1443 2400,1443"/>
                <TextEquiv>
                    <Unicode>sans aimer, convaineue malgre elle par T’exemple des antres</Unicode>
                </TextEquiv>
            </TextLine>
            <TextLine id="r1l12" custom="readingOrder {index:11;}">
                <Coords points="1000,1497 2405,1491 2367,1447 1000,1455"/>
                <Baseline points="1009,1488 1078,1489 1147,1490 1217,1491 1286,1491 1356,1491 1425,1491 1494,1490 1564,1490 1633,1490 1703,1489 1772,1489 1841,1489 1911,1489 1980,1489 2050,1489 2119,1490 2188,1491 2258,1493 2327,1494 2397,1496"/>
                <TextEquiv>
                    <Unicode>femmes, ayant surmonté toutes les craintes de la vie, mé¬</Unicode>
                </TextEquiv>
            </TextLine>
            <TextLine id="r1l13" custom="readingOrder {index:12;}">
                <Coords points="1003,1541 2341,1558 2404,1501 1003,1511"/>
                <Baseline points="1012,1539 1081,1540 1150,1540 1219,1540 1288,1540 1357,1540 1426,1540 1496,1540 1565,1539 1634,1539 1703,1539 1772,1538 1841,1538 1910,1538 1980,1538 2049,1538 2118,1539 2187,1540 2256,1541 2325,1542 2395,1544"/>
                <TextEquiv>
                    <Unicode>contente du triste bonheur de l’orgueil, s’est fait, sans s’en</Unicode>
                </TextEquiv>
            </TextLine>
            <TextLine id="r1l14" custom="readingOrder {index:13;}">
                <Coords points="998,1603 2409,1592 2309,1549 998,1558"/>
                <Baseline points="1006,1587 1075,1587 1145,1587 1215,1587 1284,1587 1354,1587 1424,1587 1493,1588 1563,1588 1633,1588 1703,1588 1772,1588 1842,1588 1912,1588 1981,1589 2051,1589 2121,1589 2190,1590 2260,1590 2330,1591 2400,1591"/>
                <TextEquiv>
                    <Unicode>apercevoir, un modele idéal. Elle rencentre un jour un étre</Unicode>
                </TextEquiv>
            </TextLine>
            <TextLine id="r1l15" custom="readingOrder {index:14;}">
                <Coords points="994,1657 2293,1661 2402,1608 994,1613"/>
                <Baseline points="1003,1640 1072,1639 1142,1638 1211,1638 1281,1637 1350,1637 1420,1637 1489,1637 1559,1637 1628,1638 1698,1638 1767,1639 1837,1639 1906,1639 1976,1640 2045,1640 2115,1640 2184,1640 2254,1640 2323,1639 2393,1639"/>
                <TextEquiv>
                    <Unicode>qui ressemble a ce modele, la eristallisation reconnait son</Unicode>
                </TextEquiv>
            </TextLine>
            <TextLine id="r1l16" custom="readingOrder {index:15;}">
                <Coords points="998,1679 2188,1709 2386,1699 2409,1636 998,1661"/>
                <Baseline points="1006,1686 1075,1686 1145,1685 1215,1685 1284,1685 1354,1686 1424,1686 1493,1686 1563,1687 1633,1687 1703,1688 1772,1688 1842,1689 1912,1690 1981,1690 2051,1690 2121,1690 2190,1690 2260,1690 2330,1690 2400,1689"/>
                <TextEquiv>
                    <Unicode>objet an trouble qu’il inspire, et consacre pour toujours an</Unicode>
                </TextEquiv>
            </TextLine>
            <TextLine id="r1l17" custom="readingOrder {index:16;}">
                <Coords points="1005,1736 2397,1749 2320,1691 1005,1704"/>
                <Baseline points="1013,1738 1081,1738 1150,1739 1219,1739 1287,1739 1356,1739 1425,1739 1493,1739 1562,1739 1631,1738 1700,1738 1768,1738 1837,1738 1906,1739 1974,1739 2043,1739 2112,1740 2180,1741 2249,1743 2318,1745 2387,1747"/>
                <TextEquiv>
                    <Unicode>maitre de son destin ce qu'elle révait depnis longtemps.</Unicode>
                </TextEquiv>
            </TextLine>
            <TextLine id="r1l18" custom="readingOrder {index:17;}">
                <Coords points="1006,1795 1205,1814 1359,1788 1505,1814 1830,1784 1830,1749 1804,1744 1644,1762 1540,1735 1479,1757 1270,1740 1242,1761 1007,1739"/>
                <Baseline points="1016,1783 1056,1783 1096,1784 1136,1785 1176,1785 1217,1786 1257,1786 1297,1787 1337,1787 1377,1787 1418,1788 1458,1788 1498,1788 1538,1789 1578,1789 1619,1789 1659,1788 1699,1788 1739,1788 1779,1788 1820,1787"/>
                <TextEquiv>
                    <Unicode>(Stendhal, De Tamour, chap. XXIII.</Unicode>
                </TextEquiv>
            </TextLine>
            <TextLine id="r1l19" custom="readingOrder {index:18;}">
                <Coords points="1091,1851 2332,1866 2401,1833 2401,1777 1986,1831 1922,1785 1841,1818 1092,1810"/>
                <Baseline points="1100,1842 1164,1842 1229,1842 1293,1842 1358,1843 1423,1843 1487,1843 1552,1844 1616,1844 1681,1844 1746,1845 1810,1845 1875,1845 1939,1846 2004,1846 2068,1846 2133,1846 2198,1846 2262,1846 2327,1846 2392,1846"/>
                <TextEquiv>
                    <Unicode>Einem solchen coup de kaudre hätte auch die keusche</Unicode>
                </TextEquiv>
            </TextLine>
            <TextLine id="r1l20" custom="readingOrder {index:19;}">
                <Coords points="1004,1891 2396,1912 2359,1854 1004,1858"/>
                <Baseline points="1013,1888 1081,1890 1150,1892 1219,1893 1287,1894 1356,1895 1425,1896 1493,1897 1562,1897 1631,1897 1700,1898 1768,1898 1837,1898 1906,1898 1974,1897 2043,1897 2112,1897 2180,1897 2249,1897 2318,1897 2387,1897"/>
                <TextEquiv>
                    <Unicode>Else erliegen können, deren noch unberührter Mund nach</Unicode>
                </TextEquiv>
            </TextLine>
            <TextLine id="r1l21" custom="readingOrder {index:20;}">
                <Coords points="1004,1954 2403,1952 2403,1913 2300,1900 1004,1903"/>
                <Baseline points="1013,1941 1082,1941 1151,1942 1220,1942 1289,1943 1358,1943 1427,1944 1496,1944 1565,1945 1634,1946 1703,1946 1772,1947 1841,1947 1910,1947 1979,1947 2048,1947 2117,1947 2186,1947 2255,1946 2324,1946 2394,1945"/>
                <TextEquiv>
                    <Unicode>Küssen schmachtet, aber freilich nicht nach der Liebe ihres</Unicode>
                </TextEquiv>
            </TextLine>
            <TextLine id="r1l22" custom="readingOrder {index:21;}">
                <Coords points="996,1985 2396,1997 2396,1962 2263,1949 996,1960"/>
                <Baseline points="1004,1991 1073,1991 1142,1992 1211,1992 1280,1992 1350,1993 1419,1993 1488,1994 1557,1995 1626,1995 1696,1995 1765,1996 1834,1996 1903,1997 1972,1997 2042,1997 2111,1997 2180,1997 2249,1997 2318,1997 2388,1996"/>
                <TextEquiv>
                    <Unicode>wackern Freundes Fred, der gar zu anständig ist; doch ein</Unicode>
                </TextEquiv>
            </TextLine>
            <TextLine id="r1l23" custom="readingOrder {index:22;}">
                <Coords points="992,2038 2365,2059 2397,2005 993,2010"/>
                <Baseline points="1002,2041 1071,2041 1140,2041 1209,2042 1279,2042 1348,2042 1417,2043 1487,2043 1556,2043 1625,2043 1695,2044 1764,2044 1833,2044 1902,2045 1972,2045 2041,2045 2110,2045 2180,2045 2249,2046 2318,2046 2388,2046"/>
                <TextEquiv>
                    <Unicode>Filon könnt ihr gefährlich werden, etwa der schwarze Italiener</Unicode>
                </TextEquiv>
            </TextLine>
            <TextLine id="r1l24" custom="readingOrder {index:23;}">
                <Coords points="1003,2096 2405,2094 2380,2052 2166,2044 1003,2057"/>
                <Baseline points="1011,2090 1080,2091 1149,2091 1218,2092 1288,2093 1357,2093 1426,2094 1495,2094 1565,2094 1634,2095 1703,2095 1772,2095 1842,2095 1911,2095 1980,2095 2049,2094 2119,2094 2188,2094 2257,2094 2326,2094 2396,2094"/>
                <TextEquiv>
                    <Unicode>mit dem Römerkopf, den sie flüchtig im Hotel gesehen. Und</Unicode>
                </TextEquiv>
            </TextLine>
            <TextLine id="r1l25" custom="readingOrder {index:24;}">
                <Coords points="1003,2155 2395,2139 2249,2087 1003,2097"/>
                <Baseline points="1012,2145 1080,2144 1149,2143 1218,2143 1286,2143 1355,2142 1424,2143 1492,2143 1561,2143 1630,2143 1699,2143 1767,2143 1836,2144 1905,2143 1973,2143 2042,2143 2111,2142 2179,2142 2248,2141 2317,2139 2386,2138"/>
                <TextEquiv>
                    <Unicode>wie die Verstörte, nur mit dem Mantel bekleidet, ins Musik¬</Unicode>
                </TextEquiv>
            </TextLine>
            <TextLine id="r1l26" custom="readingOrder {index:25;}">
                <Coords points="995,2207 2367,2201 2409,2159 994,2161"/>
                <Baseline points="1003,2196 1072,2195 1142,2194 1212,2193 1282,2193 1352,2192 1422,2192 1491,2192 1561,2191 1631,2191 1701,2191 1771,2191 1841,2191 1911,2191 1980,2191 2050,2191 2120,2191 2190,2191 2260,2191 2330,2190 2400,2190"/>
                <TextEquiv>
                    <Unicode>zimmer tritt und vor Dorsday und dem Italiener den Mantel</Unicode>
                </TextEquiv>
            </TextLine>
            <TextLine id="r1l27" custom="readingOrder {index:26;}">
                <Coords points="995,2237 2390,2245 2315,2196 995,2207"/>
                <Baseline points="1003,2237 1075,2239 1148,2240 1220,2241 1293,2242 1365,2242 1438,2242 1511,2241 1583,2240 1656,2240 1728,2239 1801,2239 1873,2238 1946,2238 2019,2238 2091,2238 2164,2239 2236,2240 2309,2241 2382,2244"/>
                <TextEquiv>
                    <Unicode>öffnet, behält sie davon noch in der Ohnmacht eine selige</Unicode>
                </TextEquiv>
            </TextLine>
            <TextLine id="r1l28" custom="readingOrder {index:27;}">
                <Coords points="1006,2294 2347,2303 2396,2296 2396,2242 1006,2248"/>
                <Baseline points="1015,2289 1083,2290 1152,2291 1220,2291 1289,2291 1358,2291 1426,2291 1495,2291 1564,2291 1632,2290 1701,2290 1770,2289 1838,2289 1907,2288 1976,2288 2044,2288 2113,2288 2182,2288 2250,2289 2319,2290 2388,2291"/>
                <TextEquiv>
                    <Unicode>Befriedigung: „Ich bin glücklich. Der Filon hat mich nackt</Unicode>
                </TextEquiv>
            </TextLine>
            <TextLine id="r1l29" custom="readingOrder {index:28;}">
                <Coords points="990,2346 2404,2346 2357,2302 1764,2285 990,2306"/>
                <Baseline points="999,2343 1068,2343 1138,2343 1208,2342 1278,2342 1348,2342 1418,2341 1487,2341 1557,2341 1627,2340 1697,2340 1767,2340 1837,2339 1907,2339 1976,2339 2046,2339 2116,2340 2186,2340 2256,2340 2326,2341 2396,2342"/>
                <TextEquiv>
                    <Unicode>gesehen.“ Warum muß es ein Filon sein? — Comme le coup</Unicode>
                </TextEquiv>
            </TextLine>
            <TextLine id="r1l30" custom="readingOrder {index:29;}">
                <Coords points="1000,2396 2410,2389 2276,2341 1000,2357"/>
                <Baseline points="1009,2390 1078,2390 1148,2390 1217,2389 1287,2389 1357,2389 1426,2389 1496,2389 1565,2389 1635,2389 1705,2389 1774,2388 1844,2388 1913,2388 1983,2389 2053,2389 2122,2389 2192,2389 2261,2390 2331,2390 2401,2391"/>
                <TextEquiv>
                    <Unicode>de fondre (belehrt uns Stendhal) vient d’une secrête lassitude</Unicode>
                </TextEquiv>
            </TextLine>
            <TextLine id="r1l31" custom="readingOrder {index:30;}">
                <Coords points="1002,2444 2406,2434 2340,2395 1002,2393"/>
                <Baseline points="1011,2439 1080,2439 1149,2438 1218,2438 1288,2438 1357,2438 1426,2438 1496,2438 1565,2438 1634,2438 1704,2439 1773,2439 1842,2439 1911,2439 1981,2439 2050,2439 2119,2439 2189,2439 2258,2439 2327,2439 2397,2438"/>
                <TextEquiv>
                    <Unicode>de ce que le catéchisme appelle la vertu, et de Tennui que</Unicode>
                </TextEquiv>
            </TextLine>
            <TextLine id="r1l32" custom="readingOrder {index:31;}">
                <Coords points="997,2487 2410,2487 2385,2441 997,2445"/>
                <Baseline points="1005,2488 1074,2487 1144,2486 1214,2485 1284,2485 1354,2485 1423,2485 1493,2485 1563,2486 1633,2486 1703,2487 1772,2487 1842,2488 1912,2488 1982,2488 2052,2489 2121,2489 2191,2488 2261,2488 2331,2487 2401,2486"/>
                <TextEquiv>
                    <Unicode>donne l’ariformité de la perfection, je croirais ässez qu’il</Unicode>
                </TextEquiv>
            </TextLine>
            <TextLine id="r1l33" custom="readingOrder {index:32;}">
                <Coords points="1006,2550 2396,2546 2344,2493 1006,2499"/>
                <Baseline points="1015,2536 1083,2536 1152,2536 1220,2536 1289,2536 1358,2536 1426,2536 1495,2537 1564,2537 1632,2538 1701,2538 1770,2539 1838,2539 1907,2540 1976,2540 2044,2540 2113,2540 2182,2540 2250,2539 2319,2538 2388,2537"/>
                <TextEquiv>
                    <Unicode>doit tomber le plus souvent sur ce qu’on appelle le monde</Unicode>
                </TextEquiv>
            </TextLine>
            <TextLine id="r1l34" custom="readingOrder {index:33;}">
                <Coords points="1001,2599 2414,2591 2350,2546 1001,2550"/>
                <Baseline points="1010,2586 1079,2587 1149,2587 1219,2587 1288,2587 1358,2587 1428,2588 1497,2588 1567,2588 1637,2588 1707,2588 1776,2588 1846,2588 1916,2588 1985,2588 2055,2588 2125,2588 2194,2589 2264,2589 2334,2590 2404,2590"/>
                <TextEquiv>
                    <Unicode>de mauvais sujets, Je doute fort que T’air Caton ait jamais</Unicode>
                </TextEquiv>
            </TextLine>
            <TextLine id="r1l35" custom="readingOrder {index:34;}">
                <Coords points="998,2637 1805,2658 1805,2614 1584,2610 1544,2583 1452,2607 998,2597"/>
                <Baseline points="1006,2635 1045,2635 1085,2634 1124,2634 1164,2634 1203,2634 1243,2635 1282,2635 1322,2635 1361,2635 1401,2635 1440,2636 1480,2636 1519,2636 1559,2636 1598,2637 1638,2637 1677,2637 1717,2637 1756,2637 1796,2637"/>
                <TextEquiv>
                    <Unicode>occasionné de coup de fondre</Unicode>
                </TextEquiv>
            </TextLine>
            <TextLine id="r1l36" custom="readingOrder {index:35;}">
                <Coords points="1097,2700 2413,2695 2287,2645 1759,2674 1097,2642"/>
                <Baseline points="1106,2692 1170,2692 1235,2692 1300,2693 1365,2693 1430,2693 1495,2694 1560,2694 1625,2694 1690,2695 1755,2695 1819,2695 1884,2695 1949,2695 2014,2695 2079,2695 2144,2695 2209,2695 2274,2695 2339,2695 2404,2695"/>
                <TextEquiv>
                    <Unicode>Noch eine andere Beziehung gibt es zwischen „Fraulein</Unicode>
                </TextEquiv>
            </TextLine>
            <TextLine id="r1l37" custom="readingOrder {index:36;}">
                <Coords points="1001,2740 2396,2764 2358,2699 1001,2712"/>
                <Baseline points="1010,2738 1078,2740 1147,2741 1216,2742 1285,2743 1354,2744 1423,2744 1491,2745 1560,2745 1629,2745 1698,2745 1767,2745 1836,2745 1905,2745 1973,2745 2042,2745 2111,2745 2180,2745 2249,2745 2318,2746 2387,2746"/>
                <TextEquiv>
                    <Unicode>Else“ und der „Frau des Nichters“ Hier wird gelegentlich</Unicode>
                </TextEquiv>
            </TextLine>
            <TextLine id="r1l38" custom="readingOrder {index:37;}">
                <Coords points="1000,2804 2392,2799 2334,2750 1000,2751"/>
                <Baseline points="1009,2793 1077,2793 1146,2793 1215,2794 1283,2794 1352,2794 1421,2794 1489,2795 1558,2795 1627,2795 1696,2795 1764,2796 1833,2796 1902,2796 1970,2796 2039,2796 2108,2795 2176,2795 2245,2795 2314,2794 2383,2793"/>
                <TextEquiv>
                    <Unicode>von einer Freundin der Frau Agnes erzählt, die in Jugend¬</Unicode>
                </TextEquiv>
            </TextLine>
            <TextLine id="r1l39" custom="readingOrder {index:38;}">
                <Coords points="1000,2854 2298,2859 2395,2810 1000,2811"/>
                <Baseline points="1009,2845 1077,2844 1146,2843 1215,2842 1284,2842 1353,2842 1422,2842 1490,2842 1559,2842 1628,2842 1697,2843 1766,2843 1835,2844 1904,2844 1972,2844 2041,2844 2110,2844 2179,2844 2248,2844 2317,2843 2386,2842"/>
                <TextEquiv>
                    <Unicode>jahren harmlos lüsterne Mädchenträume von einem Mätressen¬</Unicode>
                </TextEquiv>
            </TextLine>
            <TextLine id="r1l40" custom="readingOrder {index:39;}">
                <Coords points="999,2893 2401,2890 2219,2846 999,2854"/>
                <Baseline points="1007,2892 1076,2892 1145,2892 1214,2892 1284,2891 1353,2892 1422,2892 1491,2892 1561,2892 1630,2892 1699,2892 1768,2892 1838,2892 1907,2892 1976,2893 2045,2893 2115,2893 2184,2892 2253,2892 2322,2892 2392,2892"/>
                <TextEquiv>
                    <Unicode>dasein hegte, vermählt aber ihren Frauen= und Mutterpflichten</Unicode>
                </TextEquiv>
            </TextLine>
            <TextLine id="r1l41" custom="readingOrder {index:40;}">
                <Coords points="996,2946 2392,2941 2343,2895 996,2904"/>
                <Baseline points="1005,2943 1073,2942 1142,2941 1211,2940 1280,2940 1349,2940 1418,2940 1487,2940 1556,2941 1625,2941 1694,2941 1762,2942 1831,2942 1900,2943 1969,2943 2038,2943 2107,2943 2176,2943 2245,2942 2314,2941 2383,2940"/>
                <TextEquiv>
                    <Unicode>völlig hingegeben war. So brav wäre auch Fräulein Else</Unicode>
                </TextEquiv>
            </TextLine>
            <TextLine id="r1l42" custom="readingOrder {index:41;}">
                <Coords points="1004,3000 2245,3010 2401,2991 2401,2954 1004,2956"/>
                <Baseline points="1013,2993 1085,2992 1158,2991 1230,2990 1303,2990 1375,2989 1448,2989 1521,2989 1593,2989 1666,2989 1738,2989 1811,2989 1883,2989 1956,2990 2029,2990 2101,2991 2174,2991 2246,2992 2319,2993 2392,2994"/>
                <TextEquiv>
                    <Unicode>geworden, trotz ihrer schamlosen Tag= und Nachtträume von den</Unicode>
                </TextEquiv>
            </TextLine>
            <TextLine id="r1l43" custom="readingOrder {index:42;}">
                <Coords points="992,3038 2396,3038 2182,2992 992,3015"/>
                <Baseline points="1001,3039 1070,3039 1139,3038 1209,3038 1278,3038 1347,3037 1417,3037 1486,3037 1555,3037 1625,3037 1694,3037 1763,3038 1833,3038 1902,3038 1971,3038 2041,3039 2110,3039 2179,3039 2249,3040 2318,3040 2388,3041"/>
                <TextEquiv>
                    <Unicode>hundert künftigen Geliebten und ihrem trotzigen Vorsatz, „ein</Unicode>
                </TextEquiv>
            </TextLine>
            <TextLine id="r1l44" custom="readingOrder {index:43;}">
                <Coords points="993,3083 2289,3106 2384,3071 993,3041"/>
                <Baseline points="1001,3090 1069,3089 1138,3088 1207,3088 1276,3088 1344,3087 1413,3087 1482,3087 1551,3087 1619,3087 1688,3087 1757,3087 1826,3087 1894,3088 1963,3088 2032,3088 2101,3089 2169,3089 2238,3090 2307,3091 2376,3091"/>
                <TextEquiv>
                    <Unicode>Luder zu werden, wie es die Welt noch nicht gesehen hat.“</Unicode>
                </TextEquiv>
            </TextLine>
            <TextLine id="r1l45" custom="readingOrder {index:44;}">
                <Coords points="991,3147 2399,3146 2309,3093 991,3106"/>
                <Baseline points="999,3139 1068,3138 1138,3138 1207,3137 1277,3136 1346,3136 1416,3136 1485,3136 1555,3136 1624,3136 1694,3136 1764,3137 1833,3137 1903,3138 1972,3138 2042,3139 2111,3140 2181,3141 2250,3141 2320,3142 2390,3143"/>
                <TextEquiv>
                    <Unicode>In welchem Vorsatz sie sich übrigens mit Judith begegnet, der</Unicode>
                </TextEquiv>
            </TextLine>
            <TextLine id="r1l46" custom="readingOrder {index:45;}">
                <Coords points="996,3191 2121,3187 2065,3143 1918,3134 996,3149"/>
                <Baseline points="1006,3184 1061,3185 1116,3185 1172,3186 1227,3186 1282,3187 1338,3187 1393,3187 1448,3187 1504,3187 1559,3187 1614,3187 1670,3187 1725,3187 1780,3187 1836,3187 1891,3187 1946,3187 2002,3187 2057,3187 2113,3188"/>
                <TextEquiv>
                    <Unicode>Kokotte par dépit aus der Verführungskomödie.</Unicode>
                </TextEquiv>
            </TextLine>
            <TextLine id="r1l47" custom="readingOrder {index:46;}">
                <Coords points="1087,3244 2337,3246 2396,3234 2396,3194 1087,3202"/>
                <Baseline points="1096,3235 1160,3236 1225,3237 1289,3238 1354,3239 1419,3239 1483,3240 1548,3240 1612,3239 1677,3239 1742,3239 1806,3238 1871,3238 1935,3237 2000,3237 2064,3236 2129,3236 2194,3235 2258,3235 2323,3235 2388,3235"/>
                <TextEquiv>
                    <Unicode>Ganz nahe an die ungewöhnliche Tat der Frau des</Unicode>
                </TextEquiv>
            </TextLine>
            <TextLine id="r1l48" custom="readingOrder {index:47;}">
                <Coords points="1000,3288 2339,3294 2391,3252 999,3247"/>
                <Baseline points="1009,3284 1077,3285 1146,3286 1214,3287 1283,3287 1352,3288 1420,3288 1489,3288 1558,3287 1626,3287 1695,3286 1764,3286 1832,3285 1901,3285 1970,3284 2038,3284 2107,3283 2176,3283 2244,3283 2313,3284 2382,3284"/>
                <TextEquiv>
                    <Unicode>Richters reicht eine hypothetische Episode der „Traumnovelle“</Unicode>
                </TextEquiv>
            </TextLine>
            <TextLine id="r1l49" custom="readingOrder {index:48;}">
                <Coords points="986,3338 2390,3326 2370,3286 986,3296"/>
                <Baseline points="995,3334 1064,3334 1133,3334 1202,3334 1272,3334 1341,3334 1410,3333 1480,3333 1549,3333 1618,3333 1688,3333 1757,3333 1826,3332 1895,3332 1965,3332 2034,3332 2103,3332 2173,3332 2242,3332 2311,3332 2381,3332"/>
                <TextEquiv>
                    <Unicode>heran. Der fünsunddreißigjährige Arzt Fridolin und seine</Unicode>
                </TextEquiv>
            </TextLine>
            <TextLine id="r1l50" custom="readingOrder {index:49;}">
                <Coords points="992,3407 2309,3400 2389,3377 2389,3326 992,3340"/>
                <Baseline points="1001,3382 1073,3382 1146,3382 1218,3382 1291,3382 1363,3382 1436,3382 1509,3382 1581,3382 1654,3382 1726,3382 1799,3383 1871,3383 1944,3383 2017,3383 2089,3382 2162,3382 2234,3382 2307,3382 2380,3382"/>
                <TextEquiv>
                    <Unicode>Gattin Albertine haben eine Redoute besucht, die ihnen zwar</Unicode>
                </TextEquiv>
            </TextLine>
            <TextLine id="r1l51" custom="readingOrder {index:50;}">
                <Coords points="1000,3435 2309,3461 2407,3393 999,3409"/>
                <Baseline points="1008,3439 1077,3437 1147,3436 1216,3436 1286,3435 1355,3434 1425,3434 1494,3433 1564,3433 1633,3433 1703,3433 1773,3433 1842,3433 1912,3433 1981,3433 2051,3433 2120,3433 2190,3433 2259,3433 2329,3433 2399,3433"/>
                <TextEquiv>
                    <Unicode>nur ganz unbeträchtliche Erlebnisse brachte, die aber dennoch</Unicode>
                </TextEquiv>
            </TextLine>
            <TextEquiv>
                <Unicode>—
box 36/6
Panphlets offorints
fahren der jungen Frau zugenickt hatte. Als der Herzog dann
bei ihnen eintritt, versinkt sie völlig in seinen Anblick, steht
lange geistverloren da, und erwacht endlich zum Bewußtsein
ihrer Leidenschaft und zum Mut des Bekennens.
Coup de koudre nennt der Franzose dergleichen plötz¬
liche Liebesüberwältigung, und der Philosoph der Liebe deutet
ihre Genese so aus: Lame, a son insu, ennugée de vivre
sans aimer, convaineue malgre elle par T’exemple des antres
femmes, ayant surmonté toutes les craintes de la vie, mé¬
contente du triste bonheur de l’orgueil, s’est fait, sans s’en
apercevoir, un modele idéal. Elle rencentre un jour un étre
qui ressemble a ce modele, la eristallisation reconnait son
objet an trouble qu’il inspire, et consacre pour toujours an
maitre de son destin ce qu'elle révait depnis longtemps.
(Stendhal, De Tamour, chap. XXIII.
Einem solchen coup de kaudre hätte auch die keusche
Else erliegen können, deren noch unberührter Mund nach
Küssen schmachtet, aber freilich nicht nach der Liebe ihres
wackern Freundes Fred, der gar zu anständig ist; doch ein
Filon könnt ihr gefährlich werden, etwa der schwarze Italiener
mit dem Römerkopf, den sie flüchtig im Hotel gesehen. Und
wie die Verstörte, nur mit dem Mantel bekleidet, ins Musik¬
zimmer tritt und vor Dorsday und dem Italiener den Mantel
öffnet, behält sie davon noch in der Ohnmacht eine selige
Befriedigung: „Ich bin glücklich. Der Filon hat mich nackt
gesehen.“ Warum muß es ein Filon sein? — Comme le coup
de fondre (belehrt uns Stendhal) vient d’une secrête lassitude
de ce que le catéchisme appelle la vertu, et de Tennui que
donne l’ariformité de la perfection, je croirais ässez qu’il
doit tomber le plus souvent sur ce qu’on appelle le monde
de mauvais sujets, Je doute fort que T’air Caton ait jamais
occasionné de coup de fondre
Noch eine andere Beziehung gibt es zwischen „Fraulein
Else“ und der „Frau des Nichters“ Hier wird gelegentlich
von einer Freundin der Frau Agnes erzählt, die in Jugend¬
jahren harmlos lüsterne Mädchenträume von einem Mätressen¬
dasein hegte, vermählt aber ihren Frauen= und Mutterpflichten
völlig hingegeben war. So brav wäre auch Fräulein Else
geworden, trotz ihrer schamlosen Tag= und Nachtträume von den
hundert künftigen Geliebten und ihrem trotzigen Vorsatz, „ein
Luder zu werden, wie es die Welt noch nicht gesehen hat.“
In welchem Vorsatz sie sich übrigens mit Judith begegnet, der
Kokotte par dépit aus der Verführungskomödie.
Ganz nahe an die ungewöhnliche Tat der Frau des
Richters reicht eine hypothetische Episode der „Traumnovelle“
heran. Der fünsunddreißigjährige Arzt Fridolin und seine
Gattin Albertine haben eine Redoute besucht, die ihnen zwar
nur ganz unbeträchtliche Erlebnisse brachte, die aber dennoch</Unicode>
            </TextEquiv>
        </TextRegion>
    </Page>
</PcGts>
