<?xml version="1.0" encoding="UTF-8" standalone="yes"?>
<PcGts xmlns="http://schema.primaresearch.org/PAGE/gts/pagecontent/2013-07-15" xmlns:xsi="http://www.w3.org/2001/XMLSchema-instance" xsi:schemaLocation="http://schema.primaresearch.org/PAGE/gts/pagecontent/2013-07-15 http://schema.primaresearch.org/PAGE/gts/pagecontent/2013-07-15/pagecontent.xsd">
    <Metadata>
        <Creator>prov=University of Rostock/Institute of Mathematics/CITlab/Gundram Leifert/gundram.leifert@uni-rostock.de:name=ONB_Newseye_GT_M1+(htr_id=10810)::::v=2.4.2
prov=University of Rostock/Institute of Mathematics/CITlab/Tobias Gruening/tobias.gruening@uni-rostock.de:name=de.uros.citlab.module.baseline2polygon.B2PSeamMultiOriented:v=2.4.2
prov=University of Rostock/Institute of Mathematics/CITlab/Tobias Gruening/tobias.gruening@uni-rostock.de:name=/mnt/transkribus/LA/DEA/URO/LA_news_onb_att.pb:de.uros.citlab.segmentation.CITlab_LA_ML:v=2.4.2
Transkribus</Creator>
        <Created>2019-10-07T15:15:45.943+02:00</Created>
        <LastChange>2019-10-09T03:16:26.465+02:00</LastChange>
        <TranskribusMetadata docId="224215" pageId="9515098" pageNr="12" tsid="16620083" status="IN_PROGRESS" userId="40391" imgUrl="https://files.transkribus.eu/Get?id=DPBXFTVIUAGUCENOBFKFNUJU&amp;fileType=view" xmlUrl="https://files.transkribus.eu/Get?id=JZDXJTVYGPSGUHHTAVPHKWMD" imageId="6203332"/>
    </Metadata>
    <Page imageFilename="224215_0012.jpeg" imageWidth="3296" imageHeight="4352">
        <ReadingOrder>
            <OrderedGroup id="ro_1711443612972" caption="Regions reading order">
                <RegionRefIndexed index="0" regionRef="r1"/>
                <RegionRefIndexed index="1" regionRef="r2"/>
            </OrderedGroup>
        </ReadingOrder>
        <TextRegion orientation="0.0" id="r1" custom="readingOrder {index:0;}">
            <Coords points="134,274 134,3487 1297,3487 1297,274"/>
            <TextLine id="r1l1" custom="readingOrder {index:0;}">
                <Coords points="132,335 1266,348 1306,332 1307,261 856,241 771,287 552,230 293,238 221,289 133,243"/>
                <Baseline points="141,297 198,302 256,306 314,309 372,311 430,313 487,315 545,316 603,316 661,317 719,317 776,317 834,316 892,316 950,316 1008,316 1065,316 1123,316 1181,316 1239,317 1297,319"/>
                <TextEquiv>
                    <Unicode>1. Panphlets offorints</Unicode>
                </TextEquiv>
            </TextLine>
            <TextLine id="r1l2" custom="readingOrder {index:1;}">
                <Coords points="140,1138 879,1144 943,1128 943,1107 899,1083 682,1069 607,1095 525,1069 286,1108 139,1073"/>
                <Baseline points="148,1133 187,1133 226,1132 266,1132 305,1132 344,1132 384,1132 423,1132 462,1131 502,1131 541,1131 580,1130 620,1130 659,1130 698,1129 738,1128 777,1128 816,1127 856,1126 895,1125 935,1124"/>
                <TextEquiv>
                    <Unicode>wissen, endet die Debatte mit einem</Unicode>
                </TextEquiv>
            </TextLine>
            <TextLine id="r1l3" custom="readingOrder {index:2;}">
                <Coords points="128,1188 770,1198 909,1188 943,1142 127,1148"/>
                <Baseline points="136,1183 178,1183 220,1183 262,1183 304,1183 346,1183 388,1183 430,1182 472,1182 514,1181 556,1181 598,1180 640,1180 682,1179 724,1179 766,1178 808,1178 850,1177 892,1177 935,1176"/>
                <TextEquiv>
                    <Unicode>den Probleme ad absurdum geführt,</Unicode>
                </TextEquiv>
            </TextLine>
            <TextLine id="r1l4" custom="readingOrder {index:3;}">
                <Coords points="125,1248 873,1244 946,1213 946,1183 125,1191"/>
                <Baseline points="134,1232 174,1232 214,1232 254,1232 294,1232 334,1233 374,1233 415,1234 455,1234 495,1235 535,1235 575,1235 615,1235 655,1235 696,1235 736,1234 776,1233 816,1232 856,1230 896,1227 937,1225"/>
                <TextEquiv>
                    <Unicode>ben keine wahrhaft freie Frau, sie</Unicode>
                </TextEquiv>
            </TextLine>
            <TextLine id="r1l5" custom="readingOrder {index:4;}">
                <Coords points="144,1294 666,1294 734,1273 857,1294 944,1280 944,1241 144,1242"/>
                <Baseline points="153,1283 192,1283 231,1284 270,1284 309,1284 348,1285 387,1285 426,1284 465,1284 504,1284 544,1284 583,1283 622,1283 661,1282 700,1281 739,1281 778,1279 817,1279 856,1278 895,1277 935,1276"/>
                <TextEquiv>
                    <Unicode>iheraus, sie handelt nicht in einer</Unicode>
                </TextEquiv>
            </TextLine>
            <TextLine id="r1l6" custom="readingOrder {index:5;}">
                <Coords points="127,1340 835,1341 941,1325 941,1294 127,1296"/>
                <Baseline points="135,1326 174,1328 214,1329 254,1330 294,1331 334,1331 374,1332 413,1332 453,1331 493,1331 533,1330 573,1330 613,1329 653,1328 692,1328 732,1327 772,1327 812,1326 852,1326 892,1326 932,1327"/>
                <TextEquiv>
                    <Unicode>undenheit, sondern aus Trotz und</Unicode>
                </TextEquiv>
            </TextLine>
            <TextLine id="r1l7" custom="readingOrder {index:6;}">
                <Coords points="134,1393 939,1375 939,1346 871,1329 407,1332 329,1356 134,1341"/>
                <Baseline points="143,1376 182,1378 221,1379 261,1379 300,1379 340,1379 379,1379 418,1378 458,1377 497,1377 537,1376 576,1375 615,1375 655,1374 694,1374 734,1373 773,1373 812,1374 852,1374 891,1375 931,1377"/>
                <TextEquiv>
                    <Unicode>als ein aufrührerischer Sklave. Zu</Unicode>
                </TextEquiv>
            </TextLine>
            <TextLine id="r1l8" custom="readingOrder {index:7;}">
                <Coords points="134,1436 789,1445 820,1420 907,1432 952,1394 297,1384 203,1416 133,1394"/>
                <Baseline points="143,1430 183,1430 223,1430 263,1430 303,1430 343,1429 383,1429 423,1429 463,1429 503,1429 543,1428 583,1428 623,1428 663,1428 703,1428 743,1427 783,1427 823,1427 863,1427 903,1427 944,1427"/>
                <TextEquiv>
                    <Unicode>en, gegen den sie sich empört, ist ihre</Unicode>
                </TextEquiv>
            </TextLine>
            <TextLine id="r1l9" custom="readingOrder {index:8;}">
                <Coords points="233,1480 353,1500 387,1482 450,1494 486,1472 527,1493 685,1479 767,1500 801,1482 801,1446 759,1427 691,1443 232,1441"/>
                <Baseline points="241,1479 268,1478 296,1477 323,1477 351,1476 379,1476 406,1475 434,1475 461,1475 489,1475 517,1475 544,1475 572,1475 599,1475 627,1475 655,1474 682,1474 710,1474 737,1474 765,1473 793,1472"/>
                <TextEquiv>
                    <Unicode>der gebüßt werden muß.</Unicode>
                </TextEquiv>
            </TextLine>
            <TextLine id="r1l10" custom="readingOrder {index:9;}">
                <Coords points="129,1549 837,1551 941,1523 879,1476 764,1502 639,1481 293,1501 230,1473 129,1494"/>
                <Baseline points="138,1531 177,1532 217,1533 257,1534 296,1534 336,1535 376,1535 415,1535 455,1535 495,1535 535,1535 574,1534 614,1534 654,1534 693,1534 733,1534 773,1534 812,1534 852,1535 892,1535 932,1536"/>
                <TextEquiv>
                    <Unicode>nerkt, daß der rastlos fortschreitende</Unicode>
                </TextEquiv>
            </TextLine>
            <TextLine id="r1l11" custom="readingOrder {index:10;}">
                <Coords points="174,1570 269,1603 944,1580 944,1547 906,1538 810,1564 751,1538 174,1553"/>
                <Baseline points="182,1579 219,1581 257,1582 295,1583 332,1583 370,1584 408,1585 445,1585 483,1585 521,1585 559,1585 596,1585 634,1584 672,1584 709,1584 747,1583 785,1583 822,1583 860,1583 898,1583 936,1583"/>
                <TextEquiv>
                    <Unicode>Bühnenwerk, dem „Gang zum</Unicode>
                </TextEquiv>
            </TextLine>
            <TextLine id="r1l12" custom="readingOrder {index:11;}">
                <Coords points="183,1649 884,1647 957,1620 957,1594 884,1585 783,1604 183,1593"/>
                <Baseline points="191,1634 228,1634 266,1633 304,1632 342,1632 380,1632 418,1631 455,1631 493,1631 531,1631 569,1631 607,1631 645,1631 683,1632 720,1632 758,1633 796,1633 834,1634 872,1635 910,1635 948,1637"/>
                <TextEquiv>
                    <Unicode>freien Frau richtiger, tiefer erfaßt</Unicode>
                </TextEquiv>
            </TextLine>
            <TextLine id="r1l13" custom="readingOrder {index:12;}">
                <Coords points="147,1690 844,1694 936,1682 936,1640 816,1659 745,1633 338,1660 147,1646"/>
                <Baseline points="156,1681 194,1682 233,1683 271,1683 310,1683 349,1683 387,1683 426,1683 464,1683 503,1682 542,1682 580,1682 619,1681 657,1681 696,1681 735,1681 773,1681 812,1681 850,1682 889,1683 928,1684"/>
                <TextEquiv>
                    <Unicode>t er an einem Bedenken fest, das</Unicode>
                </TextEquiv>
            </TextLine>
            <TextLine id="r1l14" custom="readingOrder {index:13;}">
                <Coords points="129,1746 870,1746 948,1716 948,1688 129,1692"/>
                <Baseline points="138,1731 178,1732 218,1732 258,1732 298,1732 338,1732 378,1732 418,1732 458,1732 498,1732 539,1732 579,1732 619,1732 659,1732 699,1732 739,1731 779,1731 819,1732 859,1732 899,1732 940,1732"/>
                <TextEquiv>
                    <Unicode>bine sämtlichen Alterswerke schlingt:</Unicode>
                </TextEquiv>
            </TextLine>
            <TextLine id="r1l15" custom="readingOrder {index:14;}">
                <Coords points="141,1787 946,1774 946,1746 901,1734 141,1742"/>
                <Baseline points="150,1781 189,1781 228,1781 268,1781 307,1781 347,1781 386,1781 425,1780 465,1780 504,1780 544,1780 583,1780 622,1780 662,1780 701,1780 741,1780 780,1780 819,1780 859,1780 898,1781 938,1781"/>
                <TextEquiv>
                    <Unicode>von der unrettbaren Labilität des</Unicode>
                </TextEquiv>
            </TextLine>
            <TextLine id="r1l16" custom="readingOrder {index:15;}">
                <Coords points="139,1843 935,1845 935,1784 452,1783 403,1816 361,1790 139,1787"/>
                <Baseline points="148,1833 186,1832 225,1831 264,1831 303,1830 342,1829 381,1829 420,1829 459,1828 498,1828 537,1828 575,1829 614,1829 653,1829 692,1829 731,1829 770,1830 809,1830 848,1830 887,1830 926,1830"/>
                <TextEquiv>
                    <Unicode>ler Frauen. Einmal gestört, ist es</Unicode>
                </TextEquiv>
            </TextLine>
            <TextLine id="r1l17" custom="readingOrder {index:16;}">
                <Coords points="131,1889 637,1896 677,1875 757,1897 839,1873 896,1892 940,1843 131,1844"/>
                <Baseline points="140,1880 179,1880 219,1880 258,1880 298,1880 338,1880 377,1879 417,1879 456,1879 496,1879 536,1878 575,1878 615,1878 654,1878 694,1878 734,1878 773,1877 813,1877 852,1877 892,1878 932,1878"/>
                <TextEquiv>
                    <Unicode>dier dahin. Und darum wissen die</Unicode>
                </TextEquiv>
            </TextLine>
            <TextLine id="r1l18" custom="readingOrder {index:17;}">
                <Coords points="134,1947 944,1925 944,1894 911,1885 134,1886"/>
                <Baseline points="143,1931 182,1931 222,1931 261,1930 301,1930 341,1930 380,1929 420,1929 459,1929 499,1929 539,1929 578,1929 618,1929 657,1929 697,1929 737,1929 776,1928 816,1928 855,1928 895,1928 935,1928"/>
                <TextEquiv>
                    <Unicode>hen selbst, und empfangen von dort</Unicode>
                </TextEquiv>
            </TextLine>
            <TextLine id="r1l19" custom="readingOrder {index:18;}">
                <Coords points="127,1980 902,1988 942,1975 942,1942 716,1924 542,1953 469,1932 127,1947"/>
                <Baseline points="135,1979 174,1979 214,1980 254,1980 294,1980 334,1979 374,1979 414,1979 454,1978 494,1978 534,1978 573,1977 613,1977 653,1977 693,1977 733,1977 773,1977 813,1977 853,1978 893,1978 933,1979"/>
                <TextEquiv>
                    <Unicode>ker vor sich selber. Schon Johanna</Unicode>
                </TextEquiv>
            </TextLine>
            <TextLine id="r1l20" custom="readingOrder {index:19;}">
                <Coords points="138,2038 917,2038 917,1997 882,1979 138,1989"/>
                <Baseline points="147,2029 185,2029 223,2030 261,2030 299,2029 337,2029 375,2029 413,2029 451,2028 489,2028 527,2027 565,2027 603,2027 641,2027 679,2027 717,2027 755,2028 793,2028 831,2029 869,2030 908,2032"/>
                <TextEquiv>
                    <Unicode>Furcht bewegt („Einsamer Weg“);</Unicode>
                </TextEquiv>
            </TextLine>
            <TextLine id="r1l21" custom="readingOrder {index:20;}">
                <Coords points="139,2093 193,2074 942,2081 942,2053 861,2031 828,2053 749,2031 687,2052 645,2031 139,2038"/>
                <Baseline points="147,2077 186,2077 225,2077 265,2077 304,2077 343,2078 383,2078 422,2078 461,2078 501,2078 540,2078 579,2078 619,2078 658,2078 697,2078 737,2078 776,2078 815,2077 855,2077 894,2077 934,2076"/>
                <TextEquiv>
                    <Unicode>ie dem toten Gatten so lange die</Unicode>
                </TextEquiv>
            </TextLine>
            <TextLine id="r1l22" custom="readingOrder {index:21;}">
                <Coords points="134,2131 885,2141 935,2126 936,2093 327,2096 192,2074 134,2096"/>
                <Baseline points="143,2127 182,2126 221,2125 260,2125 299,2125 339,2125 378,2125 417,2125 456,2125 495,2125 535,2125 574,2126 613,2126 652,2126 691,2127 731,2128 770,2128 809,2129 848,2130 887,2130 927,2131"/>
                <TextEquiv>
                    <Unicode>n Knaben Fritz verloren, so weiß sie</Unicode>
                </TextEquiv>
            </TextLine>
            <TextLine id="r1l23" custom="readingOrder {index:22;}">
                <Coords points="127,2184 453,2196 698,2170 766,2196 940,2171 940,2136 849,2130 128,2131"/>
                <Baseline points="136,2174 175,2175 215,2176 255,2176 295,2177 334,2177 374,2177 414,2177 454,2176 493,2176 533,2176 573,2176 613,2176 652,2176 692,2176 732,2176 772,2177 811,2178 851,2179 891,2181 931,2182"/>
                <TextEquiv>
                    <Unicode>beseligt zugleich, daß der Jüngling</Unicode>
                </TextEquiv>
            </TextLine>
            <TextLine id="r1l24" custom="readingOrder {index:23;}">
                <Coords points="146,2241 203,2217 325,2243 937,2221 937,2192 874,2179 285,2196 146,2177"/>
                <Baseline points="154,2226 192,2226 231,2226 270,2225 308,2225 347,2225 386,2225 424,2225 463,2226 502,2226 541,2226 579,2226 618,2226 657,2226 695,2226 734,2226 773,2226 811,2226 850,2226 889,2226 928,2226"/>
                <TextEquiv>
                    <Unicode>ht ihr letzter Geliebter sein wird;</Unicode>
                </TextEquiv>
            </TextLine>
            <TextLine id="r1l25" custom="readingOrder {index:24;}">
                <Coords points="130,2280 581,2294 741,2267 875,2291 932,2269 932,2230 889,2227 497,2230 463,2252 131,2233"/>
                <Baseline points="140,2270 179,2271 218,2272 257,2273 296,2273 336,2274 375,2275 414,2275 453,2275 492,2275 532,2275 571,2275 610,2275 649,2275 688,2275 728,2274 767,2274 806,2274 845,2273 884,2272 924,2272"/>
                <TextEquiv>
                    <Unicode>ärte Marcolina, deren erster Liebes¬</Unicode>
                </TextEquiv>
            </TextLine>
            <TextLine id="r1l26" custom="readingOrder {index:25;}">
                <Coords points="133,2333 170,2350 238,2322 439,2340 561,2322 634,2344 714,2317 931,2319 895,2285 749,2270 702,2296 133,2291"/>
                <Baseline points="142,2322 181,2323 220,2323 259,2323 298,2324 337,2324 376,2324 415,2324 454,2324 493,2325 532,2325 571,2324 610,2324 649,2324 688,2323 727,2323 766,2322 805,2320 844,2319 883,2318 923,2316"/>
                <TextEquiv>
                    <Unicode>ligen wird, bald aus einem Männer¬</Unicode>
                </TextEquiv>
            </TextLine>
            <TextLine id="r1l27" custom="readingOrder {index:26;}">
                <Coords points="146,2383 323,2367 534,2393 633,2370 758,2396 819,2373 932,2383 932,2327 146,2343"/>
                <Baseline points="155,2371 193,2372 231,2373 270,2373 308,2374 347,2375 385,2375 423,2375 462,2375 500,2375 539,2375 577,2375 615,2374 654,2374 692,2373 731,2373 769,2372 807,2371 846,2370 884,2368 923,2367"/>
                <TextEquiv>
                    <Unicode>i wird; Anina („Die Schwestern")</Unicode>
                </TextEquiv>
            </TextLine>
            <TextLine id="r1l28" custom="readingOrder {index:27;}">
                <Coords points="145,2432 941,2424 941,2396 879,2378 622,2373 522,2401 378,2377 145,2387"/>
                <Baseline points="153,2421 194,2421 235,2421 276,2421 317,2421 358,2421 399,2421 440,2421 481,2421 522,2421 563,2420 604,2420 645,2420 686,2420 727,2420 768,2421 809,2421 850,2421 891,2421 932,2422"/>
                <TextEquiv>
                    <Unicode>emden Casanova geschenkten Nacht,</Unicode>
                </TextEquiv>
            </TextLine>
            <TextLine id="r1l29" custom="readingOrder {index:28;}">
                <Coords points="145,2487 345,2467 896,2485 944,2464 944,2437 543,2440 517,2419 369,2447 285,2424 145,2441"/>
                <Baseline points="153,2471 192,2471 231,2470 270,2470 309,2470 348,2470 387,2470 426,2470 465,2470 504,2471 544,2471 583,2471 622,2471 661,2471 700,2471 739,2471 778,2471 817,2471 856,2471 895,2470 935,2469"/>
                <TextEquiv>
                    <Unicode>igen Tito einen Kuß, um dann er¬</Unicode>
                </TextEquiv>
            </TextLine>
            <TextLine id="r1l30" custom="readingOrder {index:29;}">
                <Coords points="138,2536 637,2535 679,2510 747,2537 943,2527 943,2491 840,2472 138,2491"/>
                <Baseline points="146,2519 185,2521 224,2521 264,2522 303,2522 343,2522 382,2521 422,2520 461,2520 501,2519 540,2518 579,2517 619,2516 658,2516 698,2515 737,2515 777,2516 816,2517 856,2518 895,2520 935,2522"/>
                <TextEquiv>
                    <Unicode>n: „Was wird aus mir?“ Fräulein</Unicode>
                </TextEquiv>
            </TextLine>
            <TextLine id="r1l31" custom="readingOrder {index:30;}">
                <Coords points="135,2585 936,2567 936,2538 854,2523 675,2522 578,2550 510,2526 135,2536"/>
                <Baseline points="143,2569 182,2569 221,2570 260,2570 300,2570 339,2570 378,2570 417,2569 457,2569 496,2568 535,2567 574,2567 614,2566 653,2566 692,2566 731,2566 771,2566 810,2567 849,2568 888,2568 928,2570"/>
                <TextEquiv>
                    <Unicode>ersuchteste von allen weiblichen Ge¬</Unicode>
                </TextEquiv>
            </TextLine>
            <TextLine id="r1l32" custom="readingOrder {index:31;}">
                <Coords points="140,2629 467,2638 656,2613 849,2635 936,2614 936,2590 788,2574 140,2589"/>
                <Baseline points="149,2619 187,2619 226,2619 265,2619 304,2619 343,2619 382,2619 421,2619 460,2619 499,2618 538,2618 576,2618 615,2618 654,2618 693,2618 732,2618 771,2618 810,2617 849,2617 888,2617 927,2617"/>
                <TextEquiv>
                    <Unicode>dem ersten Schritt aus der bürger¬</Unicode>
                </TextEquiv>
            </TextLine>
            <TextLine id="r1l33" custom="readingOrder {index:32;}">
                <Coords points="139,2689 324,2666 827,2687 938,2664 938,2631 138,2634"/>
                <Baseline points="148,2667 187,2668 226,2668 265,2668 304,2668 343,2668 382,2668 421,2668 460,2668 499,2667 539,2667 578,2667 617,2666 656,2666 695,2666 734,2666 773,2666 812,2666 851,2666 890,2667 930,2667"/>
                <TextEquiv>
                    <Unicode>hinaus schon den Anfang eines</Unicode>
                </TextEquiv>
            </TextLine>
            <TextLine id="r1l34" custom="readingOrder {index:33;}">
                <Coords points="162,2713 362,2736 593,2711 676,2736 942,2722 942,2686 915,2679 428,2671 336,2701 297,2673 162,2683"/>
                <Baseline points="170,2713 208,2714 246,2714 284,2714 322,2715 361,2715 399,2715 437,2715 475,2715 513,2715 552,2715 590,2715 628,2715 666,2715 704,2715 743,2715 781,2715 819,2715 857,2715 895,2715 934,2715"/>
                <TextEquiv>
                    <Unicode>keusch gebliebene Anselma von</Unicode>
                </TextEquiv>
            </TextLine>
            <TextLine id="r1l35" custom="readingOrder {index:34;}">
                <Coords points="139,2771 405,2789 542,2762 610,2794 697,2772 731,2795 951,2771 951,2737 880,2722 139,2727"/>
                <Baseline points="148,2762 187,2764 227,2764 267,2765 306,2766 346,2766 386,2766 425,2766 465,2766 505,2766 545,2766 584,2766 624,2766 664,2766 703,2766 743,2766 783,2767 822,2767 862,2768 902,2769 942,2770"/>
                <TextEquiv>
                    <Unicode>eiher“) weiß und bekennt von sich:</Unicode>
                </TextEquiv>
            </TextLine>
            <TextLine id="r1l36" custom="readingOrder {index:35;}">
                <Coords points="131,2852 601,2849 601,2827 495,2800 472,2816 441,2792 375,2818 321,2821 284,2802 222,2816 131,2772"/>
                <Baseline points="139,2845 164,2845 189,2845 214,2845 239,2846 264,2846 290,2846 315,2846 340,2846 365,2846 390,2846 415,2846 441,2845 466,2846 491,2846 516,2846 541,2846 566,2846 592,2847"/>
                <TextEquiv>
                    <Unicode>nich selber nicht bewahrt,</Unicode>
                </TextEquiv>
            </TextLine>
            <TextLine id="r1l37" custom="readingOrder {index:36;}">
                <Coords points="129,2892 616,2896 616,2856 587,2849 453,2863 130,2852"/>
                <Baseline points="139,2885 165,2885 191,2885 217,2886 243,2886 269,2886 295,2886 321,2886 347,2886 373,2886 399,2886 425,2886 451,2886 477,2886 503,2886 529,2886 555,2886 581,2886 607,2886"/>
                <TextEquiv>
                    <Unicode>hnmußt' ich dann gehören.</Unicode>
                </TextEquiv>
            </TextLine>
            <TextLine id="r1l38" custom="readingOrder {index:37;}">
                <Coords points="140,2949 190,2929 270,2936 307,2955 388,2936 548,2947 548,2901 514,2906 493,2890 460,2901 140,2898"/>
                <Baseline points="149,2926 175,2926 201,2926 227,2926 253,2926 279,2926 305,2926 331,2926 357,2926 383,2926 409,2926 435,2926 461,2926 487,2925 513,2925 539,2924"/>
                <TextEquiv>
                    <Unicode>e, das bewahrte mich.</Unicode>
                </TextEquiv>
            </TextLine>
            <TextLine id="r1l39" custom="readingOrder {index:38;}">
                <Coords points="130,3030 392,3013 571,3033 618,3009 768,3035 945,3000 806,2958 300,2987 236,2952 204,2980 129,2968"/>
                <Baseline points="138,3011 177,3012 217,3013 257,3013 297,3013 337,3013 377,3013 417,3012 457,3012 497,3011 537,3011 576,3010 616,3010 656,3010 696,3009 736,3010 776,3010 816,3011 856,3012 896,3014 936,3016"/>
                <TextEquiv>
                    <Unicode>lligkeit, mit der dieser Triumph, die</Unicode>
                </TextEquiv>
            </TextLine>
            <TextLine id="r1l40" custom="readingOrder {index:39;}">
                <Coords points="131,3067 910,3072 941,3027 131,3031"/>
                <Baseline points="140,3060 179,3061 219,3062 258,3063 298,3063 338,3063 377,3064 417,3064 456,3064 496,3064 536,3063 575,3063 615,3063 654,3063 694,3063 734,3062 773,3062 813,3062 852,3062 892,3062 932,3063"/>
                <TextEquiv>
                    <Unicode>ler von anderen Frauen die erlittene</Unicode>
                </TextEquiv>
            </TextLine>
            <TextLine id="r1l41" custom="readingOrder {index:40;}">
                <Coords points="163,3114 940,3117 940,3082 897,3066 163,3076"/>
                <Baseline points="171,3110 209,3111 247,3112 285,3113 323,3113 361,3114 399,3114 437,3114 475,3114 513,3114 551,3114 589,3114 627,3114 665,3113 703,3113 741,3113 779,3113 817,3113 855,3113 893,3112 932,3113"/>
                <TextEquiv>
                    <Unicode>ausgesprochen wird, muten freilich</Unicode>
                </TextEquiv>
            </TextLine>
            <TextLine id="r1l42" custom="readingOrder {index:41;}">
                <Coords points="154,3172 159,3170 165,3171 167,3167 173,3162 184,3160 173,3114 166,3115 162,3120 155,3121 152,3124 144,3126"/>
                <Baseline points="160,3160 174,3157"/>
                <TextEquiv>
                    <Unicode>d</Unicode>
                </TextEquiv>
            </TextLine>
            <TextLine id="r1l43" custom="readingOrder {index:42;}">
                <Coords points="179,3160 291,3181 741,3160 838,3179 946,3152 930,3126 770,3113 534,3138 440,3116 179,3126"/>
                <Baseline points="187,3163 224,3164 262,3165 299,3166 337,3166 374,3166 412,3166 449,3166 487,3166 524,3166 562,3165 600,3165 637,3164 675,3164 712,3163 750,3163 787,3163 825,3163 862,3163 900,3163 938,3164"/>
                <TextEquiv>
                    <Unicode>spießbürgerlich an. Das Dogma</Unicode>
                </TextEquiv>
            </TextLine>
            <TextLine id="r1l44" custom="readingOrder {index:43;}">
                <Coords points="153,3213 958,3220 958,3185 904,3166 744,3166 686,3196 636,3167 440,3190 153,3169"/>
                <Baseline points="162,3207 201,3210 240,3212 279,3213 319,3214 358,3214 397,3214 437,3214 476,3214 515,3213 555,3213 594,3212 633,3212 672,3212 712,3212 751,3212 790,3213 830,3215 869,3217 908,3220 948,3223"/>
                <TextEquiv>
                    <Unicode>allzu willig anerkannt, ohne daß</Unicode>
                </TextEquiv>
            </TextLine>
            <TextLine id="r1l45" custom="readingOrder {index:44;}">
                <Coords points="135,3265 827,3265 827,3231 724,3230 700,3210 672,3229 483,3211 406,3232 293,3209 229,3230 135,3194"/>
                <Baseline points="144,3254 177,3255 211,3256 245,3257 278,3258 312,3258 346,3259 379,3259 413,3259 447,3260 481,3260 514,3260 548,3260 582,3260 615,3260 649,3260 683,3261 716,3261 750,3262 784,3263 818,3264"/>
                <TextEquiv>
                    <Unicode>hideten Wert gebunden würde.</Unicode>
                </TextEquiv>
            </TextLine>
            <TextLine id="r1l46" custom="readingOrder {index:45;}">
                <Coords points="145,3337 274,3317 941,3332 941,3301 907,3286 782,3268 145,3265"/>
                <Baseline points="153,3316 194,3316 235,3315 276,3315 317,3315 358,3315 399,3315 440,3315 481,3316 522,3316 563,3317 604,3317 645,3318 686,3318 727,3319 768,3320 809,3321 850,3322 891,3324 932,3325"/>
                <TextEquiv>
                    <Unicode>ich in argem Widerspruch die laxe</Unicode>
                </TextEquiv>
            </TextLine>
            <TextLine id="r1l47" custom="readingOrder {index:46;}">
                <Coords points="134,3370 477,3367 635,3390 863,3374 863,3337 818,3325 289,3319 218,3348 134,3327"/>
                <Baseline points="143,3367 178,3366 214,3366 249,3366 285,3366 320,3367 356,3367 391,3367 427,3368 462,3368 498,3368 534,3369 569,3369 605,3369 640,3369 676,3369 711,3369 747,3369 782,3369 818,3368 854,3367"/>
                <TextEquiv>
                    <Unicode>rch Schnitzlers Schriften streicht</Unicode>
                </TextEquiv>
            </TextLine>
            <TextLine id="r1l48" custom="readingOrder {index:47;}">
                <Coords points="136,3422 943,3430 943,3392 892,3375 607,3393 583,3373 136,3370"/>
                <Baseline points="144,3416 183,3416 223,3417 262,3417 302,3417 341,3418 381,3418 420,3418 460,3418 499,3417 539,3417 578,3417 618,3417 657,3417 697,3418 736,3418 776,3418 815,3419 855,3419 894,3420 934,3421"/>
                <TextEquiv>
                    <Unicode>ichen Figuren angeht, und die doch</Unicode>
                </TextEquiv>
            </TextLine>
            <TextLine id="r1l49" custom="readingOrder {index:48;}">
                <Coords points="168,3469 703,3497 961,3461 961,3437 854,3424 168,3432"/>
                <Baseline points="176,3465 214,3466 253,3468 292,3469 331,3471 370,3471 409,3472 447,3472 486,3472 525,3472 564,3472 603,3472 642,3472 681,3472 719,3472 758,3472 797,3472 836,3473 875,3474 914,3474 953,3476"/>
                <TextEquiv>
                    <Unicode>wenn sie einzig um höherer sitt¬</Unicode>
                </TextEquiv>
            </TextLine>
            <TextEquiv>
                <Unicode>1. Panphlets offorints
wissen, endet die Debatte mit einem
den Probleme ad absurdum geführt,
ben keine wahrhaft freie Frau, sie
iheraus, sie handelt nicht in einer
undenheit, sondern aus Trotz und
als ein aufrührerischer Sklave. Zu
en, gegen den sie sich empört, ist ihre
der gebüßt werden muß.
nerkt, daß der rastlos fortschreitende
Bühnenwerk, dem „Gang zum
freien Frau richtiger, tiefer erfaßt
t er an einem Bedenken fest, das
bine sämtlichen Alterswerke schlingt:
von der unrettbaren Labilität des
ler Frauen. Einmal gestört, ist es
dier dahin. Und darum wissen die
hen selbst, und empfangen von dort
ker vor sich selber. Schon Johanna
Furcht bewegt („Einsamer Weg“);
ie dem toten Gatten so lange die
n Knaben Fritz verloren, so weiß sie
beseligt zugleich, daß der Jüngling
ht ihr letzter Geliebter sein wird;
ärte Marcolina, deren erster Liebes¬
ligen wird, bald aus einem Männer¬
i wird; Anina („Die Schwestern")
emden Casanova geschenkten Nacht,
igen Tito einen Kuß, um dann er¬
n: „Was wird aus mir?“ Fräulein
ersuchteste von allen weiblichen Ge¬
dem ersten Schritt aus der bürger¬
hinaus schon den Anfang eines
keusch gebliebene Anselma von
eiher“) weiß und bekennt von sich:
nich selber nicht bewahrt,
hnmußt' ich dann gehören.
e, das bewahrte mich.
lligkeit, mit der dieser Triumph, die
ler von anderen Frauen die erlittene
ausgesprochen wird, muten freilich
d
spießbürgerlich an. Das Dogma
allzu willig anerkannt, ohne daß
hideten Wert gebunden würde.
ich in argem Widerspruch die laxe
rch Schnitzlers Schriften streicht
ichen Figuren angeht, und die doch
wenn sie einzig um höherer sitt¬</Unicode>
            </TextEquiv>
        </TextRegion>
        <TextRegion orientation="0.0" id="r2" custom="readingOrder {index:1;}">
            <Coords points="1285,166 1285,4190 2684,4190 2684,166"/>
            <TextLine id="r2l1" custom="readingOrder {index:0;}">
                <Coords points="1909,219 1994,225 2061,201 2168,221 2190,206 2256,216 2361,199 2360,169 2311,161 2244,180 2138,169 2066,182 1997,164 1908,181"/>
                <Baseline points="1917,196 1942,197 1968,199 1993,199 2019,200 2044,200 2070,201 2095,201 2121,201 2146,200 2172,199 2197,199 2223,198 2248,197 2274,195 2299,194 2325,193 2351,191"/>
                <TextEquiv>
                    <Unicode>—.—</Unicode>
                </TextEquiv>
            </TextLine>
            <TextLine id="r2l2" custom="readingOrder {index:1;}">
                <Coords points="1469,311 1521,317 1544,303 1606,317 1664,294 1714,319 1742,307 1792,326 1874,319 1926,293 1926,246 1900,262 1832,237 1791,254 1709,247 1665,277 1605,247 1547,261 1498,238 1469,252"/>
                <Baseline points="1477,300 1502,300 1528,300 1554,300 1580,300 1606,301 1632,301 1658,302 1684,302 1710,303 1736,303 1762,303 1788,303 1814,303 1840,302 1866,300 1892,299 1918,296"/>
                <TextEquiv>
                    <Unicode>box 36/6</Unicode>
                </TextEquiv>
            </TextLine>
            <TextLine id="r2l3" custom="readingOrder {index:2;}">
                <Coords points="1300,1123 2614,1141 2685,1124 2686,1075 2056,1106 1947,1069 1300,1073"/>
                <Baseline points="1308,1121 1376,1122 1444,1122 1513,1123 1581,1124 1650,1125 1718,1126 1786,1127 1855,1127 1923,1128 1992,1129 2060,1129 2128,1130 2197,1130 2265,1130 2334,1129 2402,1129 2470,1128 2539,1126 2607,1125 2676,1123"/>
                <TextEquiv>
                    <Unicode>licher Pflichten und Taten willen geduldet würde. Auch das</Unicode>
                </TextEquiv>
            </TextLine>
            <TextLine id="r2l4" custom="readingOrder {index:3;}">
                <Coords points="1289,1178 2664,1177 2664,1134 2571,1131 1289,1133"/>
                <Baseline points="1297,1170 1368,1171 1440,1171 1511,1172 1583,1173 1654,1174 1726,1175 1797,1176 1869,1177 1940,1178 2012,1179 2083,1179 2155,1180 2226,1180 2298,1180 2369,1180 2441,1179 2512,1179 2584,1178 2656,1177"/>
                <TextEquiv>
                    <Unicode>hat ja Schnitzler gelegentlich versucht, etwa im „Einsamen Weg“</Unicode>
                </TextEquiv>
            </TextLine>
            <TextLine id="r2l5" custom="readingOrder {index:4;}">
                <Coords points="1289,1227 2562,1245 2691,1185 1289,1179"/>
                <Baseline points="1298,1217 1367,1219 1436,1222 1505,1224 1574,1225 1644,1227 1713,1228 1782,1230 1851,1231 1920,1231 1990,1232 2059,1232 2128,1232 2197,1232 2266,1232 2336,1232 2405,1231 2474,1230 2543,1229 2612,1228 2682,1226"/>
                <TextEquiv>
                    <Unicode>mit dem Vaterproblem. Im allgemeinen aber gibt und gönnt</Unicode>
                </TextEquiv>
            </TextLine>
            <TextLine id="r2l6" custom="readingOrder {index:5;}">
                <Coords points="1283,1266 2681,1291 2681,1237 2636,1232 1283,1233"/>
                <Baseline points="1291,1270 1360,1271 1429,1272 1498,1274 1567,1275 1636,1276 1705,1277 1774,1278 1843,1279 1912,1280 1982,1280 2051,1281 2120,1281 2189,1281 2258,1281 2327,1280 2396,1279 2465,1278 2534,1277 2603,1275 2673,1273"/>
                <TextEquiv>
                    <Unicode>er seinen männlichen Helden den bequemen Latitudinarism</Unicode>
                </TextEquiv>
            </TextLine>
            <TextLine id="r2l7" custom="readingOrder {index:6;}">
                <Coords points="1288,1322 2505,1355 2682,1329 2683,1291 1288,1285"/>
                <Baseline points="1297,1317 1365,1319 1434,1320 1503,1322 1572,1323 1641,1323 1710,1324 1778,1324 1847,1325 1916,1325 1985,1325 2054,1325 2123,1325 2192,1326 2260,1326 2329,1326 2398,1326 2467,1326 2536,1327 2605,1327 2674,1328"/>
                <TextEquiv>
                    <Unicode>des Libertins: möglichst geringe Störung des Vergnügens</Unicode>
                </TextEquiv>
            </TextLine>
            <TextLine id="r2l8" custom="readingOrder {index:7;}">
                <Coords points="1295,1369 1613,1393 2244,1375 2185,1331 1295,1325"/>
                <Baseline points="1304,1370 1350,1370 1397,1371 1443,1372 1490,1372 1537,1373 1583,1373 1630,1374 1676,1374 1723,1374 1770,1375 1816,1375 1863,1375 1909,1376 1956,1376 2003,1376 2049,1376 2096,1376 2142,1376 2189,1376 2236,1376"/>
                <TextEquiv>
                    <Unicode>ist das Prinzip dieser gefälligen Moral.</Unicode>
                </TextEquiv>
            </TextLine>
            <TextLine id="r2l9" custom="readingOrder {index:8;}">
                <Coords points="1389,1431 2436,1453 2645,1445 2689,1393 1390,1380"/>
                <Baseline points="1398,1423 1462,1425 1526,1426 1590,1428 1654,1429 1718,1430 1782,1431 1846,1432 1910,1433 1974,1433 2039,1434 2103,1434 2167,1434 2231,1434 2295,1434 2359,1433 2423,1433 2487,1432 2551,1431 2615,1430 2680,1429"/>
                <TextEquiv>
                    <Unicode>Mit einem erstaunlichen Mangel an Stilgefühl hat Arthur</Unicode>
                </TextEquiv>
            </TextLine>
            <TextLine id="r2l10" custom="readingOrder {index:9;}">
                <Coords points="1291,1478 2647,1498 2692,1442 1291,1445"/>
                <Baseline points="1299,1477 1368,1477 1437,1477 1506,1478 1576,1478 1645,1479 1714,1480 1783,1480 1853,1481 1922,1482 1991,1483 2060,1484 2130,1484 2199,1485 2268,1485 2337,1485 2407,1485 2476,1485 2545,1484 2614,1484 2684,1483"/>
                <TextEquiv>
                    <Unicode>Schnitzler neben die pathetische und düster=strenge Tragödie</Unicode>
                </TextEquiv>
            </TextLine>
            <TextLine id="r2l11" custom="readingOrder {index:10;}">
                <Coords points="1291,1527 2541,1556 2687,1531 2688,1489 1291,1491"/>
                <Baseline points="1299,1529 1368,1527 1437,1527 1506,1526 1575,1526 1644,1527 1713,1527 1782,1528 1851,1529 1920,1530 1989,1531 2058,1532 2127,1533 2196,1534 2265,1534 2334,1535 2403,1535 2472,1535 2541,1534 2610,1533 2679,1532"/>
                <TextEquiv>
                    <Unicode>von Aureliens und Falkenirs verhängnisvoller Prüfung den</Unicode>
                </TextEquiv>
            </TextLine>
            <TextLine id="r2l12" custom="readingOrder {index:11;}">
                <Coords points="1294,1581 2688,1592 2671,1538 1294,1537"/>
                <Baseline points="1302,1574 1370,1574 1439,1574 1508,1575 1577,1576 1646,1577 1715,1577 1784,1578 1853,1579 1922,1580 1991,1581 2059,1581 2128,1582 2197,1582 2266,1583 2335,1582 2404,1582 2473,1581 2542,1580 2611,1579 2680,1577"/>
                <TextEquiv>
                    <Unicode>unbeschwerten Leichtsinn und die seelenlose Heiterkeit eines</Unicode>
                </TextEquiv>
            </TextLine>
            <TextLine id="r2l13" custom="readingOrder {index:12;}">
                <Coords points="1299,1641 2683,1624 2615,1585 1299,1585"/>
                <Baseline points="1308,1621 1376,1621 1444,1622 1512,1622 1581,1623 1649,1624 1717,1624 1786,1625 1854,1626 1922,1627 1991,1627 2059,1628 2127,1628 2195,1629 2264,1629 2332,1629 2400,1629 2469,1629 2537,1629 2605,1628 2674,1627"/>
                <TextEquiv>
                    <Unicode>solchen moralisch „bewußtlosen“ Libertins gefügt: die Geschichte</Unicode>
                </TextEquiv>
            </TextLine>
            <TextLine id="r2l14" custom="readingOrder {index:13;}">
                <Coords points="1291,1677 2687,1678 2644,1635 1291,1644"/>
                <Baseline points="1300,1675 1368,1675 1437,1675 1506,1675 1575,1676 1644,1676 1713,1677 1782,1677 1851,1678 1920,1678 1989,1679 2057,1679 2126,1680 2195,1680 2264,1681 2333,1681 2402,1681 2471,1681 2540,1682 2609,1682 2678,1681"/>
                <TextEquiv>
                    <Unicode>vom schönen Max und den drei Jungfrauen, die eigentliche</Unicode>
                </TextEquiv>
            </TextLine>
            <TextLine id="r2l15" custom="readingOrder {index:14;}">
                <Coords points="1294,1726 2066,1737 2066,1698 1827,1678 1294,1689"/>
                <Baseline points="1302,1719 1339,1719 1377,1719 1415,1719 1453,1720 1491,1720 1528,1720 1566,1720 1604,1721 1642,1721 1680,1722 1717,1722 1755,1723 1793,1723 1831,1724 1869,1725 1906,1726 1944,1727 1982,1728 2020,1728 2058,1730"/>
                <TextEquiv>
                    <Unicode>Komödie der Verführung.</Unicode>
                </TextEquiv>
            </TextLine>
            <TextLine id="r2l16" custom="readingOrder {index:15;}">
                <Coords points="1386,1778 1841,1807 2685,1776 2641,1737 1386,1735"/>
                <Baseline points="1394,1777 1458,1779 1522,1780 1586,1782 1650,1783 1714,1784 1778,1785 1842,1785 1906,1786 1970,1786 2035,1786 2099,1787 2163,1787 2227,1787 2291,1787 2355,1787 2419,1787 2483,1787 2547,1787 2611,1786 2676,1786"/>
                <TextEquiv>
                    <Unicode>Aus dem dicht gestopften Koffer der Handlung dieses</Unicode>
                </TextEquiv>
            </TextLine>
            <TextLine id="r2l17" custom="readingOrder {index:16;}">
                <Coords points="1290,1833 2688,1833 2688,1791 1290,1791"/>
                <Baseline points="1298,1828 1367,1829 1436,1831 1505,1832 1574,1833 1643,1834 1712,1835 1781,1836 1850,1836 1919,1837 1989,1837 2058,1838 2127,1838 2196,1838 2265,1838 2334,1838 2403,1838 2472,1837 2541,1837 2610,1837 2680,1836"/>
                <TextEquiv>
                    <Unicode>Dramas ist vorhin nur ein Teil ausgepackt worden, kaum</Unicode>
                </TextEquiv>
            </TextLine>
            <TextLine id="r2l18" custom="readingOrder {index:17;}">
                <Coords points="1293,1891 2688,1899 2648,1843 1294,1833"/>
                <Baseline points="1302,1881 1370,1881 1439,1881 1508,1882 1577,1882 1646,1883 1715,1883 1783,1884 1852,1885 1921,1885 1990,1886 2059,1887 2128,1887 2197,1887 2265,1888 2334,1888 2403,1888 2472,1888 2541,1887 2610,1887 2679,1886"/>
                <TextEquiv>
                    <Unicode>die Hälfte. So muß denn nachgeholt werden, daß Max von</Unicode>
                </TextEquiv>
            </TextLine>
            <TextLine id="r2l19" custom="readingOrder {index:18;}">
                <Coords points="1293,1928 2688,1931 2688,1898 2453,1887 1294,1895"/>
                <Baseline points="1303,1932 1371,1932 1440,1932 1509,1932 1578,1932 1647,1932 1716,1933 1784,1933 1853,1934 1922,1934 1991,1934 2060,1935 2129,1935 2198,1936 2266,1936 2335,1936 2404,1936 2473,1936 2542,1936 2611,1935 2680,1935"/>
                <TextEquiv>
                    <Unicode>Reifenberg auf dem Frühlingsfeste nicht nur Aurelie kennen</Unicode>
                </TextEquiv>
            </TextLine>
            <TextLine id="r2l20" custom="readingOrder {index:19;}">
                <Coords points="1293,1983 2484,2002 2678,1991 2679,1958 1293,1934"/>
                <Baseline points="1301,1980 1369,1980 1437,1980 1506,1981 1574,1981 1643,1981 1711,1981 1779,1981 1848,1982 1916,1982 1985,1983 2053,1983 2121,1983 2190,1984 2258,1984 2327,1985 2395,1985 2463,1986 2532,1987 2600,1987 2669,1988"/>
                <TextEquiv>
                    <Unicode>lernt, sondern auch die hübsche Geigerin Seraphine Fenz, in</Unicode>
                </TextEquiv>
            </TextLine>
            <TextLine id="r2l21" custom="readingOrder {index:20;}">
                <Coords points="1287,2022 2676,2032 2676,1997 2523,1985 1287,1989"/>
                <Baseline points="1295,2026 1363,2027 1432,2028 1500,2028 1569,2029 1638,2029 1706,2030 1775,2030 1844,2031 1912,2031 1981,2031 2050,2032 2118,2032 2187,2032 2256,2033 2324,2033 2393,2034 2462,2035 2530,2035 2599,2036 2668,2037"/>
                <TextEquiv>
                    <Unicode>die er sich gleichfalls verliebt, und daneben ist in seinem</Unicode>
                </TextEquiv>
            </TextLine>
            <TextLine id="r2l22" custom="readingOrder {index:21;}">
                <Coords points="1287,2090 2683,2079 2610,2036 1287,2045"/>
                <Baseline points="1295,2080 1367,2080 1440,2080 1512,2081 1585,2081 1657,2081 1730,2081 1803,2081 1875,2081 1948,2081 2020,2081 2093,2081 2165,2081 2238,2082 2311,2082 2383,2082 2456,2083 2528,2083 2601,2084 2674,2085"/>
                <TextEquiv>
                    <Unicode>Herzen auch noch Platz für die rätselhafte Judith Asrael, die,</Unicode>
                </TextEquiv>
            </TextLine>
            <TextLine id="r2l23" custom="readingOrder {index:22;}">
                <Coords points="1294,2133 2553,2151 2683,2097 1294,2101"/>
                <Baseline points="1302,2132 1370,2131 1439,2130 1507,2129 1576,2129 1645,2129 1713,2129 1782,2129 1851,2129 1919,2130 1988,2130 2057,2131 2125,2131 2194,2132 2263,2132 2331,2132 2400,2132 2469,2131 2537,2130 2606,2129 2675,2128"/>
                <TextEquiv>
                    <Unicode>aus unerwiderter Liebe zu ihrem an eine dirnenhafte Frau</Unicode>
                </TextEquiv>
            </TextLine>
            <TextLine id="r2l24" custom="readingOrder {index:23;}">
                <Coords points="1292,2177 2681,2178 2645,2135 1292,2138"/>
                <Baseline points="1301,2178 1369,2178 1438,2177 1506,2177 1575,2177 1644,2178 1712,2178 1781,2178 1849,2178 1918,2179 1987,2179 2055,2179 2124,2180 2192,2180 2261,2180 2330,2180 2398,2180 2467,2180 2535,2180 2604,2180 2673,2179"/>
                <TextEquiv>
                    <Unicode>in unseliger Hörigkeit gebundenen Schwager, ihren jungen Leib</Unicode>
                </TextEquiv>
            </TextLine>
            <TextLine id="r2l25" custom="readingOrder {index:24;}">
                <Coords points="1295,2236 2672,2232 2672,2187 1295,2182"/>
                <Baseline points="1303,2231 1371,2230 1439,2229 1507,2229 1575,2228 1643,2228 1711,2228 1779,2228 1847,2228 1915,2228 1983,2228 2051,2228 2119,2228 2187,2228 2255,2228 2323,2228 2391,2228 2459,2228 2527,2228 2595,2227 2664,2227"/>
                <TextEquiv>
                    <Unicode>hinwersen und Kokotte werden will. Und dieser unwider¬</Unicode>
                </TextEquiv>
            </TextLine>
            <TextLine id="r2l26" custom="readingOrder {index:25;}">
                <Coords points="1292,2291 2686,2267 2601,2232 1292,2240"/>
                <Baseline points="1300,2277 1368,2278 1437,2278 1506,2278 1575,2278 1644,2278 1713,2278 1782,2278 1851,2278 1920,2277 1989,2277 2057,2277 2126,2277 2195,2277 2264,2276 2333,2276 2402,2277 2471,2277 2540,2277 2609,2278 2678,2279"/>
                <TextEquiv>
                    <Unicode>stehliche Max pflückt die drei Jungfrauenblüten eine nach der</Unicode>
                </TextEquiv>
            </TextLine>
            <TextLine id="r2l27" custom="readingOrder {index:26;}">
                <Coords points="1285,2322 2443,2344 2684,2318 2684,2271 1285,2301"/>
                <Baseline points="1294,2324 1363,2324 1432,2325 1501,2325 1570,2325 1639,2325 1708,2325 1777,2326 1846,2326 1915,2326 1984,2326 2053,2326 2122,2326 2191,2326 2260,2326 2329,2326 2398,2325 2467,2324 2536,2324 2605,2323 2675,2321"/>
                <TextEquiv>
                    <Unicode>andern. Aber beileibe nicht, weil er ein dämonischer Ver¬</Unicode>
                </TextEquiv>
            </TextLine>
            <TextLine id="r2l28" custom="readingOrder {index:27;}">
                <Coords points="1291,2385 2677,2379 2677,2341 2549,2324 1292,2338"/>
                <Baseline points="1301,2375 1369,2375 1437,2375 1506,2375 1574,2375 1642,2376 1711,2376 1779,2376 1847,2377 1916,2377 1984,2377 2052,2377 2121,2377 2189,2377 2257,2377 2326,2377 2394,2377 2462,2377 2531,2376 2599,2375 2668,2374"/>
                <TextEquiv>
                    <Unicode>führer ist, dem alle Frauen zufallen müssen. Sein Teil ist</Unicode>
                </TextEquiv>
            </TextLine>
            <TextLine id="r2l29" custom="readingOrder {index:28;}">
                <Coords points="1287,2426 2689,2416 2657,2380 1287,2381"/>
                <Baseline points="1296,2425 1365,2424 1434,2424 1503,2423 1572,2423 1642,2423 1711,2423 1780,2423 1849,2423 1918,2423 1988,2424 2057,2424 2126,2424 2195,2424 2264,2424 2334,2424 2403,2424 2472,2424 2541,2424 2610,2424 2680,2424"/>
                <TextEquiv>
                    <Unicode>ein im Grunde klägliches Glück. Er wird genommen, er nimmt</Unicode>
                </TextEquiv>
            </TextLine>
            <TextLine id="r2l30" custom="readingOrder {index:29;}">
                <Coords points="1291,2485 2671,2472 2614,2427 2226,2458 1291,2426"/>
                <Baseline points="1299,2472 1367,2472 1435,2472 1503,2472 1571,2472 1640,2473 1708,2473 1776,2473 1844,2473 1912,2473 1981,2474 2049,2474 2117,2474 2185,2474 2253,2474 2322,2474 2390,2474 2458,2474 2526,2474 2594,2474 2663,2474"/>
                <TextEquiv>
                    <Unicode>nicht; er darf diese Mädchen genießen, aber er besitzt sie</Unicode>
                </TextEquiv>
            </TextLine>
            <TextLine id="r2l31" custom="readingOrder {index:30;}">
                <Coords points="1292,2515 2687,2521 2636,2479 1292,2489"/>
                <Baseline points="1300,2522 1368,2521 1437,2521 1506,2521 1575,2521 1644,2521 1713,2521 1782,2521 1851,2521 1920,2522 1989,2522 2057,2522 2126,2522 2195,2523 2264,2523 2333,2523 2402,2523 2471,2523 2540,2523 2609,2523 2678,2523"/>
                <TextEquiv>
                    <Unicode>nicht. Wenn sonst bei Schnitzler den ebenso strahlenden wie</Unicode>
                </TextEquiv>
            </TextLine>
            <TextLine id="r2l32" custom="readingOrder {index:31;}">
                <Coords points="1283,2581 2685,2572 2666,2533 2511,2526 1284,2538"/>
                <Baseline points="1292,2575 1361,2574 1430,2573 1499,2572 1568,2572 1638,2571 1707,2571 1776,2571 1845,2571 1914,2571 1984,2571 2053,2571 2122,2572 2191,2572 2260,2573 2330,2573 2399,2574 2468,2574 2537,2575 2606,2576 2676,2576"/>
                <TextEquiv>
                    <Unicode>gewissenlosen Genießern in gianzlos nüchterner Erscheinung</Unicode>
                </TextEquiv>
            </TextLine>
            <TextLine id="r2l33" custom="readingOrder {index:32;}">
                <Coords points="1279,2615 2678,2630 2678,2578 1279,2592"/>
                <Baseline points="1288,2624 1357,2623 1426,2623 1495,2623 1564,2622 1633,2622 1702,2622 1771,2621 1840,2621 1909,2621 1979,2621 2048,2621 2117,2620 2186,2621 2255,2621 2324,2621 2393,2621 2462,2622 2531,2623 2600,2624 2670,2625"/>
                <TextEquiv>
                    <Unicode>bescheidene Gestalten zur Seite stehen, „anständige“ Menschen,</Unicode>
                </TextEquiv>
            </TextLine>
            <TextLine id="r2l34" custom="readingOrder {index:33;}">
                <Coords points="1280,2669 2480,2695 2644,2687 2685,2630 1280,2636"/>
                <Baseline points="1289,2673 1358,2673 1427,2672 1497,2672 1566,2672 1635,2672 1705,2671 1774,2671 1843,2670 1913,2670 1982,2670 2051,2670 2121,2669 2190,2669 2259,2669 2329,2669 2398,2670 2467,2670 2537,2671 2606,2672 2676,2673"/>
                <TextEquiv>
                    <Unicode>die den einförmigen Pfad der Pflicht und Selbstaufopferung</Unicode>
                </TextEquiv>
            </TextLine>
            <TextLine id="r2l35" custom="readingOrder {index:34;}">
                <Coords points="1288,2720 2686,2728 2655,2683 2519,2675 1288,2684"/>
                <Baseline points="1298,2721 1367,2721 1436,2721 1505,2720 1574,2720 1643,2720 1712,2720 1781,2720 1850,2720 1919,2720 1988,2720 2057,2720 2126,2720 2195,2720 2264,2720 2333,2719 2402,2719 2471,2719 2540,2718 2609,2718 2678,2717"/>
                <TextEquiv>
                    <Unicode>wandeln und an deren treues Herz die liebemüden Frauen</Unicode>
                </TextEquiv>
            </TextLine>
            <TextLine id="r2l36" custom="readingOrder {index:35;}">
                <Coords points="1291,2772 2585,2783 2675,2773 2675,2733 1291,2736"/>
                <Baseline points="1300,2770 1368,2769 1436,2768 1505,2768 1573,2768 1641,2768 1710,2768 1778,2768 1846,2768 1915,2768 1983,2768 2051,2768 2120,2768 2188,2768 2256,2768 2325,2768 2393,2767 2461,2767 2530,2766 2598,2765 2667,2763"/>
                <TextEquiv>
                    <Unicode>aus den Unwettern der Leidenschaft sich heimretten — hier</Unicode>
                </TextEquiv>
            </TextLine>
            <TextLine id="r2l37" custom="readingOrder {index:36;}">
                <Coords points="1289,2826 2553,2834 2682,2785 1289,2787"/>
                <Baseline points="1297,2819 1365,2818 1434,2818 1503,2818 1572,2817 1641,2817 1709,2817 1778,2817 1847,2817 1916,2817 1985,2817 2053,2817 2122,2817 2191,2817 2260,2817 2329,2816 2397,2816 2466,2815 2535,2815 2604,2814 2673,2813"/>
                <TextEquiv>
                    <Unicode>sind die Nollen einmal umgekehrt verteilt: „Don Juan“ spielt</Unicode>
                </TextEquiv>
            </TextLine>
            <TextLine id="r2l38" custom="readingOrder {index:37;}">
                <Coords points="1288,2864 2685,2869 2685,2832 2605,2820 1288,2825"/>
                <Baseline points="1297,2869 1369,2868 1442,2868 1514,2867 1587,2867 1659,2866 1732,2866 1805,2866 1877,2866 1950,2866 2022,2865 2095,2866 2167,2866 2240,2866 2313,2866 2385,2867 2458,2867 2530,2868 2603,2868 2676,2869"/>
                <TextEquiv>
                    <Unicode>die lächerliche und „Brackenburgs Vetter“ die pathetische. Ja,</Unicode>
                </TextEquiv>
            </TextLine>
            <TextLine id="r2l39" custom="readingOrder {index:38;}">
                <Coords points="1283,2918 2676,2923 2639,2876 1283,2883"/>
                <Baseline points="1292,2919 1360,2918 1429,2917 1498,2916 1567,2915 1635,2915 1704,2915 1773,2915 1842,2915 1910,2915 1979,2915 2048,2915 2117,2915 2185,2915 2254,2916 2323,2916 2392,2916 2460,2917 2529,2917 2598,2917 2667,2917"/>
                <TextEquiv>
                    <Unicode>hier ist der Don Juan Max der eigentliche Brackenburg, an</Unicode>
                </TextEquiv>
            </TextLine>
            <TextLine id="r2l40" custom="readingOrder {index:39;}">
                <Coords points="1291,2974 2680,2957 2584,2917 1291,2918"/>
                <Baseline points="1300,2967 1368,2966 1437,2965 1505,2964 1574,2963 1643,2963 1711,2963 1780,2963 1848,2963 1917,2963 1986,2963 2054,2964 2123,2964 2191,2964 2260,2965 2329,2965 2397,2965 2466,2965 2534,2965 2603,2965 2672,2964"/>
                <TextEquiv>
                    <Unicode>sein leichtes Herz flüchten aus tiefer Erschütterung durch den</Unicode>
                </TextEquiv>
            </TextLine>
            <TextLine id="r2l41" custom="readingOrder {index:40;}">
                <Coords points="1284,3008 2498,3031 2689,2975 1284,2979"/>
                <Baseline points="1293,3017 1362,3015 1431,3014 1501,3013 1570,3012 1639,3011 1709,3011 1778,3011 1847,3011 1917,3011 1986,3012 2055,3012 2125,3013 2194,3013 2263,3014 2333,3014 2402,3015 2471,3015 2541,3015 2610,3015 2680,3015"/>
                <TextEquiv>
                    <Unicode>wahrhaft Geliebten sowohl Aurelie wie Judith, suchen im</Unicode>
                </TextEquiv>
            </TextLine>
            <TextLine id="r2l42" custom="readingOrder {index:41;}">
                <Coords points="1289,3063 2684,3064 2633,3022 1289,3016"/>
                <Baseline points="1298,3064 1366,3063 1435,3063 1504,3063 1573,3063 1642,3062 1711,3062 1779,3062 1848,3062 1917,3062 1986,3062 2055,3061 2124,3061 2193,3061 2261,3061 2330,3061 2399,3061 2468,3061 2537,3061 2606,3061 2675,3061"/>
                <TextEquiv>
                    <Unicode>leichten Liebesspiel mit ihm Vergessen schwerer Seelennot.</Unicode>
                </TextEquiv>
            </TextLine>
            <TextLine id="r2l43" custom="readingOrder {index:42;}">
                <Coords points="1290,3104 2471,3133 2634,3124 2679,3064 1290,3078"/>
                <Baseline points="1298,3113 1366,3113 1435,3112 1503,3112 1572,3112 1641,3112 1709,3112 1778,3112 1846,3113 1915,3113 1984,3113 2052,3113 2121,3114 2189,3114 2258,3114 2327,3114 2395,3113 2464,3113 2532,3113 2601,3112 2670,3111"/>
                <TextEquiv>
                    <Unicode>Er ist im geringsten nicht unheimlich und gefährlich, nicht</Unicode>
                </TextEquiv>
            </TextLine>
            <TextLine id="r2l44" custom="readingOrder {index:43;}">
                <Coords points="1280,3163 2525,3181 2674,3121 1280,3123"/>
                <Baseline points="1289,3165 1357,3165 1426,3164 1495,3164 1564,3163 1633,3163 1702,3163 1770,3163 1839,3162 1908,3162 1977,3162 2046,3162 2115,3162 2184,3162 2252,3161 2321,3161 2390,3161 2459,3160 2528,3160 2597,3159 2666,3159"/>
                <TextEquiv>
                    <Unicode>einmal Seraphine nimmt ihn ernst, er flößt keine Leiden¬</Unicode>
                </TextEquiv>
            </TextLine>
            <TextLine id="r2l45" custom="readingOrder {index:44;}">
                <Coords points="2521,3209 2577,3218 2600,3209 2608,3218 2624,3217 2654,3228 2688,3208 2688,3175 2665,3179 2638,3157 2596,3174 2577,3171 2552,3180 2544,3173 2539,3178 2521,3176"/>
                <Baseline points="2530,3207 2555,3207 2580,3206 2605,3206 2630,3206 2655,3206 2680,3207"/>
                <TextEquiv>
                    <Unicode>er ist</Unicode>
                </TextEquiv>
            </TextLine>
            <TextLine id="r2l46" custom="readingOrder {index:45;}">
                <Coords points="2475,3219 2484,3218 2487,3215 2497,3219 2503,3214 2509,3203 2511,3205 2525,3200 2518,3170 2506,3172 2500,3168 2495,3171 2487,3165 2478,3173 2466,3175"/>
                <Baseline points="2482,3212 2516,3205"/>
                <TextEquiv>
                    <Unicode>—</Unicode>
                </TextEquiv>
            </TextLine>
            <TextLine id="r2l47" custom="readingOrder {index:46;}">
                <Coords points="1277,3208 2472,3211 2435,3165 1277,3176"/>
                <Baseline points="1286,3214 1344,3214 1403,3214 1462,3214 1521,3214 1580,3214 1639,3213 1697,3213 1756,3212 1815,3212 1874,3211 1933,3211 1992,3210 2051,3210 2109,3210 2168,3209 2227,3209 2286,3209 2345,3209 2404,3209 2463,3209"/>
                <TextEquiv>
                    <Unicode>schaften ein, bedeutet für keine Frau ein Verhängnis</Unicode>
                </TextEquiv>
            </TextLine>
            <TextLine id="r2l48" custom="readingOrder {index:47;}">
                <Coords points="1282,3264 2689,3265 2600,3210 1282,3220"/>
                <Baseline points="1291,3260 1360,3261 1430,3261 1499,3261 1569,3261 1638,3261 1708,3261 1777,3261 1847,3260 1916,3260 1986,3259 2055,3259 2125,3258 2194,3258 2264,3257 2333,3257 2403,3257 2472,3257 2542,3257 2611,3257 2681,3257"/>
                <TextEquiv>
                    <Unicode>eine angenehme Sache mehr denn ein Mensch, ein Mann. Die</Unicode>
                </TextEquiv>
            </TextLine>
            <TextLine id="r2l49" custom="readingOrder {index:48;}">
                <Coords points="2444,3312 2514,3318 2535,3302 2566,3324 2597,3310 2632,3323 2651,3307 2677,3306 2678,3264 2648,3269 2613,3260 2605,3267 2568,3258 2524,3276 2504,3262 2484,3272 2445,3265"/>
                <Baseline points="2452,3304 2479,3306 2506,3307 2533,3308 2560,3308 2587,3308 2614,3308 2641,3308 2668,3307"/>
                <TextEquiv>
                    <Unicode>wie sonst</Unicode>
                </TextEquiv>
            </TextLine>
            <TextLine id="r2l50" custom="readingOrder {index:49;}">
                <Coords points="1284,3321 2240,3325 2341,3318 2341,3261 1541,3265 1482,3293 1284,3266"/>
                <Baseline points="1292,3310 1344,3310 1396,3309 1448,3309 1500,3308 1552,3308 1604,3308 1656,3308 1708,3308 1760,3309 1812,3309 1864,3309 1916,3309 1968,3309 2020,3309 2072,3309 2124,3309 2176,3308 2228,3308 2280,3307 2333,3306"/>
                <TextEquiv>
                    <Unicode>Frauen nehmen ihn hin zu flüchtigem Genuß</Unicode>
                </TextEquiv>
            </TextLine>
            <TextLine id="r2l51" custom="readingOrder {index:50;}">
                <Coords points="1287,3366 2592,3372 2674,3363 2674,3312 1286,3320"/>
                <Baseline points="1295,3359 1363,3358 1432,3357 1500,3356 1569,3356 1637,3355 1706,3355 1774,3354 1843,3354 1911,3354 1980,3354 2048,3354 2117,3353 2185,3353 2254,3353 2322,3353 2391,3353 2459,3352 2528,3352 2596,3351 2665,3351"/>
                <TextEquiv>
                    <Unicode>der Mann ein Dirnchen nehmen mag. Tatsächlich äußert der</Unicode>
                </TextEquiv>
            </TextLine>
            <TextLine id="r2l52" custom="readingOrder {index:51;}">
                <Coords points="1288,3400 2686,3408 2571,3357 1288,3374"/>
                <Baseline points="1297,3405 1366,3406 1435,3406 1504,3406 1573,3406 1642,3406 1711,3406 1780,3406 1849,3405 1918,3405 1987,3404 2056,3404 2125,3404 2194,3403 2263,3403 2332,3403 2401,3403 2470,3403 2539,3404 2608,3404 2677,3405"/>
                <TextEquiv>
                    <Unicode>Raisonneur des Stücks, der Dichter Ambros Doehl, Worte</Unicode>
                </TextEquiv>
            </TextLine>
            <TextLine id="r2l53" custom="readingOrder {index:52;}">
                <Coords points="1277,3464 2569,3488 2676,3423 1276,3424"/>
                <Baseline points="1285,3457 1354,3459 1423,3461 1492,3462 1561,3462 1630,3463 1699,3463 1768,3462 1837,3462 1906,3461 1976,3461 2045,3460 2114,3459 2183,3458 2252,3457 2321,3456 2390,3455 2459,3454 2528,3454 2597,3453 2667,3453"/>
                <TextEquiv>
                    <Unicode>über ihn, die sonst nur von gefälligen Frauen gesagt werden:</Unicode>
                </TextEquiv>
            </TextLine>
            <TextLine id="r2l54" custom="readingOrder {index:53;}">
                <Coords points="2518,3575 2527,3575 2532,3580 2552,3569 2572,3584 2581,3584 2589,3577 2625,3572 2627,3511 2615,3510 2599,3519 2590,3518 2578,3509 2562,3507 2552,3508 2543,3517 2534,3514 2529,3519 2520,3519"/>
                <Baseline points="2528,3559 2557,3559 2586,3559 2616,3563"/>
                <TextEquiv>
                    <Unicode>11</Unicode>
                </TextEquiv>
            </TextLine>
            <TextLine id="r2l55" custom="readingOrder {index:54;}">
                <Coords points="1943,3862 1957,3862 1967,3870 1979,3869 1984,3875 1992,3875 2000,3768 1949,3764"/>
                <Baseline points="1953,3841 1986,3843"/>
                <TextEquiv>
                    <Unicode></Unicode>
                </TextEquiv>
            </TextLine>
            <TextLine id="r2l56" custom="readingOrder {index:55;}">
                <Coords points="2513,4175 2526,4175 2534,4184 2576,4184 2592,4178 2599,4182 2611,4175 2635,4173 2663,4175 2663,4117 2630,4107 2612,4110 2592,4128 2574,4126 2564,4135 2529,4128 2513,4131"/>
                <Baseline points="2522,4175 2548,4177 2575,4177 2601,4176 2628,4175 2655,4178"/>
                <TextEquiv>
                    <Unicode>L</Unicode>
                </TextEquiv>
            </TextLine>
            <TextEquiv>
                <Unicode>—.—
box 36/6
licher Pflichten und Taten willen geduldet würde. Auch das
hat ja Schnitzler gelegentlich versucht, etwa im „Einsamen Weg“
mit dem Vaterproblem. Im allgemeinen aber gibt und gönnt
er seinen männlichen Helden den bequemen Latitudinarism
des Libertins: möglichst geringe Störung des Vergnügens
ist das Prinzip dieser gefälligen Moral.
Mit einem erstaunlichen Mangel an Stilgefühl hat Arthur
Schnitzler neben die pathetische und düster=strenge Tragödie
von Aureliens und Falkenirs verhängnisvoller Prüfung den
unbeschwerten Leichtsinn und die seelenlose Heiterkeit eines
solchen moralisch „bewußtlosen“ Libertins gefügt: die Geschichte
vom schönen Max und den drei Jungfrauen, die eigentliche
Komödie der Verführung.
Aus dem dicht gestopften Koffer der Handlung dieses
Dramas ist vorhin nur ein Teil ausgepackt worden, kaum
die Hälfte. So muß denn nachgeholt werden, daß Max von
Reifenberg auf dem Frühlingsfeste nicht nur Aurelie kennen
lernt, sondern auch die hübsche Geigerin Seraphine Fenz, in
die er sich gleichfalls verliebt, und daneben ist in seinem
Herzen auch noch Platz für die rätselhafte Judith Asrael, die,
aus unerwiderter Liebe zu ihrem an eine dirnenhafte Frau
in unseliger Hörigkeit gebundenen Schwager, ihren jungen Leib
hinwersen und Kokotte werden will. Und dieser unwider¬
stehliche Max pflückt die drei Jungfrauenblüten eine nach der
andern. Aber beileibe nicht, weil er ein dämonischer Ver¬
führer ist, dem alle Frauen zufallen müssen. Sein Teil ist
ein im Grunde klägliches Glück. Er wird genommen, er nimmt
nicht; er darf diese Mädchen genießen, aber er besitzt sie
nicht. Wenn sonst bei Schnitzler den ebenso strahlenden wie
gewissenlosen Genießern in gianzlos nüchterner Erscheinung
bescheidene Gestalten zur Seite stehen, „anständige“ Menschen,
die den einförmigen Pfad der Pflicht und Selbstaufopferung
wandeln und an deren treues Herz die liebemüden Frauen
aus den Unwettern der Leidenschaft sich heimretten — hier
sind die Nollen einmal umgekehrt verteilt: „Don Juan“ spielt
die lächerliche und „Brackenburgs Vetter“ die pathetische. Ja,
hier ist der Don Juan Max der eigentliche Brackenburg, an
sein leichtes Herz flüchten aus tiefer Erschütterung durch den
wahrhaft Geliebten sowohl Aurelie wie Judith, suchen im
leichten Liebesspiel mit ihm Vergessen schwerer Seelennot.
Er ist im geringsten nicht unheimlich und gefährlich, nicht
einmal Seraphine nimmt ihn ernst, er flößt keine Leiden¬
er ist
—
schaften ein, bedeutet für keine Frau ein Verhängnis
eine angenehme Sache mehr denn ein Mensch, ein Mann. Die
wie sonst
Frauen nehmen ihn hin zu flüchtigem Genuß
der Mann ein Dirnchen nehmen mag. Tatsächlich äußert der
Raisonneur des Stücks, der Dichter Ambros Doehl, Worte
über ihn, die sonst nur von gefälligen Frauen gesagt werden:
11

L</Unicode>
            </TextEquiv>
        </TextRegion>
    </Page>
</PcGts>
