3296 4352
200 233 1331 324 PanphletsOfforints
136 1053 955 1131 igenickt hatte. Als der Herzog dann
158 1114 953 1172 sie völlig in seinen Anblick, steht
186 1169 971 1234 erwacht endlich zum Bewußtsein
188 1208 682 1271 Mut des Bekennens.
195 1260 945 1330 der Franzose dergleichen plötz¬
149 1308 949 1387 und der Philosoph der Liebe deutet
145 1365 956 1431 ne, à son insu, ennugee de vivre
143 1412 961 1479 algré elle par l’exemple des antres
143 1463 956 1517 tontes les craintes de la vie, mé¬
143 1506 960 1566 r de l’orgueil, s’est fait, sans s’en
144 1557 957 1625 al. Elle rencontre un jour un étre
138 1607 961 1677 le, la cristallisation reconnait son
148 1661 959 1732 pire, et consaere pour toujours an
177 1709 948 1783 qu'elle révait depuis lengtemps.
143 1756 386 1825 p. XXIII.)
154 1805 944 1880 de koudre hätte auch die keusche
142 1868 945 1929 ten noch unberührter Mund nach
137 1915 955 1982 kreilich nicht nach der Liebe ihres
141 1962 948 2031 der gar zu anständig ist; doch ein
144 2013 946 2071 werden, etwa der schwarze Italiener
137 2063 948 2127 ssie flüchtig im Hotel gesehen. Und
156 2111 951 2177 dem Mantel bekleidet, ins Musik¬
131 2157 949 2225 day und dem Italiener den Mentel
143 2209 944 2277 noch in der Ohnmacht eine selige
149 2253 944 2325 ücklich. Der Filon hat mich nackt
150 2307 513 2378 ein Filon sein?
509 2313 953 2372 — Comme le coup
152 2361 956 2423 ndhal) viert d’une secrête lassitude
155 2423 957 2476 ppelle Ja vertu, et de T’ennui que
166 2459 956 2528 perfection, je croirais ässez qu'il
152 2509 953 2565 nt sur ce qu'on appelle le monde
150 2560 234 2623 ute
230 2555 951 2631 fort que Tair Caton ait jamais
144 2614 239 2666 dre
157 2652 947 2727 iehung gibt es zwischen „Fräulein
165 2723 949 2781 Richters“. Hier wird gelegentlich
154 2769 944 2828 rau Agnes erzählt, die in Jugend¬
146 2816 946 2877 ädchenträume von einem Mätressen¬
160 2867 947 2925 ihren Frauen= und Mutterpflichten
151 2916 945 2976 o brav wäre auch Fräulein Else
146 2973 966 3027 osen Tag= und Nachtträume von den
162 3012 952 3072 und ihrem trotzigen Vorsatz, „ein
154 3066 938 3128 die Welt noch nicht gesehen hat.“
165 3111 957 3176 übrigens mit Iudith begegnet, der
187 3157 679 3228 Verführungskomödie.
143 3198 949 3270 ungewöhnliche Tat der Frau des
141 3264 944 3319 letische Episode der „Traumnovelle“
150 3305 944 3371 gjährige Arzt Fridolin und seine
145 3363 957 3419 hie Redou# besucht, die ihnen zwar
154 3410 948 3486 irlebnisse brachte, die aber dennoch
2067 154 2378 227 —
1483 232 1942 322 box 36/6
1334 1042 2736 1135 und vielleicht gerade wegen der versäumten Möglichkeiten jene
1339 1128 2737 1181 verborgenen. kaum geahnten Wünsche in ihnen wachrief, so
1348 1164 2729 1221 auch in die reinste Seele trübe und gehrliche Wirbel zu
1346 1222 2739 1277 reißen vermögen. Am darauffolgenden Abend sitzen sie daheim
1350 1260 2733 1316 beieinander, und, sich wohl bewußt, daß in der gestrigen Ball¬
1349 1316 2737 1371 nacht nicht zum erstenmal ein Hauch von Abenteuer, Freiheit
1348 1375 2746 1422 und Gefahr sie angerührt, suchen sie Geständnisse aus einander
1350 1404 2736 1474 hervorzulocken. Albertine, die zuerst den Mut der Beichte
1349 1464 2748 1526 findet, erzählt, daß sie während eines Sommerausenthalts am
1353 1515 2737 1568 dänischen Strand in einen unbekannten jungen Mann sich
1352 1567 2749 1626 jählings verliebte und entschlossen war, ihm zu folgen, wenn
1341 1624 2742 1678 er sie riefe, bereit, Gatten, Kind und Zukunft hinzugeben.
1357 1663 2740 1713 Sie sitzt mit dem Gatten auf dem Balkon, als der Fremde
1341 1709 2742 1761 vorübergeht. „Er blickte nicht zu mir her, ich aber spielte
1342 1754 2753 1816 mit dem Gedanken, aufzustehen, an seinen Tisch zu treten
1349 1811 2755 1867 und ihm zu sagen: „Da bin ich, mein Erwarteter, mein Ge¬
1353 1853 1985 1925 liebter — nimm mich hin.“
1450 1905 2737 1963 Diese und alle Episoden der „Traumnovelle“ und vorzüglich ihre Haupt¬
1346 1946 2743 1995 handlung selbst zeigen, was ja auch die „Frau des Nichters“ zum Nebensinn hat
1359 2007 2758 2033 und was schon „Paracelsus“, „Die Frau mit dem Dolche“, Das Bacchusfest“.
1360 2026 2751 2091 gelehrt haben: wie labil das Gleichgewicht auch scheinbar glücklicher Ehen im
1369 2061 2745 2120 Grunde ist. Aus des Ebepaars gegenseitigen Geständnissen von drohender Ge¬
1360 2103 2747 2155 ährdung ebelicher Treue führt die Erzählung den Doktor Fridolin in neue Ver¬
1360 2148 2757 2206 suchungen. Die Tochter eines eben verschiedenen Patienten wirft sich ihm
1365 2201 2755 2231 vor der Leiche des Vaters an den Hals, eine Straßendirne lockt, ein ver¬
1365 2219 2752 2281 bummelter Jugendgenosse führt ihn in eine geheimnisvolle Nachtgesellschaft
1360 2266 2747 2317 maskierter nackter Frauen und eleganter Herren, wo Fridolin erst von einer
1362 2295 2759 2364 schönen Dame gewarnt, dann, da er um ihrer Schönheit willen trotzdem
1355 2334 2756 2400 oeharrt, als Eindringling erkannt wird und in höchste Gefahr gerät, aus der
1351 2393 2753 2435 ihn die wunderbare Unbekannte erretter, indem sie ihn mit ihrem Leibe
1411 2428 2757 2471 — vielleicht mit ihrem Leben — auslöst. Mit Gewalt aus dem Hause gestoßen
1365 2456 2755 2515 und in die Stadt zurückentführt, ist Fridolin, aller Warnungen und Drohungen
1365 2496 2760 2550 ungeachtet, fest entschlossen, andern Tags dem tollen Abenteuer auf seine Spur
1362 2556 2757 2593 zu kommen. Als er um vier Uhr morgens beimkommt, findet er Albertine
1360 2594 2753 2643 schlafend. Schrill lacht sie aus dem Schlafe auf und bei seinem Anblick tritt ein
1361 2613 2755 2668 Ausdruck des Entsetzens in ihr Auge. Sie hat wirr geträumt, und auf des Gatten
1360 2651 2768 2708 dringendes Verlangen erzählt sie ihre nächtlichen Gesichte!). Von ihrer beiden
1357 2702 2758 2744 Vereintgung hat sie geträunn und daß sie, während Fridolin um eines von ihr
1369 2743 2754 2787 geforderten Dienstes willen sie verläßt, ihn mit einem, mit vielen Männern
1367 2770 2756 2821 betrügt, indes er, mit Folter und Tod bedroht, wenn er nicht der Geliebte der
1374 2819 2756 2872 Fürstin werden will, Albertinen um jeden Preis treu bleibt, was ihr so komisch
1373 2851 2759 2905 vorkommt, daß sie auflacht, da man ihn ans Kreuz schlägt. — Fridolin ist über
1372 2909 2764 2948 Albertinens Traum aufs höchste empört: „Je weiter sie in ihrer Erzählung
1373 2932 2769 2986 geschritten war, um so lächerlicher und nichtiger erschienen ihm seine eigenen
1373 2986 2768 3023 Erlebnisse, soweit sie bisher gedieben waren, und er schwor sich zu, sie alle zu
1368 3004 2762 3058 Ende zu erleben, sie ihr dann getreulich zu berichten und so Vergeltung zu üben
1366 3048 2760 3106 an dieser Frau, die sich in ihrem Traum enthüllt hatte als die, die sie war, treulos,
1368 3083 2765 3142 grausam und verräterisch.“ Aber seine Nachsucht greift ins Leere. Die Tochter
1370 3133 2769 3183 seines verstorbenen Patienten flößt ihm, da er sie an diesem Abend nochmals auf¬
1383 3167 2768 3226 sucht, keinerlei Zärtlichkeit ein, und er verläßt sie brüsk; das Dirnchen ist geschlechts¬
1376 3210 2767 3258 krank ins Spital geschafft worden; die reizende Unbekannte wiederzufinden, ist
1377 3242 2770 3307 jede Bemübung vergebens, und als Fridolin im Abendblatt liest, daß sich in
1365 3298 2776 3359 einem vornehmen Stadthotel eine fremde schöne Dame vergiftet hat, glaubt er
1456 3351 2772 3416 !) Die Sexualdeutung des Traumes überlasse ich den in so saftigen Dingen
1483 3399 2077 3461 erfahreneren Psychoanalptikern.
2548 3460 2643 3557 37
