3344 4352
172 221 228 299 *
1952 143 2315 222 —
1488 220 1945 312 box 36/6
248 219 1338 332 Panphlets Offorints
921 1055 2323 1127 alternden Mann, gilt seine schmerzliche Liebe, und ob er ihn
930 1118 2324 1178 auch moralisch verwerfen und physisch zum Tode verurteilen
920 1172 2323 1234 muß, er tut's, man merkt es, mit zuckendem Herzen. Mit
924 1215 2329 1287 fast verletzender Wirklichkeitstreue hat Schnitzler diesem trau¬
919 1288 2261 1342 rigen Helden manchen Zug des eigenen Antlitzes geliehen.
1013 1313 2313 1382 Ein leichtsinniger Melancholiker, ein im Grunde herz¬
913 1381 2316 1442 und gewissenloser Sinnierer, ein Hypochonder des Lebens und
915 1415 2320 1486 der Liebe ist dieser Sylvester wie nur je einer von Schnitzlers
917 1462 2320 1528 immer diesem Typus zueignenden männlichen Helden. Für
923 1514 2324 1579 ihn gilt mehr noch als für Julian Fichtner das für diesen
919 1566 2329 1633 geprägte Wort: daß die Gabe, dauerndes Glück zu geben
917 1627 2322 1674 oder zu empfangen, nicht in ihm lag. Und nun kommt das
917 1669 2327 1726 Alter über ihn, das auch den einsamkeitsfreudigsten Menschen
928 1721 2324 1774 nach einem Gefährten bangen läßt. Er, der schon entschlossen
917 1768 2327 1830 war, durch Verbindung mit der Sängerin Alberta für den
931 1825 2322 1876 müden Lebensabend sich ein festes Heim zu gründen, begegnet
924 1861 2322 1919 noch einmal der Jugend, einer Jugend die an ihn glaubt,
923 1918 2326 1973 ja ihn idealisiert; deren sehnsüchtige Erinnerung die Ver¬
919 1955 2325 2031 gangenheit lebendiger macht als eine schale Gegenwart. Da
926 2025 2322 2076 wird sich Sylvester erst bewußt, wie kläglich er sein ehedem
933 2066 2336 2122 so strahlendes Leben beschließen wollte, er wendet sich von
921 2117 2322 2168 der Türe seines eben erst gegründeten Hauses und folgt der
923 2157 2331 2210 Lockung Leonildas, die ihm einen Weg ins Freie zeigt, hinweg
922 2214 2327 2267 von dumpfer Pflicht und unseliger Gemeinschaft. Er könnte jetzt
1001 2261 2327 2335 Leonilda souffliert sie ihm — die Worte des Filippo Loschi
932 2307 1152 2391 sprechen:
1168 2360 2039 2430 Wahn ist nur Eins: das nicht verlassen können,
1158 2414 2133 2471 Was uns nichts ist, ob Freund, ob Frau, ob Heimat ¬
1164 2457 2059 2518 Und eins ist Wahrheit: Glück, woher es kommt!
1030 2515 2324 2588 Die Regungen seines Gewissens, das Albertas Groll,
933 2578 2322 2646 Verzweiflung, Fluch befürchtet, schlägt das Mädchen mit der
918 2619 2336 2671 anarchischen Rede nieder, daß am Ende nur eine Schuld
930 2670 1288 2750 unsühnbar sei:
1163 2734 2030 2821 Mit sebendem Aug' den falschen Weg zu gehn.
1025 2802 2320 2875 So wiederholt Sylvester die Tat des Julian Fichtner, der
923 2875 2323 2930 das von ihm geschwängerte Mädchen im Stiche läßt; er sucht
937 2915 2320 2981 wie Georg Wergenthin im Aufschwung zu höherem Kunst¬
928 2978 2325 3032 schaffen die schurkische Hinopferung des Weibes vor sich zu
929 3009 2335 3057 rechtfertigen. Aber anders, gerechter als dem Helden von
923 3060 2332 3117 Schnitzlers Roman wird ihm gelohnt. Er folgt einem Irrlicht;
933 3125 2335 3184 nicht ins Freie, ins Leere führt sein Weg, und er muß schwere
923 3161 1468 3227 Schuld teuer bezahlen.
1022 3196 2324 3257 Die Aehnlichkeit von Sylvesters und Georg Wergenthins
1860 3256 2328 3322 sie geht bis in die
923 3255 1790 3332 Schicksalen ist so groß und auffällig
924 3316 2330 3364 Motivatome —, daß man kaum zu viel sagt, wenn man im
946 3357 2343 3423 „Weihergang“ etwas wie einen Prozeß zweiter Instanz sehen
933 3420 2341 3475 will, in dem der im „Weg ins Freie“ allzu mild beurteilte
1042 3500 1154 3602 22
