3392 4256
1199 230 1659 312 box 35//8
130 236 1057 342 4. Viennese IdylIs
999 1334 1575 1402 SIX TENSE STORIES
888 1396 1657 1462 Viennese Idyils. By Arthur Schnitzler.
932 1441 1670 1507 Translated by Frederick Eisemann.
935 1493 1503 1548 Boston: John W. Luce & Co.
931 1549 1663 1595 Mr. Eisemann has brought together
900 1566 1676 1634 six of Arthur Schnitzler’s short stories
908 1615 1676 1684 under a title little befitting their char¬
899 1680 1676 1730 acter. These studies of mental obses¬
907 1705 1678 1796 sion dealing with strange flts of passion,
899 1772 1677 1825 remorse, fright, and the disillusionment
901 1816 1676 1881 that follows upon great emotional erises
906 1867 1680 1932 are scarcely to be classed as idylis.
913 1911 1663 1956 Viennese these stories certainly are, in¬
900 1931 1678 2006 asmuch as they embody that peculiar
899 2005 1663 2060 mixture of the tender and the ironic,
906 2036 1669 2113 that faculty of feeling and of contem¬
892 2086 1678 2175 plating one’s self at the same time
910 2143 1675 2204 which distinguishes the Young Austrian
901 2180 1682 2245 writers from their imore single-minded
903 2230 1674 2288 North German contemporaries. Five of
911 2288 1667 2329 the stories are analyses of erotic experi¬
898 2322 1679 2380 ences with a blend of mysticism. Blind
912 2364 1678 2427 Geronimo and his Brother“ is the tale
905 2419 1677 2480 of a brother’s fidelity: a single episode
892 2461 1682 2526 vin the life of two strolling musicians
904 2506 1686 2573 whom the carelessly spoken word of a
907 2550 1678 2616 stranger throws into a situation where
910 2614 1675 2660 each reveals his heart to each. The
901 2645 1683 2712 concentration and realism of the treat¬
901 2681 1675 2763 ment remind one of Maupassant, but
903 2741 1682 2799 there is a warm note of compassion in
902 2788 1672 2846 Schnitzler that is far removed from thel
906 2829 1676 2887 French writer’s impersonality. The
897 2874 1675 2927 translation lacks the grace and distine¬
899 2922 1315 2990 tion of the original.
1395 2939 1608 3047 —
1599 3027 1701 3099 —
