3484 4256
728 177 814 250 B
1059 176 1138 250 In
1235 177 1613 250 ihr Sohn
301 168 2143 252 28. Fraureeee e deecenaae box 4/5
634 649 1085 733 Ausschnitt aus:
837 712 1606 847 Sessziger Neueste Nachrohtar
754 774 826 825 0:
842 838 1536 969 Der neue Schnitzler.
536 958 1853 1034 Arthur Schuibler: „Frau Beal# Verlag
594 1007 947 1057 S. Fischer, Berlin.
618 1022 1832 1096 Auch Schnitzlers neue Novelle schenkt das Beste und Edelste seiner
535 1079 1840 1129 Kunst: den Blick in seelisches Land. Die Handlung ist äußerlich gewiß
541 1121 1828 1171 nicht allzu stark, dennoch überreich an innerem Geschehnis und Erlebnis,
534 1173 1821 1210 an inneren Erschütterungen. Und nur ein Künstler von der fast
540 1189 1825 1253 schmerzlichen Lebensüberlegenheit Schnitzlers, nur ein Dichter mit solch'
539 1240 1833 1297 schwermütiger Kraft, die Dinge der Menschen und ihres wirren, rau¬
548 1280 1826 1317 schenden Blutes selbst unverwirrt zu belauschen, wird an einen Zu¬
535 1311 1822 1368 sammenbruch herangehen dürfen, wie ihn „Frau Beate und ihr Sohn“
545 1341 1822 1407 als Schlußkapitel ihres Seins erleben. Das Thema ist heikel genug:
533 1392 1820 1446 Die Mutter, in deren leuchtenden Erinnerungsblicken noch der Gatte
779 1432 1827 1496 Mutter, die lediglich im vergötterten Sohn auch
531 1431 666 1482 steht,
545 1471 650 1518 für
648 1469 1821 1527 sich noch Zukunftshelligkeit gewahrt, will den sieb¬
523 1499 1826 1557 zehnjährigen Jungen vor einer Koketten retten, will ihm
546 1539 1826 1601 entschlossen davor hüten, daß das Lebensmysterium von Mann und
532 1586 1820 1641 Weib für ihn im Schmutze beginne. Alles an Frau Beate ist groß und
533 1622 1816 1675 stolz, ist aufrecht, frei und selbstverständlich: daß sie selbst aber der
530 1666 1817 1703 zitternden Glut von ihres Sohnes Schulkameraden erliegt, daß alle
539 1703 1821 1753 Reinheit jäh im plötzlichen Rausch des Bluts versinkt, daß ihr die
560 1739 1819 1791 eigenen Lieder verlangenden Blutes dann noch in Schulbubenzoten
611 1783 1812 1826 iedrigt werden, daß sich alle Reinheitsbegriffe verwirren und zuletzt
626 1820 1820 1870 Junge selbst vom Sturz der Mutter weiß, — all das wird zur
627 1862 1810 1908 gödie, über die Mutter und Sohn nicht hinauskommen, zu einer
547 1895 1586 1937 träuenlosen Tragödie, die nur Seefluten reinspülen ...
1576 1894 1811 1953 Schnitzlers
532 1933 1817 1994 technische Meisterschaften, Menschen denken und mit sich allein sein zu
532 1971 1807 2011 lassen, aus Stimmungen unbewußte Entschlüsse werden zu lassen, Ge¬
519 2015 1804 2063 sichter mit ein paar Zügen zu stricheln: der alte Schnitzler kommt auch
531 2046 1807 2106 diesmal wieder. Und just die milde, ruhige Abgeklärtheit, mit der das
525 2079 1807 2142 Schicksalsvolle, Allzumenschliche hier erleuchtet wird, die fast süße
530 2125 1808 2182 Melancholie, mit der hier das schwere Sterben zur heroischen Selbst¬
527 2170 1816 2222 abrechnung und Selbstversöhnung wird, der wehmütig lächelnde Anteil
527 2203 1828 2269 des Dichters an seinen leidgetroffenen Helden, bringt das Erschütz
518 2243 1477 2309 ternöste auch in Schnitzlers neues, glänzendes Buch.
1283 2259 1816 2370 Karl Fr. Nowak, Berlin.
741 2483 1739 2686 Mll 9l Pen. Zeltunge. Waen
759 2603 915 2672 vom:
1079 2618 1372 2703 3015 9|3
715 2808 1511 2877 „Frau Beate und ihr Sohn.“ Rovelle von Artu#
729 2865 1632 2913 S. Fischer, Berlin. Geheftet 2.50, gebunden 3.50 Mark.
645 2871 685 2913 vo
642 2897 1557 2941 widerwärtige Schilderung äußerster Sittenverderbnis und 1
625 2911 1708 2999 worfenheit. Vor diesem Buche kann man nur Ekel empfinden###
1485 2968 1565 3050 *
1970 1818 2366 1905 Abesehnitt ano:
2436 1767 3179 2020 Oeber Land u. Der, Satlant
1985 1924 2124 2016 rom:
2117 1935 2463 2020 B
2022 1974 2981 2098 Über Artur Schnitzlers romanartige Novelle
1972 2046 2973 2154 „Frau Beate und ihr Sohn (S. Fischer, Berlin)
1967 2084 2972 2202 thabe ich in den letzten Monaten allerlei Über¬
1955 2129 2977 2238 zschwengliches und Verstiegenes gelesen. Ich schätze
1966 2180 2973 2270 Schnitzler als Erzähler nach Verdienst, kann mich
1957 2221 2972 2327 aber in meinem wohlerwogenen Urteil nicht irre¬
1948 2271 2972 2365 machen lassen: in dieser Erzählung ist viel feine
1949 2317 2964 2389 Darstellungs= und Sprachkunst an einen wertlosen,
1947 2355 2960 2459 ja widerwärtigen Stoff gewandt worden. Artur
1944 2392 2954 2486 Schnitzler kann sehr vieles, und er weiß, daß ihm
1936 2437 2962 2535 bis zu einem gewissen Grade das meiste gelingt,
1945 2488 2953 2583 was er anpackt. Diese Sicherheit verleitet ihn
1940 2525 2952 2627 nach meinem Empfinden zu dem gefährlichsten
1937 2577 2950 2671 oller Kunstfehler: sich nicht mehr gewissenhaft
1941 2616 2951 2713 und mehr als einmal vor der Ausführung die
1936 2661 2958 2783 entscheidende Frage vorzulegen, ob dieser Stoff
1932 2699 2576 2797 behandelt zu werden verdient.
