3484 4256
1425 184 2240 289 LES LIGRES
690 331 2749 475 raze grunser Arthur Schnitzler: Madame Béate et son fils
652 412 963 490 Tarif réduit,
655 468 1000 530 ment d’avance
1136 450 2546 565 Traduit de l'allemand par A. Hella et O. Bournac
652 514 1004 569 période de tem
657 556 843 608 limitée.
2158 530 2672 619 Par Louis LALOY
646 580 1005 671 On traite à fort
990 620 2723 721 Un joli roman tragique. Joli d’une gröce]hall, il n est pas aujourd'hul de société plus
945 665 1833 769 un peu molle, mais fendre, et plus tragique
1833 695 2722 751 régulière en ses mceurs que celle des artistes
943 740 1825 805 encore dans la nonchalance aimable et le ro¬
1829 738 2718 812 dusthéätre: après le labeur quotidien, les joles
943 775 1818 843 mantisme pour tous d’une villégiature tyro.
1830 799 2721 857 du foyer, et, pour finir leurs jours, une villa
942 831 1825 905 lienne ou les chasseurs du dimanche se coif¬
1834 846 2719 919 en banlieue ou sur la Côte d’Azur, seion les
940 880 1833 939 fent de chapeaux verts, et les familles attablées
1832 884 2705 948 faveurs de la fortune et le degré de leur suc¬
948 932 1826 996 se régalent de glaces ou de café à la crème
1833 940 2724 1008 ces. En Angleterre et en Amérique, ils se
944 991 1821 1044 au bord du lac ou le soir, sous la lune obliga¬
1836 994 2722 1047 font moins remarquer encore et sont admis sans
950 1037 1825 1096 toire, on détache les canots pour de sentimen¬
1822 1038 2728 1112 aucune difficulté dans la meilleure société: en
938 1075 1826 1134 tales promenades. Mais l'une de ces prome¬
1819 1085 2727 1150 ces nays, c’est le cinéma qui volontiers fait
941 1122 1824 1192 nades ne sera pas inoffensive. Selon les prin¬
1822 1123 2718 1207 scandale. Mais en Allemagne et en Autriche,
943 1168 1818 1230 cipes de notre civilisation, elle serait mème
1830 1181 2713 1231 Il semble que le vieux préjugé qui les ht ex¬
949 1218 1817 1275 criminelie si H'auteur ne prenait soin de faire
1837 1229 2720 1303 commimier jadis survive et soit partagé par Ies
940 1276 1826 1338 chavirer la barque en mème temps que ces
1833 1272 2721 1349 acteurs eux-mémes, les obligeant à se singula¬
949 1314 1819 1381 deux volontés défaillantes, pour les livrer aus
1830 1325 2721 1399 riser, à braver l’opinion, à mener la vie de
938 1369 1826 1430 Hlots mortels ou les accueillera peut-être sur
1834 1369 2725 1444 Teurs röles, pour étonner le monde par leur
941 1417 1835 1480 les derniers accords de Tristan et Vseult, le
1823 1417 2717 1498 hgure, sinon par leurs débauches ou leurs aven¬
937 1465 1837 1544 fantöme d’un rei fou qui, avant eux, y voulut
1824 1465 1964 1543 tures.
945 1501 1083 1585 périr.
1874 1486 2729 1583 II était bien de ceux-lä, celui qui chaqus
989 1527 1826 1622 Ainsi présenté, le dénouement vous sem¬
1821 1554 2725 1636 soir donnait à la réveuse Béate l'illusion de
941 1604 1821 1674 blera, sans doute, de convention. Mais ie ta¬
1834 1614 2722 1667 tomber dans les bras de Hamlet ou de Roméo.
945 1657 1815 1729 lent de H'auteur, que laisse intact l’élégance ai¬
1829 1665 2714 1721 Autre séductrice de profession, cette comé¬
937 1699 1815 1770 sée de la traduction française, sait nous y ache¬
1826 1713 2722 1777 dienne devenue baronne allemande, qui ac¬
943 1751 1823 1807 miner par umne progression insensible, dans une
1831 1752 2717 1822 cepte avec complaisance auprès du hls l’emploi
941 1800 1819 1857 abondance Heurie de détails familiers et une
1824 1808 2728 1869 de la semme fatole, et scandalise la mère à
941 1851 1827 1905 suite de troubles naift ou la vertu s’effrite
1824 1844 2722 1905 plaisir. Inquiète d’abord, puis gagnée sans ie
940 1887 1821 1956 comme un chäteau de sable. D'abord, cette
1821 1903 2722 1964 savoir par la contagion, Béate devient pensive,
935 1928 1818 1998 circonstance atténuante, aue l'héroine est la
1823 1948 2718 2002 et une nuit, ayant trouvé dans sa chambre um
944 1980 1824 2051 veuve d’un comédien célèbre dont elie sétait
1832 2002 2720 2058 camarade de son hls, lui cäde avec toute la
935 2020 1815 2106 Eprise en se nwénile candeur. Bien que d’ori¬
1825 2033 2713 2104 facilité qu'on peut altendre d’une frivole sa¬
945 2085 1820 2153 gine et d’éducation bourgeoise, elle s est ainsi
1821 2098 2717 2160 gesse à qui manquent soudain ses points d'ap¬
936 2130 1816 2188 trouvée transportee en un monde dillusion pas¬
1825 2143 2711 2202 pui en vertus domestiques. Après quoi elle
942 2178 1134 2243 sionnée.
1833 2174 2722 2260 ressent plusieurs petits affronts, premiers pré¬
986 2215 1834 2293 En France, si l’on excepte les théätreuses
932 2274 1823 2355 de Deauville et les promeneuses du music¬
1863 2280 2751 2348 sages de la profonde humiliation qui l'attend
1856 2325 2741 2396 lorsque, surprenant une conversation de son
1852 2376 2738 2435 jeune ami, elle saperçoit qusil la traite, corn¬
1859 2426 2736 2496 me elle devait le prévoir, sans grand respect.
1860 2468 2746 2534 Son hls apprend chez la femme fatale la fai¬
1846 2531 2739 2594 blesse de sa mère et en conçoit un si violent
1853 2561 2746 2640 désespoir qu'à l'un et H'autre, :1 ne reste plus
1850 2619 2741 2687 qu à partir ensemble, loin de la société hu¬
1867 2666 2473 2739 naine, pour un exil sans retour.
1899 2714 2747 2814 Wienne, aux refrains langoureux de ses val¬
1847 2781 2738 2840 ses, faisait jadis tourner la féte d’une veuve
1852 2823 2735 2902 joyeuse. Mais, à Vienne. aujourd hul, pro¬
1856 2881 2736 2938 fesse le docteur Freud, et celle-ci pourrait étre
1846 2928 2744 2994 citée en exemple, à l'un de ses cours, sur la
1840 2975 2733 3035 tentation d’(Edipe. Cest pourquoi je sais un
1837 3035 2733 3088 gré particulier à l'auteur d’avoir si habilement
1843 3068 2734 3141 évité les deux écueils de son sujet dont l’un
1843 3124 2746 3192 Stait l'emphäse et l'’autre le pédantisme, pour
1849 3172 2740 3238 nous seulement une bonne päte de petile fem¬
1851 3213 2744 3282 me, sans levain ni consistance, et les autres
1836 3266 2744 3335 comme elle incertaines, peu süres, malléables
1848 3318 2741 3383 à chaque impression du moment et se laissant
1853 3368 2583 3432 couler sur la pente du moindre effort.
1881 3408 2730 3505 II est permis de préférer des formes plus
1840 3462 2731 3553 déhnies et moins mouvantes de la vie spiri¬
1838 3531 2723 3591 tuelle. Mais I’étude des amibes n'est pas
1837 3571 2733 3634 moins intéressante pour le naturaliste que celle
1837 3625 2733 3689 des vertébrés et peut mème, lui fournir des
1842 3658 2738 3733 résultats plus nets en raison de sa simplicité
1835 3721 2720 3782 rudimentaire. Le livre de ce romancier suisse,
1843 3774 2731 3834 très agréable à lire, apporte une contribution
1849 3804 2740 3898 à ce qu'on pourrait appeler 1 étude de la psy¬
1852 3867 2224 3941 rhologie primitive.
2342 3881 2739 3987 Louis LALOV,
