3436 4256
518 164 1583 230 rau Beate und ihr Sohn
1662 158 2117 264 box 4/5
271 173 1594 281 28. AG  e enech un en ener e e etece e e
2132 905 2509 977 Karl Rosner
1030 919 1601 992 Die Erotik als Schick
1040 1077 2509 1138 oder weiter Ferne aufs neue den Ruf ihrer Sinne hören und werde
1044 1120 2249 1183 wandern müssen — ruhelos, ohne Heimat des Herzens —
1180 1154 2514 1204 Vollert kann als Erzähler nicht mit dem Maße gemessen werden,
1037 1207 2503 1268 auf das der Dichter Arthur Schnitzler ein Anrecht hat. Hier steht ein Be¬
1041 1248 2523 1307 ginnender — dort ein Reifer. An jenen die Meisterforderungen zu stellen,
1041 1294 2519 1348 vor denen ein neuer Schnitzler bestehen soll und will, hieße ungerecht
1037 1335 2523 1391 werden gegen zwei Schaffende, hieße das Werk des jungen Erzählers
1042 1382 2509 1442 erdrücken unter der Zahl der Wünsche. Vollerts „Sonja“ will an sich be¬
1040 1438 2509 1483 trachtet sein. So stellt sich der Roman als die ernste Arbeit eines von
1041 1477 2521 1525 tiefen Lebensproblemen ergriffenen Erzählers dar, der hier mit seiner
1048 1513 2519 1569 auf schlichte und ehrliche Mittel gestellten Kunst das menschliche Verstehen
1054 1562 2519 1623 für einen Frauentyp erschließen will, dessen Triebe sich in den Nahmen
1052 1596 2508 1665 unserer Gesellschaftsform nicht fügen wollen — nicht fügen können. „Sonja“.
1042 1656 2522 1703 ist das tapfere Buch eines jungen Dichters, der hier gute Gesellenarbeit tat
1047 1691 2516 1753 und der uns hoffentlich sein Meisterstück nicht lange schuldig bleiben wird.
1187 1735 2515 1808 Ein Schauspiel erotischen Trieblebens bietet auch Clara Viebig,
1050 1773 2518 1841 wenn sie in ihrem Romane Das Eisen im Feuer“ (Egon Fleischel & Co.,
1051 1821 2531 1884 Berlin) den Weg des Schmiedes Henze zeigt; die Art, wie Clara Viebig
1048 1881 2522 1940 robuste Figuren aus dem Volke und ihre derben Lebenswünsche zu schildern
1052 1913 2527 1971 weiß, ist durch viele ihrer älteren Arbeiten bekannt. Neues zur Erkenntnis der
1050 1959 2527 2032 Spannweite und der Grenzen ihres Könnens bringt dieser Roman nicht bei.
1062 1997 2519 2058 So erübrigt es wohl, den Stufen im Anstiege des Schlossergesellen Henze
1056 2045 2516 2103 berichtend zu folgen — nachzuerzählen, wie es kam, daß er zu Besitz und
1059 2101 2526 2147 Wohlstand, zur schönen reichen Frau des Meisters kam und wie er
1054 2154 2529 2193 dabei doch der Unersättliche blieb, der nach jeder langte, die ihm
1058 2182 2525 2234 gefiel. Clara Viebig hat diesen Helden und sein Schicksal in das
1064 2219 2530 2276 Berlin der zweiten Hälfte des vorigen Jahrhunderts gestellt, hat ver¬
1059 2263 2525 2322 sucht, ihn mit diesem Bilde zu verweben. Trägheiten der Seele zeigt sie
1061 2310 2532 2367 hier und dort — zu einem lebendigen Symbol der schwerblütig gärenden
1053 2362 2529 2414 Zeit will sie den tatlosen Mann gestalten, dem die rechten Wirkungs¬
1058 2406 2535 2459 möglichkeiten fehlen, die Freude am Schaffen verloren ging. Das ist
1066 2439 2530 2493 ihr nicht gelungen — und auch die Bilder, vie sie etwa von dem revo¬
1066 2483 2535 2554 lutionären Berlin von 1848 gibt, sind matt und lassen nichts von den
1067 2529 2529 2587 tieferen Gewalten spüren, die solche Blasen warfen. Bliebe zu sagen,
1058 2574 2533 2628 daß auch eine von den Schwestern der Frau Beate und der Sonja durch
1065 2628 2532 2688 die Erzählung geht. Eben die Frau des Hofschmiedes, deren Töchterchen
1061 2664 2531 2728 einen Prinzen zum Vater hatte, deren unruhiger Blick nie ohne Begehren
1064 2710 2531 2764 über den kraftvollen Gesellen Hermann Henze gleitet — bis sie den Kerl
1069 2766 2496 2809 nach dem Tode des vergrämten Mannes zum neuen Hofschmied macht —
1062 2793 2405 2849 und dann in der Erfüllung dieses Wunsches das Glück nicht findet —
1213 2830 2530 2903 Ein kluger Beobachter künstlerischen Schaffens hat einmal die
1058 2880 2533 2945 Behauptung ausgesprochen: Jeder Künstler gibt uns im Grunde nur
1067 2928 2538 2990 ein Werk — ein Bild, eine Melodie, ein Buch — und alles andere sind
1063 2978 2530 3037 Varianten und Wandlungen und Knospen des einen Werkes. Es liegt
1075 3022 2541 3076 ein Stück Wahrheit in dem Satze. Clara Viebig hat uns viele schöne Va¬
1072 3063 2539 3115 rianten ihres einen Buches geschenkt — hier gibt sie seinen müden Nach¬
1076 3118 2541 3177 klang, der selber nicht weit trägt und nur daran erinnert, wie stark das
1076 3161 1540 3234 eine Werk einst war.
2163 3178 2497 3272 Karl Rosner.
1686 3235 1912 3320 —
2382 3337 2549 3434 167
