3436 4256
464 184 902 260 Frau Beate
934 185 1558 253 und ihr Sohn
1675 189 2080 271 box 4/5
240 189 1671 304 28. Wuen    enenean
958 556 1571 710 Ve S
1361 690 1477 790 2
1131 705 1273 806 20
770 747 2428 913 Neues vom Büchertisch#
1288 899 1949 1001 Von Carl Busse
774 982 2454 1044 getecheecerecttterterkecteccrtektccckcccktcckkckettc###nssn###
768 1027 2457 1099 Arthur Schnitzler, Frau Beate und ihr Sohn (Berlin, S. Fischer) — Otto von
759 1075 2456 1134 (Leitgeb, Das Hohelied (Berlin, E. Fleischel & Co.) — Hermann Stegemann,
784 1115 2455 1186 Ewig still (Ebenda) — Wilhelm Hegeler, Eros (Ebenda) — Hermann Stehr,
789 1156 2456 1207 Geschichten aus dem Mandelhaus (Berlin, S. Fischer) — E. von Handel¬
779 1187 2464 1261 Mazzetti, Brüderlein und Schwesterlein (Kempten, Jos. Kösel) — Helene von
1118 1237 2127 1300 Mühlau, Hamtiegel (Berlin, E. Fleischel & Co.)
800 1303 2458 1400 GSRMRSERERRR RRREDEREERRERRESERRESERLERRERDERKRRKKHDT
1620 1371 2464 1442 mungen, Gefühlsverirrungen und differen¬
1002 1389 1618 1460 s Hermann Bahr vor fünfund¬
1627 1436 2457 1478 zierten Luxusempfindungen überlassen, als
987 1438 1618 1497 zwanzig Jahren noch gelenkiger
1628 1467 2472 1521 sie durch ihr Vermögen von vornherein den
980 1482 1623 1532 am Trapez des Geistes turnte
1632 1502 2458 1558 Notwendigkeiten des Erwerbs und dem
986 1512 1609 1565 und statt der bisherigen „interes¬
1634 1548 2458 1591 harten Gesetz des Pflichtlebens entrückt sind.
780 1535 984 1617 S
986 1561 1623 1608 santen Witwen“ von den Dichtern
1628 1582 2465 1634 Man glaubt es gar nicht, wieviel Probleme
789 1597 1614 1654 „ein paar gebrauchte Kellnerinnen und einen
1631 1624 2457 1673 der jungwiener Schule überhaupt nur unter
798 1634 1624 1695 bescheidenen Trunkenbold“ verlangte, schrie
1635 1665 2454 1730 der Voraussetzung eines reichlichen Bank¬
795 1676 1623 1724 er tagtäglich, wie der Hirsch nach frischem
1628 1699 2102 1759 guthabens möglich sind.
801 1716 1620 1767 Wasser schreit, nach der „neuen Psychologie“
1679 1731 2465 1796 Darf man Schnitzlers Bühnenwerke als
787 1753 1626 1815 Er suchte sie in der ganzen deutschen Lite¬
1634 1770 2463 1829 dramatisierte Novellen ansprechen, so pro¬
803 1784 1621 1849 ratur vergeblich und mußte sich entschließen,
1630 1812 2465 1877 fitieren seine Novellen von der strengen dra¬
807 1833 1626 1880 die Lücke selber zu füllen. So entstand
1639 1862 2464 1909 matischen Technik. Mit welch überlegter
803 1865 1631 1924 sein Roman „Die gute Schule“ der heut
1639 1891 2473 1943 und überlegener Kunst wird hier im An¬
789 1893 1617 1958 im literarischen Raritäten= und Mißgebur¬
1638 1923 2466 1995 fangskapitel des neuen Buches die Exposition
801 1946 1627 1997 tenkabinett einen hervorragenden Platz ein¬
1643 1971 2472 2031 gegeben! Erst im Rückblick übersieht man
795 1977 1629 2035 nimmt. Zum Glück überwand der mit
1635 2003 2473 2066 völlig, wie klug und zahlreich von vornherein
797 2019 1625 2075 der Stirnlocke geschmückte Österreicher seine
1643 2049 2463 2102 die vorbereitenden Einschläge sind, wie wohl¬
810 2066 1627 2111 eigenen Offenbarungen mit reißender Ge¬
1641 2085 2480 2143 bedacht auch die scheinbar nebensächlichen
793 2096 1626 2155 schwindigkeit; was ihm selber vorbeigelungen
1635 2131 2471 2189 Züge sich später dem allgemeinen Plan ein¬
806 2135 1630 2209 war, schien anderen zu gelingen; mit Be¬
1640 2159 2473 2232 ordnen! Frau Beate Heinold, ungefähr la
801 2179 1629 2241 geisterung entdeckte er die neue Psychologie
1641 2209 2470 2259 femmé de quarante ans, die noch schöne
801 2215 1636 2275 bei Arthur Schnitzler und Hugo von Hof¬
1642 2240 2459 2292 Witwe eines berühmten Schauspielers, ist
813 2262 1635 2318 mannsthal, und da es in seiner tempera¬
1641 2285 2473 2340 in Sorge um ihren gerade flügge werdenden
805 2294 1633 2356 mentvollen Art lag, aus jedem Windlicht
1643 2318 2469 2378 einzigen Sohn. Eine schlecht berufene frü¬
811 2339 1629 2390 im ersten Augenblick eine ewige Sonne zu
1651 2363 2473 2421 here Schauspielerin zieht ihn in ihre Netze, zum
813 2369 1633 2425 machen, so erklärte er, das Auftreten der
1647 2410 2469 2454 erstenmal verschließt er sich vor der Mutter,
812 2408 1624 2473 beiden jungen Wiener bedeute einen Wende¬
1642 2445 2468 2486 und da Frau Beate nicht will, daß er von
803 2446 1645 2491 punkt unserer Kultur. Wenn er einmal
1638 2486 2466 2539 jener geschminkten Lebedame zum Manne
817 2493 1640 2545 seine kritischen Abhandlungen in einer zehn¬
1649 2512 2473 2561 geküßt wird, geht sie stracks zu ihr hin und
815 2528 1635 2582 bändigen Gesamtausgabe erscheinen läßt, so
1647 2555 2471 2610 stellt sie zur Rede. Auf ähnliche Weise hat
813 2566 1633 2626 wird das der reinste Zentralfriedhof für
1649 2592 2469 2651 sie ihren späteren Gatten einst aus den
808 2607 1640 2660 Eintagswahrheiten sein. Immerhin aber
1640 2630 2470 2681 Banden einer älteren Witwe befreit, und
810 2649 1643 2711 ein sehr apart angelegter und hübsch be¬
1647 2671 2471 2720 dieser Parallelismus der Geschehnisse ist na¬
817 2694 1028 2753 pflanzter.
1642 2709 2468 2765 türlich nicht zufällig. Wer den tiefer liegen¬
868 2704 1633 2781 Das Wort von der „neuen Psychologie“
1654 2759 2470 2798 den Sinn der Novelle „erahnen“ will, muß
807 2756 1642 2813 summte mir in den Ohren, während ich
1650 2783 2476 2842 ihn im Auge behalten. Die besorgte Mutter
818 2797 1640 2853 Arthur Schnitzlers jüngstes Buch las:
1657 2821 2479 2880 erhält im vorliegenden Falle halbwegs be¬
817 2837 1645 2887 „Frau Beake####ihr Sohn“ (Berlin
1651 2861 2488 2916 ruhigende Zusicherungen, aber sie werden
815 2869 1649 2931 1913, S. Fischer). Eine Novelle, die in ir¬
1656 2904 2469 2953 nicht gehalten, und bald weiß sie, daß ihr
813 2907 1643 2959 gendeiner eleganten Sommerfrische bei
1654 2938 2482 2991 Bub seine Nächte bei dem unwürdigen
817 2946 1643 3016 Ischl spielt und dorthin ein paar Leute
1648 2982 2470 3027 Weibe verbringt. Damit ist er ihr als Kind
819 2985 1638 3045 aus weicher Wiener Phäakenluft verpflanzt.
1646 3022 2478 3070 verloren, er lebt sein eigenes Leben, und sie,
820 3032 1642 3085 Leute aus Kreisen, wie sie Arthur Schnitzler
1655 3056 2475 3111 die seit des Gatten Tode sich nur ihm ge¬
820 3075 1646 3129 zu schildern liebt: gebildetes, wohlhabendes,
1654 3095 2473 3143 widmet hat, ist mit einem Male allein. In
812 3116 1642 3158 etwas jüdisch durchsetztes und künstlerisch
1646 3141 2476 3193 dieser Einsamkeit, des bisherigen Haltes
814 3153 1644 3211 angehauchtes Bürgertum, das den engen
1659 3171 2476 3228 und Daseinszweckes beraubt, von den Vor¬
826 3194 1645 3243 Schranken der alten Dogmen und Sitten¬
1650 3202 2484 3280 stellungen jener Dinge verfolgt, die ihr den
821 3218 1655 3288 gesetze entlief, ohne doch in sich selbst einen
1659 3248 2478 3308 Sohn nahmen, macht sie selbst eine neue
821 3271 1645 3314 sicheren Halt zu haben, so daß es bei schweren
1645 3285 2475 3355 Entwicklung durch. Das Weib erwacht in
825 3304 1651 3358 Konflikten kopflos und schwächlich um die
1647 3327 2479 3382 ihr und verdrängt die Mutter; sie achtet
819 3343 1645 3398 Ecke geht. Diese Menschen können sich um so
827 3362 2485 3430 leichter und ausschließlicher ihren Stim= mehr auf ihre Umgebung und sieht sich von
