3484 4224
630 111 1233 175 23, Rue du Rhöne - GENEVE
452 152 1351 216 Adr. télégr.: Coupures-Genéve — Tél. 44.005
1557 167 1740 250 28.
466 222 1405 308 Bureau International de coupures de journaux.
564 292 1302 346 Traductions de et en toutes langues.
465 383 1417 467 Correspondants dans toutes les grandes villes.
405 508 853 587 Extrait du Journal:
641 497 1460 748 aun e —
393 600 626 683 Adresse:
396 685 655 785 Date:
901 731 1255 874 2 7 U. 800
1155 957 1773 1090 PARAIT
574 938 1149 1096 CE OUI
609 1215 1780 1266 M. André Thérive est le chef de l’école populiste. Personnel¬
560 1265 1777 1312 lement, son talent s apparente directement à l’école naturaliste.
563 1311 1790 1351 Je crois que les fondateurs du populisme n ont pas voulu rénover
557 1354 1782 1410 strictement le naturalisme. IIs ont voulu réagir tant contre l’ex¬
562 1397 1776 1446 pressionisme pittoresque que contre la littérature snob. Leur
565 1443 1769 1491 manifeste prétend que peut être tenu pour d populiste 9 tout
565 1487 1776 1533 écrivain qui s attache à peindre des ämes simples, des êtres qui
561 1529 1779 1571 ne soient pas d’exception. C’est ainsi, par exemple, que
553 1563 1774 1622 M. Georges Duhamel, qui est un très grand écrivain, et peut¬
563 1621 1776 1667 Etre le plus grand romancier de ce temps, choisit ses personnages
549 1666 1775 1730 parmi les humbles, et qulil est cependant tout le contraire d’un
545 1701 870 1753 4 naturaliste 9.
588 1727 1772 1807 Mais M. André Thérive se rattache avec beaucoup de talent,
551 1790 1771 1853 et plus strictement, par exemple, que M. Emmanuel Bove, au
555 1836 1764 1885 naturalisme. Son nouveau roman, Le Charbon Ardent, remar¬
545 1880 1771 1929 quable par le ton comme par Iexpression, est peut-être, plus
545 1925 1768 1973 encore que Sans Ame, la peinture d’êtres que rien ne rattache
543 1968 1769 2018 àla vie, d étres amorphes, dépourvus didéal, d’étres las et dénués
539 2012 1765 2071 de dynamisme. Ajouterai-je qu'un tel art est à l’opposé de ma
543 2092 1766 2164 rer le talent de M. André Thérive. II y a, dans Le Charbon
544 2143 1775 2207 Ardent, une désolation implacable, une si absolue indifférence
550 2198 1769 2248 des personnages en face du destin que cela aussi constitue un
546 2238 1703 2289 paroxysme. Et lart, ce pourrait bien être le parovysme.
538 2278 1118 2350 (Grassel, Les Cahiers Verts.)
542 2336 1290 2409 L'Androméde, par Maurice GUIERRE,
572 2394 1748 2446 M. Maurice Guierre ne s embarrasse point de subtilités litté¬
531 2440 1760 2499 raires. Ses personnages sont taillés en plein hois. II y a le chie
535 2496 1755 2547 type, le salaud et l'autre salaud. Aussi bien n'est-ce point un
531 2540 1764 2596 roman psychologique aue veut écrire M. Maurice Guierre. II
540 2578 1758 2632 romance, pour nous, l'odyssée d’un sous-marin, II souléve, un
532 2641 1769 2693 instant, le volle qui recouvre les dessous de l’état-major de la
537 2673 1457 2715 Marmne. Mais il se contente de fröler la satire.
581 2706 1741 2763 L'Androméde est um roman dramatique qui va hon train,
534 2762 1755 2811 et dont les dernières pages ont de la grandeur. — (La Nouvelle
516 2798 931 2876 Société d’Edition.)
517 2850 1149 2940 Pont Egaré, par Pierre VERv.
556 2905 1751 2973 Un premier livre. Un curieux livre. Nul doute que M. Pierre
538 2970 1750 3010 Véry ne voie avec un ceil neuf. Certains tableaux paysans de
528 3007 1366 3081 Pont égaré sont saisissants. — (IV. R. F.)
524 3074 1535 3143 Les Femmes et l’Espionnage, par Robert BoucAkp.
561 3139 1740 3188 Robert Boucard est expert en l'art de nous faire frissonner en
530 3185 1742 3226 nous montrant les dessous de la guerre, — dessous, somme toute,
519 3235 1746 3286 non moins affreux que le dessus. Son nouveau livre, bourré de
527 3266 1747 3317 documents, se lit, comme les autres, d’un trait. — (Les Edi¬
529 3309 957 3383 tions Documentaires.)
530 3383 1535 3448 Madame Béate et son Fils, par Arthur SCHNITZLER,
572 3426 1741 3501 Un roman tragique, écrit avec un art discret ey nuancé par
531 3476 1734 3528 um des plus grands écrivains de ce temps. La luttel atroce de la
524 3521 1733 3573 morale et de la chair. C'est une histoire très simpleßetl atroce,
534 3571 1737 3640 contée avec un grand talent. Arthur Schnitzler vods donne la
533 3605 1109 3678 chair de poule. — (Aftinger.)
561 3668 804 3734 Divens:
554 3720 1734 3782 La Wie des Scurs Bronfé, un récit un peu trop littéraire pour
522 3782 1733 3839 mon goüt de I'étrange existence de trois sceurs, dont deux, au
522 3820 1702 3891 moins, eurent du génie, par Emilie et Georges ROMlEu. —
519 3862 783 3923 (V. R. F.)
538 3915 1735 3988 Paoilion hauf, par Paul CHAck. Histoires de combats navals.
556 3965 874 4037 — (Flammarion.)
1154 3995 1698 4075 Jacques CHAPANNES.
1780 158 2870 235 Frau Beate und ihr Sohn
1749 219 2875 273 # # d    er  ie e ete e ne
2847 890 2991 957 N..
2079 915 2730 983 A
2148 994 3078 1106 Argus Solsse et International de la Prese S. A.
2303 1078 2928 1152 23, Rue du Rhöne - GENEVE
2114 1126 3042 1227 Adr. télégr.: Coupures-Genéve — Tél. 44.005
2131 1208 3093 1291 Bureau International de coupures de journaux.
2240 1268 3011 1331 Traductions de et en toutes langues.
2144 1382 3076 1476 Correspondants dans toutes les grandes villes.
2351 1424 3039 1624 genie entnn
2097 1511 2519 1583 Extrait du journal:
2098 1603 2317 1681 Adresse:
2677 1566 3052 1718 8 #0. 929
2086 1720 2281 1799 Date:
2285 1999 2976 2097 Bibliographie
2138 2118 3128 2209 +Mädame Béate et son fils), par Arthur
2180 2178 3013 2250 Schnitzler.. — Editions Victor Attinger.
2163 2217 3137 2301 Depuis des dizaines d’années, l’écrivain au¬
2116 2274 3118 2352 trichien Arthur Schnitzler, dont une troupe al¬
2124 2327 3131 2396 lemande a joué naguère à Paris une des pièces
2115 2357 3167 2467 et qui est déjà très connu en France par la tra¬
2101 2405 3129 2483 duction de plusieurs de ses ouvrages, reste iné¬
2094 2492 3124 2585 galé dans l’art de décrire la vie sentimentale et
2103 2558 2860 2626 cachée de la bourgeoisie viennoise.
2145 2608 3101 2679 Vingt de ses productions témoignent d’une
2101 2659 3113 2714 réelle supériorité et de dons tout à fait excep¬
2097 2692 3112 2765 tionnels. Mais aucune de ses oeuvres, peut-être,
2101 2740 3116 2798 ne nous offre comme  Madame Béate et son
2101 2790 3101 2862 fils, une analyse aussi parfaite de l'äme hu¬
2109 2846 3098 2912 maine, des passions confuses qui viennent l’a¬
2108 2880 2239 2953 giter.
2121 2940 3100 3003 Comme en se jouant, l’auteur, qui fut méde¬
2093 2983 3113 3051 cin, pénêtre ici jusqu’au tréfonds du coeur des
2079 3023 3105 3088 hommes et arrive à faire de ses personnages
2096 3079 3112 3137 des étres vivants à un degré extraordinaire. Et
2100 3132 3119 3189 cest en véritable maitre du pinceau qu'il nous
2089 3171 3108 3249 brosse avec süreté et précision le décor dans
2098 3203 2584 3272 lequel ils se meuvent.
2132 3260 3102 3334 e Madame Béate et son fils ), aujourd’hui tra¬
2089 3304 3097 3383 duit en toutes langues, est un sujet aussi origi¬
2086 3348 3112 3424 nal que troublant. Arthur Schnitzler, dont on a
2098 3408 3105 3474 dit qu'il était un écrivain latin, l’a traité avec
2083 3453 3109 3520 une sobriété toute classique et surtout avec unej
2092 3484 3108 3581 rare délicafesse de ton et d’expression qui en
2093 3534 3089 3610 font une manière de chef-d’ocuvre. A. H.
3020 160 3364 251 box 4/5
