3436 4256
485 190 1602 264 Frau Beate und ihr Sohn
1714 186 2114 291 box 4/5
257 185 722 303 28. Fran
718 246 1587 309 Deute und Inr Sehn
2025 1069 3274 1150 tiefen Fall und einem jähen Erwachen — sie hört den jungen
802 1089 2037 1187 nisse und Versuchungen gefeit durch das Andenken an den
154 1115 810 1202 der sich Schnitzler seit dreißig
2022 1131 3264 1194 Liebhaber einem Kameraden gegenüber in häßlicher Knaben¬
804 1149 2031 1229 Einzige, Unerreichbaren, und die Liebe zum heranwachsenden
139 1180 808 1258 nd man muß sich schier darüber
2860 1174 3268 1244 versinkt ihre Na¬
2032 1197 2870 1257 haftigkeit sich seiner Erfolge rühmen —
807 1186 2029 1271 Sohn. Ihn umspannt ihr ganzes Gefühl, wie sie des Sohnes
149 1215 806 1300 diesem eng begrenzten Felde der
2030 1232 3272 1295 tur in einen Zustand selbstanklagender Hellsichtigkeit: ihr
813 1249 2024 1322 Fühlen mit dem ihren eins weiß. Auf ihrer Villa im Salz¬
145 1271 817 1340 Seiten abzugewinnen, ja seine
2032 1279 3266 1344 eigenes und ihres Gatten vergangenes Bild leuchtet in neuen,
811 1279 2041 1367 kammergut wo sie den Sommer mit dem Siebzehnjährigen
152 1317 812 1379 en stetig zu vertiefen, so daß er
2038 1318 3272 1390 trüben Farben. Andeutungen, die ihr früher kaum aufgefallen
805 1341 2040 1422 verbringt keimt ihr jäh und verwirrend zum erstenmale die
147 1368 823 1433 pielerischen Pierrottum der Ana¬
2034 1362 3272 1425 waren, empfangen plötzlich Sinn und Richtung. Jetzt weiß
809 1381 2024 1463 Erkenntnis des veränderten Verhältnisses auf: der Jüngling,
155 1407 811 1476 erzlichkeiten der Liebeleien stetig
2035 1405 3277 1475 sie, daß sie dem über alles geliebten Gatten nur eine unter
803 1421 2030 1494 sonst beichtfreudig selbst in seinen kleinen erotischen Geheim¬
146 1439 821 1522 ntragischen Untergründen dieser
2032 1456 3262 1519 vielen war, aber auch sie selber erkennt sich als treulose Ge¬
824 1470 2035 1544 nissen, geht verschlossen seine eigenen Wege, und deren Spuren
134 1488 834 1570 gen ist und die vordem als End¬
2028 1492 3273 1574 treue: in dem einen hatte auch sie nur die vielen geliebt, die
153 1532 255 1576 Den
817 1516 2039 1590 führen zur Villa einer verderblichen Kokette, der Frau Beate
148 1545 820 1612 illeuschilderung nur mehr als
2038 1550 3276 1610 mannigfachen Gestalten von Helden und Bösewichtern, in denen
808 1558 2042 1638 das Erwachen der ersten Leidenschaften ihres Kindes am aller¬
143 1584 815 1662 tigkeit für seine gesellschafts¬
2031 1588 3273 1680 der Gatte auf der Bühne sich ihren wechselsüchtigen Sinnen
815 1599 2045 1693 wenigsten anvertraut wissen will. Zwar gibt sie sich selbst
167 1618 826 1701 e Gesellschaftskritik freilich, die
2044 1622 3275 1707 offenbarte. Eine tief Zerknirschte, sich selber Verdammende
819 1654 2045 1728 nicht Rechenschaft über ihr wahres Gefühl, hält für reine
164 1664 831 1743 Zeilen wird lesen können. Auf¬
2046 1683 3284 1748 rafft sie sich zur letzten Rettung auf. Sie will mit dem Sohne
811 1683 2045 1756 mütterliche Angst, was dumpf als Eifersucht brodelt, denn in
150 1720 822 1790 em Wesen, als dem eines echten
2035 1727 3281 1794 diesem Dunstkreis der Verworfenheit entfliehen, ihn und sich
820 1747 2045 1816 dem Jüngling inkarniert sich die Witwenliebe zum Gatten mit.
147 1766 823 1838 ehr Betrachter seiner Welten,
2043 1768 3281 1844 von einer Enttäuschung zu heilen, ihm das Ideal der Mutter
819 1791 2041 1867 Auch dessen wird sie sich nicht klar, daß sie zum zweitenmale
150 1814 834 1878 nlagung nach, Bezweifler aller
2036 1813 3270 1891 zu bewahren. Zu spät. Schon ist der Sohn Mitwisser des
822 1832 2052 1904 einen Schritt tut, der für das liebende Mädchen schon un¬
159 1850 823 1926 so man mit diesem Begriffe fest¬
2054 1849 3280 1928 Geheimnisses der Mutter. In einer tiefverirrten Stunde, auf
830 1879 2056 1959 gewöhnlich war: wie sie einst den Gatten, da er noch in den
148 1892 832 1983 en will. Ein Zuviel an Klugheit,
2048 1907 3267 1977 nächtlicher Bootfahrt, bricht sich die Beichte los und die gegen¬
825 1915 2051 1990 Händen einer alternden Geliebten war, durch einen resoluten
149 1934 840 2014 unheimlich scharfer Blick für die
2050 1950 3272 2022 seitige Erkenntnis, aus der es keine Rückkehr zu den Leben¬
831 1961 2054 2043 Besuch im feindlichen Lager befreite, nimmt sie jetzt den offenen
154 1987 841 2062 schen Regungen verleihen seinen
2044 1998 3282 2067 den geben kann. Eine letzte schmerzliche Sehnsucht steigt aus
830 2011 2044 2085 Kampf. mit der Nebenbuhlerin auf. Der vemneintliche Sieg
159 2033 830 2096 des Verfließenden, Schillernden,
2044 2026 3270 2103 1 der Tiefe ihrer Seele und flutet dunkel in die seine über.
823 2058 2054 2137 wird ihr zur Niederlage: die glatte Gemeinheit, die selbst die
153 2072 832 2152 ufiges Versagen im Drama, das
2045 2074 3268 2160 Mutter= und Weibesliebe kennen ihre Grenzen nicht mehr.
822 2101 2056 2181 Wahrung des äußeren Scheins für überflüssig hält peitscht
158 2103 830 2192 t. Dennoch vollziehen sich Schick¬
2048 2108 3277 2201 Aus dumpfer Ohnmacht keimt nur ein Wille mehr auf: der
831 2135 2046 2223 ihre Phantasie auf so daß sie, die bisher unberührt durch
151 2174 823 2236 menschliche Tragödien. Sie wach¬
2053 2179 3275 2243 nach dem Ende. In die nächtlichen Fluten des Bergsees zieht
824 2204 2050 2277 lüstern liebelnde Menschen wandelte, nun überall den Hauch
150 2213 833 2286 Atmosphäre, in deren zersetzendem
2041 2233 3279 2284 die Selbstmörderin den Sohn und Geliebten mit hinab, ein
821 2240 2059 2323 des gleichsam in der Luft des Sommertages schwebenden all¬
150 2245 834 2332 n. Augenblickseingebungen, Worte
2055 2268 3281 2331 letzter angsterfüllter Blick kündet Verständnis und Ver¬
840 2285 2055 2361 gemeinen Begehrens körperlich empfindet, Männerblicken neue
147 2291 836 2378 hts. Die Tat, oder was man so
2059 2320 2296 2399 zeihung.
833 2314 2044 2419 Deutung gibt und sich, halb noch widerstrebend, vom Fluidum
149 2346 840 2414 ung. Niemand meistert sie. Sie
2132 2337 3281 2418 Meisterschaft der künstlerischen Behandlung allein recht¬
840 2361 2051 2456 gesetzloser Auslebewünsche umschmeichelt fühlt. Mählich geht
163 2382 831 2468 ß man's so recht wollte vernichtet
2049 2399 3272 2478 fertigte die Kühnheit dieses Vorwurfs, und es bedurfte einer
836 2409 2046 2487 ihr das Empfinden für den schwankenden Boden auf, auf dem
157 2431 837 2511 die man gefestigt glaubte, brechen
2058 2448 3291 2517 ebenso zarten wie kundigen Hand und einer tiefen Vertrautheit
825 2457 2058 2530 die Menschheit dieses mondänen Kurorts sich bewegt, und es
151 2484 839 2550 ernichtet körperlicher oder seelischer
2052 2493 3278 2555 mit den möglichen Irrfahrten der Menschenseele, um mit solch'
833 2509 2064 2595 wird ihr offenbar, wie unter der Sicherheit äußerer Formen,
150 2535 841 2620 hied? Im Grunde genommen
2058 2535 3284 2595 unentrinnbarer innerer Geschlossenheit, wie sie hier ausgewirkt
827 2562 2054 2619 unter der scheinbaren Glätte der Sitten tausend Abgründe
2055 2564 3286 2656 ist, aus einem anfänglichen sommerlichen Idyll diese schwere
833 2596 2055 2688 schlummern, an denen sie bisher achtlos vorbeigeschritten ist.
151 2599 847 2693 des gesellschaftlichen Bodens und
2053 2619 3287 2694 Tragik hervorwachsen zu lassen. Das künstlerische Prinzip der
837 2643 2064 2723 Das seltsamste aber ist: daß sie auf all diese Reize gar nicht
148 2666 847 2743 isch zu Mensch gab Schnitzler den
2049 2684 3279 2735 Novelle, einen einzig gearteten Fall bei äußerster Aussparung
840 2695 2055 2761 mehr mit kräftigem Widerstande zu reagieren vermag, sich
151 2707 843 2778 n Drama, dem „Weiten Land“, als
2058 2715 3292 2776 der Mittel und Konzentration auf das Wesentliche des Vor¬
840 2727 2063 2808 vielmehr spielerisch eingelullt fühlt, sich treiben läßt, mit einem
141 2752 839 2834 umeister Solneß der Serualität“
2069 2766 3279 2834 ganges zwingend aus den Bedingungen der Umwelt zu ge¬
843 2772 2066 2857 leisen Lächeln, einem Augenaufschlag Hoffnungen weckt, an
163 2782 846 2863 der an der Wende des vierten
2057 2805 3280 2880 stalten, ist hier mit einer reifen Könnerschaft gewahrt. Aufs
834 2811 2053 2912 deren Erfüllung sie nicht denken möchte. Das Schicksal des
151 2836 843 2914 zweifelten Kampf als mählich ver¬
2052 2843 3290 2910 Neue offenbart sich Schnitzlers Begabung eines sonveränen
848 2866 2060 2941 Sohnes gleitet darüber in neblige Fernen ab, und die vorerst
148 2895 847 2961 besspiels ausficht. Aus dem glei¬
2069 2888 3276 2961 Spiels mit seinem Stoff; er verzichtet auf alle äußerlichen
833 2914 2059 2993 nur geduldete, dann widerstrebend geförderte Anbetung eines
147 2937 842 3008 ne neueste, und vielleicht beste, No¬
2053 2924 3280 3007 Verwickelungen und Enthüllungen, auf jegliches wirksame
848 2961 2059 3033 Schulfreundes ihres „Buben“ wird schließlich Frau Beatens
149 2970 856 3054 btile Mutterschaftstragödie, in der
2068 2991 3294 3062 Feuerwerk der Konfliktsknotung; er läßt wohl Möglichkeiten
852 3007 2062 3080 Schicksal. In einer Mischung von eifersüchtigem Trotz wider
151 3029 850 3089 der Bindung mütterlicher und ero¬
2066 3036 3288 3096 solcher Art ahnen, verschmäht sie indessen mit einem leisen
847 3057 2061 3120 den Sohn, den sie nunmehr jener Kokette verfallen weiß, und
157 3074 845 3139 ird. Frau Beate, die jugendliche
2060 3081 3293 3143 Lächeln und taucht dafür stetig tiefer in den Abgrund seelischer
853 3086 2064 3169 jener laxen Allgemein=Moral, daß sie ja niemand Rechenschaft
149 3109 860 3194 keines berühmten Schauspielers, de.
2067 3132 3290 3202 Verwirrung hinab. Die schon im „Leutnant Gustl“ bewunderte
851 3145 2062 3214 schulde, versinkt sie in den gefährlichen Rausch der reifen Frau,
151 3164 854 3233 freudigkeit heraus entrissen wurde,
689 3194 799 3244 10110
153 3171 3294 3275 und herzhaften Art gegen alle Fähr= der sich der erstmals erglühende Jüngling bietet. Über diesem [.Kunst, Menschen mit sich allein sein zu lassen, ein vage hin¬
2054 3229 3288 3312 geworfenes Wort, eine Stimmung zu dumpfen Entschlüssen zu
2055 3279 3281 3342 formen, die Umwelt in ganz bestimmten, nur dieser Seele
2049 3314 3275 3388 eigenen Reflexen sich spiegeln zu lassen, zeigt sich in dieser No¬
2058 3360 3284 3434 volle auf ihrer alten Höhe. Und wundervoll ist, bei aller schein¬
2054 3408 3279 3480 baren kühlen Objektivität, die innere Anteilnahme des Er¬
2057 3449 3280 3521 zählers an den Geschicken seiner Geschöpfe, jene lässige, wissende
2054 3489 3285 3568 Melancholie, die wie die regenschwere Verhangenheit eines
2056 3542 3298 3620 düsteren Bergsees in matten Schwaden über dem Vortrag
2994 3586 3266 3671 F. Ph. B.
2052 3594 2293 3691 lagert ..
