3436 4224
487 207 1560 279 rau Beate und ihr Sohn
1612 208 2086 312 box 4/5
241 206 1552 321 28. Aa4 1   n un e
983 1057 1600 1131 Die Erotik als Schicksal
2119 1062 2460 1138 Karl Rosner
996 1219 2469 1286 über sie kommt — der Verrat des eitlen dummen Buben, der seinen Erfolg
1001 1265 2465 1322 nicht verschweigen konnte. Nun weiß auch Hugo um den Fall der Mutter,
986 1307 2466 1375 und er erkennt: was da geschehen ist, kann nie mehr wieder gut
991 1352 2461 1411 werden. Mit dem Sohne fährt Frau Beate in dieser Stunde auf
994 1397 2470 1460 den nächtlich ruhenden See, in schmerzlichen Erschütterungen finden
997 1436 2466 1506 sich Mutter und Sohn zu einem letzten Verstehen und gehen unter,
986 1489 2471 1547 nachdem ihre fiebernden Triebe sie bis vor die frevelvollen Grauen des
986 1525 1394 1585 Incestes führten.
1130 1568 2460 1625 Den Inhalt dieser jüngsten großen Novelle Arthur Schnitzlers
993 1626 2468 1664 erzählen, hieß ihre Vorzüge darlegen und ihre Schwächen aufdecken zugleich.
986 1671 2471 1713 Sie ist das Werk eines Virtuosen, eines großen Könners, der hier in der
992 1706 2462 1769 Freude an der Bewältigung technischer Schwierigkeiten, an dem Aufbau
996 1750 2470 1813 und der Lösung eines verwirrenden Problems schwelgt. Ist nicht so sehr
991 1803 2467 1871 das Werk des Dichters, der seinen „Weg ins Freie“ mit dem Herzen fand,
991 1846 2467 1885 als des Artisten Schnitzler, der ein feiner Kenner und ein diskreter Vor¬
984 1877 2453 1923 bereiter aller Wirkungen ist. Der hier nicht eine herzbeklemmende Tra¬
984 1923 2462 1982 gödie des Lebens sah und vor ihr stand, und von ihr zu uns sprach: seht,
997 1979 2458 2035 welch ein Grauen! — sondern der zu Verknüpfungen, die seinen Verstand
986 2007 2457 2080 verlockten, die Menschenbilder suchte, die Schicksalslinien bog. Der
996 2061 2466 2111 alle „Teile in seiner Hand“ vereinigte und so zu einem Werke kam, vor dem
992 2103 2336 2156 der Leser nur zu oft an Goethes encheiresin naturae denken mag.
1126 2147 2466 2192 Daß der Novelle, trotz dieser Konstruiertheit, die Schnitzler mit
989 2197 2452 2250 aller Kunst des Erfahrenen umkleidet, und trotz des zum mindesten über¬
990 2226 2453 2296 flüssigen Ausfluges in die Sexual=Pathologie am Schlusse, große Schön¬
990 2286 2455 2343 heiten zueigen sind und daß vielfach der Dichter den Artisten energisch
993 2326 2459 2387 beiseite drängt, soll besonders betont werden. In einer Zeitspanne von
993 2363 2458 2431 wenigen Wochen spielt die Erzählung, aber die Reflere aus den vollen
979 2413 2455 2486 Menschenleben ihrer Akteure zucken in ihr. Was war und lange ruhte,
988 2455 2464 2502 reckt sich noch einmal aus dem Grabe, greift in das Leben: Und nichts,
985 2496 1510 2562 was wir erlebten, stirbt -
1119 2521 2449 2596 Diesen Gedanken hat auch Konrad Vollert in seinem
980 2586 2457 2632 Romane gestaltet. Durch die Entwicklung seiner „Sonja“*) bekennt
983 2627 2453 2694 er sich zu ihm und gibt er zugleich die These von seiner Unzulänglichkeit.
987 2676 2448 2732 Denn wo ist Anbeginn und wo ist Ende unseres Erlebens? Lebt in der
988 2723 2449 2769 neuen Blüte nicht der Zweig, der Ast, der Stamm, das Erdreich, das die
986 2764 2454 2805 Wurzeln nährte? Und wird nicht einst im Fruchtkorne, das wieder neue
979 2810 2457 2872 Blüten birgt, auch etwas von dem Erbe der lang Verwelkten umschlossen
990 2859 2457 2898 sein — sich treibend, drängend rühren, wenn die Sonne leuchtet, die ihm
992 2896 2449 2947 schon einmal in versunkenen Vergangenheiten schien? Weit über das
987 2941 2449 2992 Maß unserer Erdentage hinaus geht das Erleben unseres Blutes, und
986 2987 2443 3043 ahnende Erinnerungen an die Schicksalswege unserer unbekannten und
980 3034 2445 3105 hinweggenommenen Vorderen zucken in uns, greifen feindlich oder gütig
977 3070 2137 3124 ein in unseren Willen, bestimmen mit über unser Tun.
1124 3114 2445 3177 Schon in Frau Agnes Marcus, der Mutter, die sich wenige Monate
988 3170 2454 3201 nach ihrer Hochzeit von einem Freunde küssen ließ, war Sonja, so wie
983 3207 2447 3249 später in Sonja die Tat der Frau Agnes ist. Zwei Söhne hat die Mutter
985 3251 2456 3295 dem Gatten, mit dem sie auf dem schönen Schloßgut lebt, geboren, dann
982 3294 2443 3354 stirbt er, und die junge Frau bleibt nun allein. Und nach Jahren dieser
979 3341 2442 3401 Witwenschaft, in der Frau Agnes ihre Musik wieder mit Leidenschaft
1117 3394 2367 3446 *) J. G. Cotta'sche Buchhandlung Nachfolger, Stuttgart und Berlin.
2297 3473 2459 3575 165
