3344 4256
468 134 912 209 rau Beate
938 133 1511 207 und ihr Sohn
212 136 923 247 23. K. Sennenennc.
932 195 1529 247 „
477 275 964 354 (Quellenangabe ohne Dewähr.)
258 346 1301 451 ischnitt aug BRAZGR TAGBLATE
478 445 742 538 1- J0N. 1915
268 473 350 547 n:
340 507 499 597 1
260 523 303 609 1
1139 556 1258 640 A. H.
381 605 1329 682 Frau Beute und ihr Sohn. Novelle von
290 648 1248 732 Artur Schnitzler. Verlag S. Fischer, Berlin.
288 710 1317 761 Kühn und kans mutet Schnitzlers Erzählkunst in
295 759 1327 835 seinen letzten novellistischen Werken an. Schon in den
293 803 1327 859 „Masken und Wundern“ hat er an heille Stoffe gerührt
291 848 1328 897 und hier in dieser anderthalbhundert Seiten langen No¬
289 887 1328 957 velle ist es eine Frau im „gefährlichen Alter“, deren
287 940 1319 994 zweites Liebesleben er mit peinlicher Intimität sommer¬
294 976 1323 1033 schwül und schicksalshart malt. Die Witwe eines be¬
300 1024 1336 1074 rühmten Schauspielers verliert sich an einen grünen
306 1064 1317 1127 Jungen, den Studienfreund ihres einzigen Sohnes, der
298 1108 1327 1161 in den lockenden Armen einer kokottenhaften Schau¬
302 1150 1320 1206 spielerin seine frische Jugend vergendet. Die bemein¬
294 1196 1329 1262 same Schande — der prahlsüchtige „Freund“ piaudert
301 1236 1316 1306 in ekler Weise seine nächtlichen Liebesabenteuer aus —
290 1297 1327 1347 vereint MMutter und Sohn, bei einer Kahnfahrt in schwei¬
287 1338 1327 1393 gender Nacht kommt es zur Aussprache, zum Sichfinden
297 1387 1321 1442 und „im verführerischen Vorgefühl der ewigen Nacht
293 1435 1254 1476 gaben sie die vergehenden Lippen einander hin.
292 1461 1330 1526 Beate war es, als küßte sie in dieser Stunde einen, den
286 1501 1330 1563 sie nie gekannt hatte und der ihr Gatte gewesen war,
292 1551 1334 1608 zum erstenmal.“ Und Frau Beate zieht ihren Sohn mit
293 1592 1337 1656 ins Wellengrab. Es bedurfte der raffinierten Gestäl¬
289 1639 1338 1696 tungskraft des psychologischen Routiniers, um den inzest¬
286 1695 1325 1742 artigen Stoff hart an den Klippen der Widerlichkeit vor¬
1059 1718 1316 1799 EA
290 1731 571 1806 bizubringen.
354 1802 760 1868 Aussez-..
714 1850 1445 1964 Aaus Mähren und Schlesien
350 1904 514 1967 vom:
692 2006 1542 2104 Abenbin
751 2129 1116 2225 Literatur.
415 2205 1546 2301 Artunkuilen-Grau Beate und ihr Sohn. Novelle.
324 2248 906 2315 (Verlägvon S. Fischer, 2
1011 2263 1538 2321 rei 2 M. 50 Pf.) Das
324 2302 1545 2363 neuesie Werk Artur Schnitzlers gehört der Gattung an, in der
324 2343 1547 2403 der Dichter bereits mehrfach sein hervorragendes Können bewährt
311 2375 1540 2460 hat. Wir erinnern nur an die ergreisende Novelle „Sterben“, die
320 2426 1531 2466 Engefähr am Ausgangspunkte seiner literarischen Laufbahn steht.
313 2462 1527 2498 Um so interessanter ist es zu beobachten, wie sehr sich Schnitzlers
311 2485 1535 2554 erzählende Kunst in diesem neuesten Werke verfeinert hat. Die
324 2539 1534 2605 Form ist nunmehr ganz reif geworden, Aufbau und Komposition
326 2574 1537 2634 haben einen hohen Grad von Vollkommenheit erreicht. Wundervoll
316 2615 1535 2670 abgeklärt ist die mit Folgerichtigkeit festgehalt ne epische Dar¬
312 2657 1532 2712 stellung, ruhig gleitet die Erzählung dahin, um uns dadurch nur
307 2697 1527 2754 um so gewaltiger zu packen, um so sicherer zu fesseln. Auch dies.
314 2736 1533 2809 mal, wie so oft, behandelt Schnitzler, der feine Kenner der weib¬
317 2772 1526 2823 lichen Psyche, ein Problem aus dem Leben der Frau. Die zwei
316 2822 1533 2877 Komponenten, in die schon Weininger den Begriff Weid zerfallen
312 2861 1521 2919 läßt: Mutter und Dirne, diese beiden Hauptseiten der weidlichen
311 2891 1528 2956 Natur, die einander so schroff entgegengesetzt sind, legt der Dichter
318 2943 1529 2979 an der Hauptgestalt seiner Novelle, an Frau Beate, poetisch dar.
325 2973 1537 3033 Frau Beate, ein noch lebenslustiges, blühendes Weib wendet
313 3010 1530 3081 nach dem Tode des Gatten ihre ganze Liebe dem herrlich heran¬
305 3051 1525 3111 wachsenden Sohne zu. Sowie in das Leben des Jünglings die
311 3093 1528 3159 Liebe triti, flammt auch im Herzen Beatens das Feuer auf, das
312 3137 1521 3191 so lange nur geglommen. In einer schwülen Sommernacht gibt
313 3178 1529 3232 sie sich einem Altersgenossen ihres Sohnes. Sie wird die Geliebte
311 3217 1520 3264 eines nur Thalbreifen Mannes. Bestrickt von den Fesseln ihrer
315 3258 1516 3313 Einnlichkeit verliert sie die Führung über ihren Sohn, der sich
321 3291 1534 3343 run auch zügellos den weichen Freuden einer reinfleischlichen
314 3335 1513 3392 Liebe ergibt. Mit schauerlicher Notwendigkeit bricht nun die Kata¬
314 3379 1525 3426 strophe herein. Der Sohn, dessen kindlich unberührtes Gemüt in
306 3407 1518 3449 der Multer eiwas Heiliges erblickt hat, sieht in dem Augenblicke,
306 3458 1508 3508 in dem er von ihrer Schwäche erfährt, sein Ideal zerstört, ver¬
312 3492 1521 3549 ichtet. So ist ihm, der wohl auch unter der Depression der ersten
317 3536 1515 3588 Liebeserlebnisse leidet, der Tod eine Erlösung. Gemeinsam mit
308 3584 1512 3627 ihm stirbt Frau Beate, die von der stolzen Höhe der Mutterschaft
310 3612 1516 3672 herabgestürzt ist in ### Niederung des fleischlichen Genusses. Mit
316 3654 1518 3701 gewältiger Kraft erzahlt uns Schnitzler diese seltsame Geschichte,
313 3694 1522 3740 in der er sich wieder als Meister sobtilster Seelenbeobachtung
313 3735 1507 3786 zeigt. Die Tragik Frau Beatens darf man freilich nicht vom
304 3774 1511 3817 Standpunkt der gemeinen Moral aus beurteilen. Denn danach
307 3813 1512 3859 wäre ihre Schuld nicht so groß, gewiß nicht todeswürdig. Aber
301 3847 1520 3905 vor den höheren Gesetzen der Mutterpflicht, die bedingungslose
309 3889 1514 3948 Selbstentäußerung erfordern, ist Beate schwer schuldig geworden.
305 3926 1516 3977 Und daß uns der Dichter davon restlos überzeugt, das mußgman
304 3971 1001 4038 ##hm als höchstes Verdienst alrechnen.
383 3966 1527 4084 Vershard Kellermann: „Der Tunnei“ #
1665 130 2039 222 box 4/5
1597 316 2248 399 sinniger stolzen, tingen Frau .
1801 355 2927 427 Herz lange Jahre verounkelt. Doch der große innere
1605 385 1784 443 itektoni¬
1805 422 2608 477 Wert meines Lebens bist du geworden ..
1614 419 1779 492 hat in
1804 464 2930 539 Artur Schnitzler: Frau Beate und ihr
1592 475 1781 537 ie gute
2949 488 3113 567 Allg.
1834 508 2748 566 Sohn, Novelle. — S. Fischer, Verlag, Berlin.
1594 522 1784 576 jus ge¬
2945 554 3113 611 Kuflust
1906 552 2934 621 In seiner Erzählung „Frau Beate und ihr Sohn“ ge¬
1602 557 1785 619 uzierten
2953 598 3118 656 Preise
1812 592 2932 654 staltet Schnitzler aus dem weichen, verfeinerten Wiener Milieu,
1605 599 1785 661 mentiert
2959 642 3132 704 unverän
1804 654 2935 703 aus dem er alle Konflikte seiner Werke holt, ein Schicksal, das,
1608 648 1774 704 alerische
1797 689 2940 747 ein Urtypus menschlicher Konflikte, in einer reinen Tragik
1608 691 1774 750 in Kon¬
2959 716 3128 786 per Okt
1813 729 2935 798 emporwächst Er zeichnet eine Mutter und ihren erwachsenen
1606 740 1787 797 ner ver¬
2954 772 3103 827 Mais
1815 775 2935 828 Sohn. Frau Beate lebt mit ihrem immer noch reichen und
1633 779 1788 834 Hand¬
2949 813 3114 867 K. 8.0
1803 811 2928 873 jungen Blut in Witwentreue dem Andenken ihres Mannes.
1619 821 1782 875 welchen
2961 857 3138 930 K. 16.5
1811 864 2926 907 Dieses Gefühl umspannt auch ihren Sohn, als das nur
1614 864 1792 934 Blätter
1806 902 2938 963 der Mutter zugewandte und zugehörige Kind, bis sie eines
1815 953 2928 1005 Tages sieht, daß er seinen eigenen Weg zum Abenteuer
1609 954 1791 1022 Dr. Karl
1809 989 2882 1063 und zu den Frauen zu gehen beginnt. Anfangs sucht
1607 1001 1787 1064 nmlung
2961 1005 3132 1065 per In
1806 1043 2944 1090 den Sohn zu halten, aber das Erstaunen über die
1620 1050 1783 1109 s allen
2956 1050 3127 1117 203.25,
1807 1077 2940 1141 tiefe, ihr unzugängliche Wandlung in seiner Seele bringt
1616 1097 1788 1151 dungen.
2961 1097 3125 1154 165.75,
1812 1118 2939 1170 auch in ihr Leben und Blut eine Veränderung. Auch in ihr,
1621 1138 1790 1196 Berlin.
2955 1143 3144 1216 stetig. 2
1807 1166 2933 1213 der Mutter, erwacht die Jugend, sie unterliegt, sie gibt sich
1659 1179 1793 1252 jeher
1822 1212 2942 1273 einem Freunde ihres Sohnes hin. Die Klarheit und Wach¬
1669 1224 1793 1294 zum
2965 1244 3142 1317 9. Jur
1821 1251 2940 1300 heit ihrer Natur schwindet, sie überläßt den Sohn seinen Ge¬
1665 1271 1795 1324 zum
2969 1289 3123 1349 wirkten
1821 1292 2934 1354 lüsten und sich den ihren. Ihr Leben trübt sich bis zur
1668 1310 1788 1368 mehr
2959 1331 3155 1408 matt, so
1817 1335 2944 1392 Rettungslosigkeit, als sie ihren jungen Liebhaber mit seinem
1615 1354 1791 1412 ie Salze
1821 1388 2931 1436 Siege renommieren hört. Und nun erfährt auch der Sohn auf
1624 1400 1798 1460 mischen
1821 1433 2941 1483 üble Weise, was seine Mutter treibt. Er ist sassungslos, er
2960 1412 3143 1491 Weiz
1619 1446 1790 1500 nen es
1802 1467 2940 1530 kann es nicht verstehen, er fühlt sich ganz nur als das Kind
2966 1474 3124 1528 burger
1622 1478 1799 1545 inen zu
1808 1504 2938 1569 und die Frau nur als die Mutter, er vermag das Leben nicht
2954 1511 3135 1584 Südbah
1631 1530 1797 1587 wollen,
1813 1566 2954 1614 mehr zu ertragen. Nach einer unheimlichen, tief verirrten
1627 1573 1797 1631 lverung
1817 1607 2950 1659 Stunde auf dem nächtlichen See nimmt ihn Beate mit sich in
2961 1600 3059 1658 bis
1619 1620 1710 1677 zit
1821 1632 2954 1695 den Tod. Die Liebe zum gleichaltrigen Freunde des Sohnes
2958 1644 3140 1702 K. 9 55
1619 1666 1797 1718 n, vom
3015 1685 3129 1744 9.41
1824 1690 2946 1746 ist ein Inrost: das, und nicht ein Konflikt bloß bürgerlicher
1626 1705 1805 1761 Gruben
1813 1729 3149 1792 Art, ist per Sinn der Novelle, die Schnitzlers tiefe Seelen# österreic.
1629 1749 1791 1800 wonnen
3024 1776 3153 1830 9.45
2986 1779 3022 1825 K
1819 1774 2708 1845 analyse auf immer kühneren Wegen zeigt. (720.
1635 1789 1803 1851 ilt hier
2808 1776 2906 1855 ¾
1645 1828 1801 1884 e Ent¬
1829 1811 3157 1901 Das deutsche Douf. Von Robert Miel k#. C„Auflagé ((Statione
1650 1875 1804 1940 innung
1858 1883 2953 1949 Mit 51 Abbildungen. („Aus Natur und Geisteswelt.“ Samm¬
2976 1894 3147 1965 gersie
1643 1919 1808 1975 Trans¬
1866 1919 2953 1990 lung wissenschaftlich=gemeinverständlicher Darstellungen aus
2978 1943 3148 2011 K 8.70
1642 1960 1813 2020 onders
1878 1973 2960 2032 allen Gebieten des Wissens. 192. Bändchen.) — Verlag von
2976 1985 3167 2059 ungarisa
1677 2005 1808 2074 erste
1868 2027 2667 2076 B. G. Teubner in Leipzi- und Berlin.
2967 2037 3185 2103 bis K. 10
2442 2032 2948 2126 zweiter, vermehrter Auflage
1928 2065 2389 2124 Der Verfasser des un
2973 2075 3184 2138 K. 9.20 b
1644 2082 1797 2159 n Aus¬
1827 2099 2962 2167 vorliegenden Bändchens geht v#. den Ansängen der vörflichen
1648 2147 1806 2221 #isches
1830 2151 2959 2214 Siedelungen in Deutschland aus und zeigt, wie sich mit dem
2970 2160 3180 2232 f. 11.54
1823 2191 2953 2246 Wechsel der Wohnsitze die Gestaltung des Dorses änderte,
1819 2237 2146 2308 psien
2224 2218 3176 2301 hastl:# „„ „olnischen Ber##wissen K. 8.54,
1697 2228 1811 2311 den
1825 2569 2982 2664 Aussonnitt anstowitzer ##blatt, Czernowita
2172 2626 2447 2704 11.000.195
1827 2672 1991 2730 vom:
1917 2718 3027 2819 Frau Beate und ihr Sohn. Novelle von Arthur
1752 2777 3020 2865 Ichit#l###Preis gebunden 4 K 20 h. In „Frau Beate
1759 2834 3025 2910 und ihr Sohn“ gestaltet Schnitzler ein Schicksal, das ein Ur¬
1760 2882 3023 2957 typus menschlicher Konflikte, in eine reine Tragik empor¬
1755 2918 3025 3014 wächst. Er zeichnet eine Mutter und ihren erwachsenen Sohn.
1750 2969 3023 3064 Frau Beate ist Witwe und lebt mit ihrem immer noch rei¬
1760 3011 3033 3102 chen und jungen Blut in Witwentreue dem Andenken ihres
1764 3069 3028 3170 Mannes. Aber noch einmal erwacht die Jugend in ihr,
1764 3115 3031 3213 sie unterliegt, sie gibt sich einem Freunde ihres Sohnes hin.
1764 3187 3036 3263 Der Sohn erfährt es, er ist fassungslos, er kann es nicht
1761 3223 3036 3317 verstehen, er fühlt sich ganz nur als das Kind und die Frau
1771 3258 3042 3353 nur als die Mutter; er vermag das Leben nicht mehr zu er¬
1770 3312 3043 3403 tragen. Beate nimmt ihn mit sich in den Tod, nach einer
1764 3359 3042 3439 unheimlichen, tief verirrten Stunde auf dem nächtlichen
1761 3420 3047 3509 See. Die Liebe zum gleichaltrigen Freunde ihres Sohnes
1767 3468 3045 3536 ist ein Inzest, das ist der Sinn der Novelle, die Schnitzlers
1777 3515 2981 3597 tiefe Seelenanalyse auf immer kühneren Wegen zeigt.
1907 3616 3070 3714 *) Die mit“ bezeichneten Bücher sind in der Buch= und
1765 3694 2978 3796 Papierhandlung Leon König, Ringplatz 6 erhältlick.
