3484 4256
720 183 808 266 B
1418 176 1610 266 Sohn
1228 186 1368 267 ihr
1044 198 1146 266 Un
1728 179 2130 285 box 4/5
291 192 1612 312 28. Fraueen te.  523
2548 888 2652 977 931
1581 921 2225 1006 Über einige Romane und Novellen
191 992 769 1080 eingeschnitten, das ... in
1145 1006 2660 1088 eine bedauert man gelesen zu haben. Sie alle sind voll von Schmidt¬
205 1054 762 1126 er fängt sie, aber in Erd¬
1136 1076 2670 1128 bonnschem Wesen, sie haben etwas von dem Sarg, in dem Jan Ademar,
197 1113 765 1188 Der Diebstahl der „Mona
1134 1136 2667 1206 der Dichter, begraben wird: „einfache Bretter, blau gestrichen und mit
205 1176 769 1249 Drei Freunde treten täg¬
1139 1189 2667 1257 hundert Blumen, Dögeln und Sternen bemalo“; nicht gefällig, mit
195 1243 780 1313 icht; eines Tages schreitet
1135 1246 2671 1300 Killen, Wcken, Kanten, gegenständlich, stumpffarbig stehn sie da. Und
191 1296 770 1373 tihnen, wohnt mit ihnen,
1125 1312 2653 1356 viele Geschichten, wie die vom Tode Ahasvers, vom Pfau, von Ade¬
198 1349 760 1428 ligkeit. Von diesem Tage
1128 1371 2660 1425 mar, sind, sobald man sie auch nur einmal gelesen hat, ein geistiges
204 1409 767 1487 „als ob alle Kirchtürme
1133 1431 2670 1497 Gut, das sich nie mehr verliert. Jumal das Märchen vom Kuderknecht
200 1468 761 1547 n“. Immer fühlen sie die
1127 1489 2663 1560 ist ein dichterisches Wunder; ein Grimmsches Märchen, von Wilhelm
200 1529 758 1609 f ihrer Diele blühen, aber
1130 1540 2656 1613 Schmidtbonn, voll zartester Verseelischung und Differenzierung, ein
188 1594 762 1667 ehrt ihre Jugend auf, sie
1128 1592 1965 1678 Grimmsches Märchen unserer Tage.
190 1648 767 1724 Pahren. Und der Schluß
1164 1655 2661 1733 Wilhelm Schäfers „Anekdoten““ sind nicht voll solcher mpthisie¬
194 1706 766 1777 nerste Lehre dieser Mär¬
1127 1718 2663 1791 render Kraft, aber gegenständlich wie sie, und an kunstreicher Ausbil¬
190 1766 760 1847 fangen „auch in ihm diese
1128 1780 2670 1860 dung der erzählenden Technik überlegen. Sie sind das erste Drirtel eines
204 1823 774 1908 :er flieht; „und bewahrt
1128 1836 2658 1904 großen Werkes, das aus hundert solchen Stücken bestehen wird, deren
193 1879 757 1959 em Meere, gerettet! Ge¬
1127 1905 2667 1970 jedes in sich geschlossen ist, und die sich dennoch zum größeren Ganzen
196 1940 767 2023 ht durch diese Geschichten,
1125 1953 2661 2034 dieser Sammlung aneinanderschließen. Wie von Schmidtbonns Le¬
226 2002 746 2069 Grenzen der Vatur zer¬
1127 2017 2659 2088 genden, gilt von ihnen, was Spitteler in seinem Aufsatz über Ipklen
190 2056 760 2140 nderes als nur physische
1122 2082 2657 2153 bemerkt: gute Dichtungen wachsen traubenförmig. Schäfers Stoffe,
220 2119 478 2193 rlicher Kraf
495 2124 747 2190 empfunden
1121 2132 2661 2183 von größter Mannigfaltigkeit, sind zumeist historisch; vielerlei Epochen
205 2180 382 2247 aus meis
394 2185 452 2247 en
654 2183 748 2249 von
454 2183 513 2242 S
1124 2206 2654 2274 erscheinen: das Mittelalter, die Zeit Heinrichs von Navarra und die
666 2236 760 2305 ten
229 2239 438 2311 gleiten
460 2238 511 2304 #it
1123 2244 2655 2313 Friedrichs des Großen, die französische Kevolution, die Revolutions¬
648 2299 745 2366 ende
1127 2310 2649 2368 kriege, 1807, 1812, 1813, die Zeit Louis Philipps, 1848, 1871. Dielfach
674 2363 749 2424 zu
1122 2369 2664 2444 sind revolutionäre Bpochen dargestellt: das Fräulein von Sombreuil
1129 2428 2660 2503 rettet ihren Vater auf schmachvolle Weise vor der Guillotine; die Re¬
1121 2484 2658 2563 volution im goldenen Mainz lärmt wie ein rheinischer Fasching vor¬
312 2538 357 2609 5
1126 2554 2657 2619 über, ein demokratisches Blement dröhnt, tendenzlos und ihm unbewußt,
1121 2608 2655 2670 durch Schäftrs Anekdoten: vulkanisch explodiert Beethovens plebejische
1125 2670 2661 2743 Urwucht und zersprengt die gebundenen Formen der aristokratischen
1127 2726 2653 2787 Geselligkeit, oder umgekehrt, wir sehen den Fürsten Tichnowsky in
1124 2798 2651 2857 seinem frechen Ravaliertum bei einem Diner, und am nächsten Morgen
692 2842 746 2900 er
1120 2846 2664 2920 wird er vom Pöbel erschlagen. Die Freude an aristokratischer Kultur
680 2892 753 2963 ind
1127 2908 2655 2987 ist ein anderes Blement dieser Dichtungen: der Rheinländer, dessen
619 2950 759 3012 Frau
1127 2956 2655 3011 Stil bis in die Kommata gepflegt ist, entzündet die Kultur der amou¬
410 3005 759 3083 ifersucht, rupft
1116 3019 2657 3067 rösen Frauen und der soignierten Manieren. Darum spielt eine Anzahl
329 3066 761 3138 seiner Jammerlich¬
1128 3082 2652 3139 dieser Anekdoten im galanten Barock und Kokoko. Bei manchen spürt
337 3126 772 3204 rden, auffliegt, auf¬
1123 3138 2653 3212 man den gallischen Binschlag im Blut dieses Rheinländers; andre, wie
326 3188 780 3259 bezwingt die Natur.
1122 3201 2650 3291 „Der Bäcker von Timburg“, sind niederdeutsch schwe, und massig ee¬
312 3243 775 3330 em Wert, aber nicht
1153 3250 1837 3334 Georg Mläller, Mlünchen (I 3.—).
