3436 4256
382 189 1190 272 ie et Lofte om ikke at lagge an paa
390 260 1171 328 hendes Son, og da denne efterhaan¬
380 320 1183 387 den synes udelukkende optaget af det
371 376 1180 445 muntre Samver med en lidt aldre
372 415 1183 529 Studiekamerat, Fritz Weber, som
371 496 1187 565 kommer paa Bessg hos ham i Ferien,
368 546 1179 618 anser hun Krisen for overstaaet. Men
363 598 1190 688 1 Virkeligheden forberedes en endnu
369 657 1196 749 farligere. Sennens Ven foreisker sig
376 723 1188 793 i den skonne Frue og tranger sig ind
369 774 1182 876 paa hende med en ungdommelig Vold¬
367 845 1181 910 somhed, som hun ikke magter at mod¬
370 895 1190 976 staa. Og hun felger sit Legemes
370 956 1175 1040 Langsel end mere uforbeholdent, da
368 1010 1171 1106 hun erfarer, at hun selv er den ene¬
372 1072 1195 1150 ste, der har veret uvidende om, at
368 1130 1189 1223 hendes tilbedte Mand bedrog hende
367 1192 1192 1274 med utallige Kvinder. Men en Dag
366 1236 1189 1318 kommer hun til uset at here Fritz 1
363 1316 1186 1412 en Samtale med en Javnaldrende ud¬
365 1384 1185 1454 male sit Forhold til hende uden den
363 1428 1176 1515 mindste Fortielse og i de plumpeste
380 1496 1182 1566 Vendinger, og hun ser da ingen anden
374 1544 1180 1626 Udvej fra sin Skem end at sege De¬
361 1603 1175 1686 den. Og da Hugo, der til Trods for
372 1662 1174 1750 Moderens Indgreb har veret Fortu¬
377 1724 1180 1813 nas Elsker lige saa leenge, som Fritz
365 1792 1176 1872 har veret hendes, kommer hjem fra
376 1844 1184 1921 Skuespillerinden efter en Nat, hvis
384 1899 1183 1989 Skeendsel har knakket ham for be¬
383 1959 1181 2054 standig, roer Moder og Sen ud og
370 2027 1182 2124 druker sig sammen i en fortvivlet
364 2101 1174 2180 Omfavnelse, som Fonfatteren har vee¬
370 2173 1179 2265 ret dristig nok til at give en erotisk
378 2224 1175 2326 Karakter, men skildret med en Kunst
365 2288 1167 2378 jsaa fin og ein, at den hos ingen Laser
368 2349 1169 2451 vil kunne vekke andre Folelser end
363 2408 688 2499 Medlidenhed.
442 2467 1175 2566 Overhoredet faar Bogen- mest
367 2531 1174 2622 Veerdi ved den Stemningsfylde, som
377 2572 1192 2684 rummes i enkelte af dens Kapitler,
375 2649 1189 2744 og. som kommer fuldtud til sin Ret i
379 2714 1143 2798 Hr. Rungs smukke Fordanskning.
371 2771 1184 2857 Kompositionen sayner man den
373 2832 1174 2925 strenge Okonomi, som plejer at ud¬
382 2893 1116 2969 merke en Schnitzlersk Novelle
372 2947 1188 3031 man presenteres for alt for mange
382 3004 1171 3093 Mennesker, om hvem ma## ikke erfa¬
370 3069 1171 3150 rer mer nok til at danne sig et tyde¬
374 3124 1165 3211 ligt Billede af dem, og uheldigvis he¬
370 3195 1180 3259 rer ogsaa den unge Fritz Weber til
373 3242 1189 3337 dem, skont man skulde tro, at hans
368 3300 1179 3401 skabnesvangre Rolle forpligtede Dig.
379 3370 1196 3447 Iteren til en ngjere Karakteristik. Og
387 3413 1197 3510 i Forklaringen af det springende
389 3476 1195 3567 Punkt i den kvindelige Hovedpersons
395 3544 1187 3630 Psykologi har den digteriske Intui¬
386 3605 1188 3684 tion veget Pladsen for en lidt tom li¬
382 3659 1196 3754 terer Rutine — men fra det Ojeblik,
369 3712 1183 3803 da hendes Forhold til Fritz Weber
387 3779 1196 3857 der et fait dccompli, er Skildringen
398 3830 906 3928 folgerigtig og gribende.
873 3900 1148 3972 Kai F.-M.
895 3955 1174 4002 ##m## bruist# 45
602 3961 792 4009 # a
373 3959 451 4019 25
1698 255 2124 325 Beate un
2196 233 2615 323 ihr Sohn
1511 250 1616 324 Fr
2742 235 3132 355 box 4/5
1298 255 2613 365 28au
2080 494 2588 567 Euehenangabe ohne Oeyjähr.)
1852 537 2909 673 luS
1859 634 2327 747 TO 7½
2289 682 2979 826 pnasch
2113 892 2552 1013 Boger.
1923 1022 2707 1112 ARTHUR SCHNITZLER: Fru
2014 1103 2695 1191 Beate og hendes Sen. Oversat
2012 1187 2724 1264 af Otto Rung. (Erslev og
2013 1240 2363 1324 Hasselbalch.)
1974 1306 2714 1400 Den estrigske Forfatter, som er
1935 1379 2689 1460 kendt herhjemme bl. a. fra Skue
1923 1430 2694 1520 spillet Elskousleg, har i denne Bo—
1936 1496 2690 1575 fortalt en vemodig Historie or
1926 1550 2479 1634 en Kvindes Karlighed.
1953 1608 2686 1695 Fru Beate er en endnu ung o
1921 1661 2687 1752 yppig Enke. der lever for sin sy!
1926 1730 2691 1808 tenaarige Sim Hugo, og som aldri
1917 1784 2658 1870 har elsket andre end sin Mand,
1924 1839 2685 1911 beremt Skuespiller. Men ved de
1930 1901 2683 1987 Badested, hvor hun og Sonnen ti!
1930 1968 2674 2042 bringer Sommeren, boer der ci
1927 2017 2680 2105 -Eventyrerske, en Baronesse, son
1931 2084 2678 2155 truer med at fange Sennen i si
1933 2136 2683 2216 erotiske Spind. Fru Beate opse
1917 2193 2680 2276 ger denne Dame og tager det Lof
1916 2253 2683 2334 te af hende, st hun ikke vil ger
1923 2313 2403 2382 Hugo til sin Eisker.
1950 2375 2676 2460 Naturligvis bliver han det alli
1922 2413 2678 2511 gevel. Og paa samme Tid blive
1928 2478 2685 2582 Fru Beate selv indfanget af der
1919 2541 2672 2626 overmaegtige Drift. En Ven a
1922 2609 2657 2695 Sennen kommer paa Beseg, og
1923 2664 2681 2742 en duftsvanger Nat bliver Fri¬
1912 2721 2451 2808 Beate hans Elskerinde.
1945 2798 2693 2861 Deraf Fortaellingens Tragik. Thi
1908 2837 2696 2934 nu gäar det pludselig op for Fru
1907 2907 2686 2993 Beate, at hendes Elskov til Man¬
1902 2964 2645 3042 den, den beremte—Skuespilier,
1915 3014 2675 3101 Virkeligheden har hvilet paa Be¬
1917 3068 2685 3156 drag. Naturligvis har han bedra¬
1914 3131 2669 3219 get hende med tallese andre Kvin¬
1912 3207 2675 3282 der, med Skuespillerinder, Grev¬
1904 3250 2681 3345 inder og Skeger, og det er jo slet
1917 3310 2683 3411 ikkei ham, hun har eisket, det er
1912 3369 2687 3467 de Skikkelser, han fremstillede,
1908 3441 2679 3533 det er Hamlet og Cyrano og den
1904 3491 2677 3573 kongelige Rikard og mange andre,
1909 3558 2681 3648 Helte og Forbrydere, Sejrende og
1902 3600 2669 3698 Dedsindviede, Udvalgte og For¬
1903 3675 2082 3745 stedte.
1946 3712 2682 3807 En umsttelig Demon, hvis
1900 3780 2662 3865 Rolle han spillede, som han maat¬
1899 3846 2678 3922 te spille, fordi han ikke var i Stand
1900 3905 2675 4000 til at leve uden Maske, fordi han
1904 3968 2670 4035 evigt harde levet i Frygt for at se
1905 4022 2677 4098 sit sande Ansigt spejlet i hendes
1902 4085 2669 4166 Eine! Saaledes havde hun bestan¬
1906 4148 2669 4218 dig bedraget ham og han hende.
