3436 4256
1019 169 1620 249 und ihr Sohn
630 176 904 252 au Bea
280 170 573 274 28. F
495 169 2149 298 box 4/5
2107 540 3162 707 Ausset-#et. Alse uburger Cont. mee
2635 630 2922 740 Hambuig.
2117 659 2295 724 vom:
2344 729 2944 830 eue Belletriftik.
309 779 977 852 Tlicher romantischer Brome ergahrt. —.
2431 799 2870 871 Von Grete Massé.
316 808 1574 888 dorff mit einem modernisierten und ebenfalls zu einem glücklichen
2074 841 3272 901 Arthur Schnitzlers Novelle „Frau Beate und ihr
320 870 1560 926 Ende geführten Leben eines Taugenichts, für den der liebe Gott,
2372 896 3282 958 en Rundschau bereits bekannt
2005 901 2238 969 Sohn“,
321 919 1559 980 in dem besondern Fall der gräfliche Attaché der deutschen Gesard¬
2014 935 3281 1006 geworden ist, gibt der Verlag von S. Fischer, Berlin, jetzt in
325 964 1557 1046 schaft in Paris, in großer, wenn auch etwas egoistischer Büte, sorgt.
2025 973 3290 1038 Buchform heraus. Sie reibt sich würdig den stillen, feinen
2025 1006 3279 1072 Novellenbüchern, die wir bereits von Schnitzler besitzen, an und
372 1016 1555 1074 Frau Beate und ihr Sohn (S. Fischer, Verfag, Berlin)
2023 1070 3286 1117 ist wie sie geschrieben in einem Stil voll Anmut und Klarheit.
327 1047 1569 1122 heißt das neueste Werk, mit dem die als weich und uienerisch tän¬
2015 1103 3282 1156 Auch ihr haftet der nachdenkliche Ernst und die leise Melancholie
331 1087 1567 1169 delnd etikettierte Kunst Axthur Schnitzlerssfeinen Lesern
2015 1132 3274 1199 an, die Schnitzler nicht verlassen. So rot und lebensheiß die
1197 1147 1565 1213 deu Gegnern eine
324 1152 1089 1206 aufwartet und den Anhängern Entzuee
2017 1177 3277 1229 Herzen seiner Mitmenschen auch sind, so werden doch alle ihre
334 1195 1571 1257 freudige Ueberraschung bereitet. Die Novelle erzähkt die Tragödie
2015 1222 3273 1270 Wege überdunkelt vom Schatten des Todes und auch die arme,
340 1246 1562 1296 einer entweihten Mutterschaft. Frau Beate ist die noch jugend¬
2020 1248 3276 1313 schöne Beate findet den Frieden, den sie verlor, erst in den glei¬
339 1282 1563 1353 liche Witwe eines bedeutenden Schauspielers, derin ihrer Erinne¬
2018 1293 3268 1362 tenden Wellen wieder, als sie den Sohn, vom Kahn herab, zu
336 1335 1570 1388 rung und trauernd=verehrenden Liebe und in Im Knaben Hugo
2024 1349 2913 1420 sich hernieder zieht in die Nacht des Todes.
2101 1362 3269 1426 Wie diese feine, sensible Frau, die nur dem Andenken des
330 1363 1628 1449 fortlebt, dem Ebenbild des großen Valers. Frau Beate sieht den
2020 1398 3282 1477 toten, geliebten Gatten und der Erziehung ihres einzigen Kindes
338 1421 1566 1481 an der Schwelle der Mannbarkeit stehenden Knsben von einer ver¬
2026 1455 3286 1515 lebte, aus Reinheit und Kühle langsam, halb wie im Dämmer¬
339 1456 1559 1524 führerischen Abenteuerin sich entrissen — trotzfihrer mütterlichen,
2025 1496 3279 1550 zustand, hinabgleitet in Rausch und Schmach, wie sie, die Treue,
321 1504 1598 1565 mit zärtlicher Eifersucht gemischten Fürsorge. Dem Erwacher des
1669 1497 1773 1583 S
2024 1530 3277 1583 bebrängt von der Spätsommerglut dort draußen und in dem
338 1554 1646 1607 Knaben zum Leben der Liebe geht parallel ein heißtrunkenes Wie¬
2019 1573 3280 1627 Taumel ihrer plötzlich erwachten Sinne in Wirnisse des Herzens
339 1579 1695 1648 dererwachen in den Sinnen der Mutter. In einer dämmernden ##
2014 1624 3289 1676 gerät und das Bild des Gatten in schwülen Liebesnächten, in den
339 1640 1567 1704 Sommernacht, in der Erinnerungen aus der Vergangenheit über¬
2028 1650 3286 1720 Armen eines jungen Geliebten vergißt, ist von Schnitzler mit
334 1695 1611 1741 mächtig werden und die leidenschaftlich=kindlich stammelnde Liebe O#
2020 1677 3294 1748 feinster Kunst gestaltet und mit dem Blick des Psychologen ge¬
338 1744 1649 1801 eines Jungen — des Gymnasiastenfreundes von Beates Sohn —
2026 1716 3282 1806 sehen, vor dem das dunkelste Traum= und Triebleben sich offenbart.
2106 1766 3281 1829 Auch das Buch von Hermann Stehr „Geschichten aus¬
333 1771 1561 1826 die jugendliche Frau bestürmen, erliegt sie dem Rausch ihres Blutes.
1578 1787 1649 1869 S
2020 1811 3276 1868 dem Mandelhause“ (Verlag: S. Fischer, Berlin) ist da
336 1815 1560 1875 Aus dem Rausch erwacht, will sie sich und den Sohn aus der ent¬
2018 1851 3266 1944 Buch eines echten Dichters. Nur drei Menschen: ein mager
336 1868 1572 1924 weihten Atmosphäre retten, aber es ist zu spät. Mutter und Sohn
346 1903 1578 1963 stehen sich als schuldbeladene Menschen, die gegenseitig von ihrer
348 1911 1715 2009 Erniedrigung wissen, gegenüber. In einsamer Nachtfahrt auf dem #
348 2004 1570 2051 Gebirgssee bekennen die armen Schächer — Hugo hat von der
343 2031 1567 2096 Abenteuerin, die ihn betrogen und verlassen hat, den Fall seiner
340 2085 1202 2152 Mutter erfahren — ihre Schuld und Schmach:
365 2103 1611 2184 In schreckensvoller Ahnung fragte sie [Beate): „Seit heute weißt S
2056 2119 2505 2226 Ausschnitt aus:
1602 2138 1783 2234 S #8
338 2170 1568 2239 Du? Dort haben sie Dirs gesagt?“ Hugo erwiderte nichts, doch ein
2347 2168 3136 2279 . Osterreichischt FraneasRhndschan:
351 2203 1656 2267 Zucken lief durch seinen ganzen Körper, so wild, daß es ihn willenlos S
2055 2225 2239 2290 vom:
2347 2235 2605 2303 —SEPTaN
337 2240 1647 2299 auf den Grund des Bootes warf, an Beatens Seite hin . .. Sie zog ihn
2689 2243 2878 2319 Wien.
349 2278 1608 2346 näher zu sich heran, drängte sich an ihn; eine schmerzliche Sehnsucht stieg
346 2287 1702 2374 aus der Tiefe ihrer Seele und flutete dunkel in die seine über. Und
344 2364 1570 2420 beiden war es, als triebe ihr Kahn, der doch fast stille stand, weiter und
2034 2355 2847 2440 Snse überschwengtien ais-Iiteressant.
351 2389 1598 2454 weiter in wachsender Schnelle. Wohin trieb er sie? Durch welchen
2161 2404 3162 2492 artur kehnitzler: Frau Beate und ihr
338 2424 1605 2513 Traum ohne Ziel. Nach welcher Welt ohne Gebot? Mußte er jemals.
2041 2448 2946 2530 F Sohn. Novelle. Verlag S. Fischer, Berlin.
353 2476 1571 2537 wieder an Land? Durfte er je? Zu gleicher Fahrt waren sie verbunden.
2163 2499 3164 2587 Die Psychologie der Frau und die Psychologie der
346 2514 1660 2590 Der Himmel barg für sie in seinen Wolken kein Morgen mehr; und im &#
349 2565 1605 2606 verführerischen Vorgefühl der ewigen Nacht gaben sie die vergehenden
876 2563 1694 2652 Verstehend, verzeihend, erlöst schloß er S
341 2597 763 2667 Lippen einander hin
2067 2592 3187 2697 Liebe haben stets zur Domäne Schnitzlers gehört, in
340 2615 1583 2699 die Augen; die ihren aber faßten noch einmal die in drohendem Däm¬
2080 2677 3179 2740 der er Vertrauter und Meister ist. Seine Frauengestalten
346 2668 1576 2732 mer aufsteigenden grauen Ufer, und ehe die lauen Wellen sich zwischen
351 2718 1581 2777 ihre Lider drängten, trank ihr sterbender Blick die letzten Schatten der
2074 2724 3179 2779 waren immer interessant — sympathisch waren sie fast
346 2770 708 2829 verlöschenden Welt.
2078 2772 3161 2828 nie. Die Frau als Sexualwesen und immer nur so ge¬
385 2777 1572 2855 Diese den Schluß der Schnitzlerschen Novelle bildende Probe ist
1579 2723 1740 2878 S
2080 2815 3175 2892 deutet zu sehen — das macht müde. So rollt sich auch
349 2830 1576 2910 so schön und groß, daß sie für das ganze Werk Zeugnis ablegt.
2074 2874 3175 2929 das Schicksal Frau Beates, der Witwe nach einem großen
346 2876 1586 2939 Neben die Prosa Thomas Manns im Tod in Venedig stellt sich
2076 2917 3173 2979 Künstler, die ihre unverbrauchte Lebensfreudigkeit ohne
356 2913 1580 2981 ebenbürtig die Sprache Schnitzlers in Frau Beate und ihr Sohn.
2082 2959 3177 3032 Würde, ja ohne Rausch an einen grünen Jjungen hinwirft,
347 2963 1592 3050 Es sind zwei Werke, auf die die deutsche Literatur der Gegenwart
2076 3008 3178 3079 den Schulkameraden ihres 17 jährigen Sohnes, ohne tiefere
1600 2928 1726 3087 S
339 3013 665 3111 stolz sein darf.
2076 3066 3179 3105 Anteilnahme im Leser zu erwecken, ab. Der Dichter führt
2071 3101 3174 3163 uns Frau Beate erst als zärtlich-besorgte Mutter vor, die
2061 3153 3177 3221 ihren Sohn vor den Armen einer Kokotte bewahren will,
2066 3205 3167 3279 und zeigt uns dieselbe Mutter dann als die Geliebte seines
2057 3259 3166 3309 Freundes. Und diese innerlich würdelose Frau findet den
2057 3295 3177 3368 Mut zu einer großen moralischen Geste: sie sucht im
2068 3359 3133 3415 Schuldbewußtsein auf nächtlicher Kahnfahrt den Tod —
2060 3402 3169 3456 und nimmt uns auch hiefür das Mitleid, denn sie reißt
2063 3447 3178 3501 ihren Sohn mit sich in die schweigenden Tiefen. Was
2052 3501 3168 3568 Schnitzler hier an Psychologie und Schönheit der Schil¬
2050 3537 3180 3604 derung auch zu einem Blendwerk vereinte — das mensch¬
2056 3586 3188 3673 liche Empfinden erwehrt sich Frau Beatens mit ugsäg.
2051 3635 2378 3716 lichem Grauen.
2288 3685 2361 3737 —
