3436 4256
251 187 1099 271 28. Frau Beate und
1105 190 1571 272 ihr Sohn
1692 197 2086 293 box 4/5
479 245 1571 310 ansedtr und anr Sean
2882 383 3037 457 —
2605 370 2727 460 —— —
1909 434 3187 502 Blüte Getroffene, finden sich Mutter und Sohn wieder Daß sie
1920 483 3188 534 eine Leidenschaft zu dem gleichaltrigen Freund ihres Kindes
1919 530 3185 604 gefaßt, das erscheint der nun Zusammenbrechenden als ein Inzest,
1927 579 3186 644 als ein Vergehen gegen die Würde ihres eigenen Frauentums,
1921 631 3189 691 dem nur der Tod Sühne hieten kann. In nächtlicher Stunde
1918 670 3192 743 begeben sich die beiden auf den See hinaus, um in seinen Wellen
1927 724 3180 786 Erlösung zu finden. In einem ruhigen Rhythmus der Dar¬
1929 770 3194 829 stellung, der hie und da nur von den auflodernden
1928 824 3193 887 Leidenschaften stärker bewegt wird, rührt Schnitzler
1916 865 3187 918 hier an letzte Dinge des Empfindens. Man wird sein Problem
1917 910 3185 982 peinlich, seine Lösung etwas forciert und seine Seelenanalyse allzu
1919 962 3191 1031 überfeinert, ja grausam finden. Aber alles ist hier von einer
1919 1014 3193 1082 wundersamen Anmut des Wortes gemildert, von Schönheit ver¬
1917 1040 3194 1126 klärt. Aus dieser Erzählung spricht eine tiefe ethische Lebens¬
1914 1105 3194 1179 anschauung, ein tiefes Wissen um Menschliches, und sie bietet sich
1916 1154 3196 1220 mit der ganzen Reise und dem bezaubernden Reiz, die Schnitzlers
1922 1197 2265 1275 Kunst eigen ist.
2042 1237 3182 1309 Unter den jüngeren deutschen Romanciers hat Bern¬
1927 1299 3187 1358 hard Kellermann ein besondere Wandlungsfähigkeit
1928 1343 3194 1393 seiner Begabung dokumentie Er begann voll lyrischer
1932 1389 3191 1461 Subjektivität mit der zarten schichte von „Yester und Li“,
1935 1441 3179 1507 ging in die Schule Knuh Hamsuns als Dichter von „Ingeborg“,
1933 1484 3202 1561 die wie ein einziger Monolog, eine pantheistische Verherrlichung
1922 1540 3202 1594 sich liest. Dostojewskis und Gottfried Kellers Einfluß sind in
1929 1595 3192 1652 seinem Kleinstadtroman „Der Tor“ zu merken. Zuletzt gab er
1936 1630 3195 1686 eine Apotheose des Meeres, die harten Kämpfe von primitiven
1924 1666 3208 1751 Menschen an der bretonischen Küste, lyrische Orgien in einem
1933 1720 3201 1786 hinreißenden Stil. Hier zeigte Kellermann sich bereits mit den
1935 1771 3197 1824 Spuren einer dichterischen Persönlichkeit und nicht nur als er¬
1924 1818 3198 1890 staunlicher Imitator frem#er Stile. In seinem jetzt Aufsehen
1934 1870 3197 1918 erregenden Roman „Der Tunnel“ (Berlin, S. Fischer) hat
1931 1914 3200 1965 Kellermann mit seiner dichterischen Vergangenheit ganz gebrochen.
1924 1958 3198 2017 Hier wurzelt er ganz in der Gegenwart, in einem wechanistischen
1931 2009 3202 2072 Zeitalter, dessen Symbol er zu geben versucht, einer der gewal¬
1934 2063 3199 2123 tigen Unternehmungen, von Herrenmenschen und ihren rücksichts¬
1934 2098 3203 2173 losen Energien dirigiert. Der Tunnel, der weit hinter dem Meeres¬
1933 2163 3193 2217 grund als Weg von Amerika bis nach Europa von Mac Allan,
1924 2199 3201 2276 dem einstigen Pferdejungen eines amerikanischen Bergwerkes, unter
1931 2253 3203 2334 ungeheuren materiellen und Menschenopfern erbaut wird, ist wie
1925 2297 3193 2369 ein Moloch, das Sinnbild amerikanischen Geistes, von
1935 2347 3209 2413 dem auch das alte Europa nach und nach ergriffen
1928 2393 3193 2448 wird. Dus Ganze ist durchbebt von diesem Geiste, ist ein
1929 2444 3209 2513 Spiegelbild dieser neuen Kultur, dieser ungeheuren
1932 2474 3209 2553 menschlichen Anstrengung, die Natur ihren Diensten zu unter¬
1931 2550 3212 2609 werfen. Die Menschen, die in dieser großzügigen Darstellung
1932 2582 3200 2651 agieren, haben etwas von Ueberlebensgröße, sind selbst wie über¬
1920 2628 3200 2709 ragende Symbole, in denen die wirkenden Mächte des modernen
1931 2687 3199 2750 Lebens verkörpert erscheinen: das Geld, die auf ein einziges Ziel
1913 2727 3214 2792 gerichtete Willenskraft jedes einzelnen, die alles niederkämpfende
1911 2777 3203 2840 Herrschaft des Maschinellen. Es sind Menschen, die Balzac mit
1921 2820 3201 2900 seinem leidenschaftlichen und grandiosen Gestaltungsdrang dichterisch
1933 2877 3201 2936 sixiert, Symbole, die Zola zuerst mit einer ungeheuren Plastik for¬
779 2881 1743 3035 Anschuit ane hrun Winer Hlnn, in
1930 2921 3207 2972 muliert hat. In Kellermanns Roman kehren sie wieder, die gewaltigen
1929 2961 3210 3033 Finanzgenies, die, in Armut begin#end, mit ihrer übermenschlichen
1081 2976 1389 3076 61977
768 2985 923 3083 vom
1906 3000 3198 3080 Energie zu Despoten im Reiche des Beldes, der Unternehmungen
1926 3068 3197 3125 und des Weltmarktes werden; die Unerschrockenen und Mitleids¬
902 2974 1745 3173 Theater und Kunst.
1921 3119 3202 3181 losen, die mit ihren Arbeiterbataillon; die Erde unterwühlen,
1932 3161 3188 3227 die Verschwender und Geldgeige, die bei Millionen in der Gold¬
1937 3204 3205 3281 truhe verhungern. Die alle wirken an diesem großen
968 3157 1684 3293 Moderne Erzähler.
1942 3245 3207 3309 Drama der Arbeit, des modernen Heldentums, an der Ver¬
1943 3299 3205 3376 wirklichung einer technischen Utopie mit. Schaut man aber näher
1067 3314 1580 3419 Hermann Menkes.
1922 3362 3199 3415 hin, so macht man die Wahrnehmung, daß der Dichter
1943 3401 3199 3467 uns hier Figuren gibt, aber keine Menschen. Für keinen
825 3401 904 3461 S
979 3396 1946 3465 itz Larz „Frau Beate und ihr Sohn.“ — Bernhard
686 3415 1358 3523 KeteDer Tunnel.
2976 3441 3200 3509 die mit
1405 3452 2992 3497 Raoul Auernheimer: Moment kommen uns diese Gestalten näher,
1019 3480 1607 3559 „Laurenz Hallers Praterfahrt".)
1929 3485 3203 3568 der Größe der antiken Sage äußerlich ausgestattet sind. An nichts
788 3535 3205 3607 Ein Merkmal des modernen, artistisch gesinnten Poeten ist wird hier gespart, um den Leser zu bluffen, ihn in Atem zu
1936 3597 3201 3647 halten. Es gibt hier Versammlungen von Milliardären auf dem
681 3597 1946 3663 seine Angst vor der Banalität. Er ist ein Wissender in einem
690 3638 1934 3704 Zeitalter der intellektuellen Verfeinerung und des Raffinements
1946 3647 3200 3707 Dachgarten eines märchenhaften New=Yorker Hotels, Gruben¬
698 3693 1936 3748 und findet eine Kunst vor, die alle Stoffgebiete erschöpft zu haben
1944 3685 3201 3742 katastrophen, Weltstreiks, Brände von Wolkenkratzern, Morde,
1945 3721 3192 3807 finanzielle Zusammenbrüche und allerhand Uebermenschliches.
697 3733 1938 3793 scheint. Ihm fehlt das naive Zugreifen, die der Art eines Kindes
1938 3779 3200 3842 Diese Helden schreiten über brennende Dächer, ohne für einen
690 3790 1946 3844 gleichende Beobachtung, der das Leben wie ein eben erst ent¬
1945 3829 3192 3883 Moment nur ihren Gleichmut und ihre eiserne Ruhe zu ver¬
686 3833 1937 3895 decktes Neuland erscheint. Deshalb sehen wir ihn zum Abnor¬
1931 3879 3196 3932 lieren, begeben sich über Leichen in die qualmenden Stollen und
687 3883 1937 3946 malen, zu einem hinter der Overfläche sich abspielenden Leben, zu
1931 3928 3202 3996 siegen über Tod und Verderben. Es gibt Szenen, wie sie Ohnet
698 3931 1948 4003 den noch unenthüllten Rätseln und Verirrungen des Empfindens
1939 3976 3195 4029 dichtet, Herzensaffären mit der Psychologie einer Marlitt. Die
698 3980 1934 4037 flüchten. Das noch Ungesagte, Irrationale ist es, das ihn noch reizt.
1933 4015 3193 4086 Geschichte des im Kohlenbergwerk verschütteten kleinen Mac
702 4029 1932 4091 Dichten ist ihm einen Schlüssel finden zu einer verschlossenen
689 4060 1930 4135 Pforte; die Seele ein geheimer Garten, wo die Blume
1939 4107 3201 4166 vollführt, sind wie ein Abklatsch aus Zolas „Germinal“. Trotz¬
699 4111 1932 4174 des Bösen „neben dem Wunderbaren“ blüht. Dies erklärt das
