3484 3968
1360 235 1588 307 Sohn
994 239 1331 308 und ihr
259 235 861 307 28. Frau Bea
1569 238 2114 349 box 4/5
476 252 1572 347 ue adA
1323 980 2106 1049 derjungwerden des Alternden fehlen
2116 991 2898 1056 Sohnes, überrascht sie in schwüler
1315 1041 2102 1103 die Unterströme des Bluts, dessen
2115 1050 2902 1118 Nacht, gewinnt keck ihre Gunst, und
1320 1081 2098 1150 Wallen uns auch das Groteske,
2113 1088 2899 1156 damit ist ihr labiles Dasein jedes
1315 1124 2106 1200 Lächerliche wie das Exzessive, Er¬
2121 1140 2902 1210 Halts beraubt; sie erträgt nicht mehr
1319 1182 2106 1237 schreckende begreiflich, ja tief wert
2111 1183 2896 1258 den Alltag, das ruhige Nachdenken
1316 1228 2101 1292 machen könnte. Die ehrenwerte Ar¬
2112 1241 2897 1310 zeigt ihr sich entehrt, herabgezerrt;
1319 1282 2097 1349 beit macht einen müden, sehr deutlich
2119 1289 2893 1358 sie belauscht ein Gespräch der Jun¬
1318 1335 2103 1389 gesagt: einen langweiligen Eindruck.
2120 1337 2897 1406 gen, durch das sie sich tief geschändet
1316 1379 2103 1442 Wollte sich Mann einmal an einem
2112 1396 2898 1456 fühlt. Die geselligen Verpflichtun¬
1312 1425 2095 1490 ihm innerlich gänzlich unzugäng¬
2115 1437 2905 1504 gen, die Ordnung der Tagstunden
1305 1478 2109 1541 lichen Gegenstand probieren, so hätte
2110 1496 2901 1550 tritt zurück vor ihrem innern
1312 1515 2109 1588 dies füglich besser unter Ausschluß
2115 1521 2896 1601 Grauen; in diesem Augenblick öffnet
1319 1576 2096 1633 der Öffentlichkeit geschehen können.
2117 1581 2902 1647 sich ihr von neuem das Innenleben
1304 1615 2101 1687 Schnitzler gibt aus unerschöpflicher
2114 1631 2898 1686 des Sohnes, der, nicht minder von
1315 1667 2092 1739 Intuition oder intuitiver Erfahrung,
2114 1686 2894 1747 seinem „Erlebnis“ aufs tiefste und
1316 1724 2099 1791 sein Werk macht glühen, trotz aller
2115 1733 2896 1794 gramvoll enttäuscht, in junger Ver¬
1316 1759 2095 1834 mildernden Gelassenheit des Vor¬
2106 1779 2887 1851 zweiflung das Lebensende ersehnt.
1307 1814 2100 1885 trags. In einer starken einheitlichen
2098 1826 2890 1895 Da steigt aus letzten Gründen end¬
1301 1867 2096 1935 Stimmung lebt seine Dichtung
2103 1875 2885 1940 lich beiden der Wunsch auf, in einan¬
1315 1922 2088 1976 („Frau Beate und ihr Sohn"). Die
2108 1926 2888 1996 der die Ruhe und Beglückung zu fin¬
1307 1956 2097 2034 Witwe des großen Schauspielers
2107 1986 2894 2043 den, die sie nach der ersten Tren¬
1309 2011 2096 2082 Ferdinand Heinold lebt mit ihrem
2106 2026 2895 2082 nung vergebens bei Fremden suchten.
1305 2054 2086 2129 halbwüchsigen Sohne in der Som¬
2095 2078 2888 2125 Im gemeinsamen Tode wird sie
1305 2112 2079 2180 merfrische. Ohne abgegrenzte In¬
2096 2120 2887 2185 ihnen, und auf die unheilvolle Ver¬
1315 2156 2092 2216 halte folgen sich die Tage, die Stun¬
2091 2173 2878 2247 wirrung von Mutter und Sohn, Ge¬
1304 2207 2079 2276 den gehen dahin in halbem Traum,
2102 2219 2890 2278 liebtem und Geliebter, fällt so etwas
1299 2246 2082 2324 Einsomkeit, Unsicherheit liegt über
2096 2267 2890 2328 wie ein versöhnendes Licht. — Fern
1310 2305 2089 2375 dem Wesen der schönen, bisher so
2096 2320 2880 2375 aller Entsetzlichkeit vollzieht sich dies
1306 2357 2074 2424 lebenskrüftigen Frau. In der lauen,
2095 2364 2882 2434 fast in Hoheit, in der Sphäre armen,
1295 2411 2084 2462 schwülen Zeit wird sie gewahr, daß
2102 2412 2885 2473 jedwede Teilnahme fordernden
1297 2459 2086 2515 ihr Sohn, dessen reines Kindtum sie
2105 2470 2882 2516 Menschtums, und dies Gefühl zu
1306 2497 2077 2556 hütete und liebte, ihr entgleitet.
2090 2518 2891 2586 geben wird immer ein Ruhm dieser
1304 2551 2075 2621 Überstürzt sucht sie die allbekannte
2098 2557 2502 2625 Dichtung bleiben.
1301 2610 2072 2659 Frau auf, an die sie ihn verloren
2146 2597 2881 2682 Thomas Manns „Tod in Vene¬
1305 2643 2078 2716 hat. Aber es ist zu spät. Angstlich
2089 2659 2880 2739 dig“ beginnt mit einem seltsamen
1289 2697 2072 2767 nun verbirgt sie sich das innerste,
2094 2717 2890 2778 Satz. „Gustav Aschenbach oder von
1289 2725 2076 2818 unzweifelhafte Wissen um die heim¬
2095 2753 2876 2828 Aschenbach, wie seit seinem fünfzig¬
1300 2793 2081 2858 lichen Wege des Jungen, und un¬
2090 2812 2875 2876 sten Geburtstag amtlich sei: Name
1288 2843 2071 2914 sicherer noch als vorher widersteht
2090 2842 2870 2920 lautete, hatte an einem Frühlings¬
1297 2889 2072 2968 sie dem offenen und dem heimlichen
2090 2908 2879 2969 nachmittag des Jahres 19.., das
1293 2940 2080 3005 Werben einer ganzen Anzahl von
2093 2952 2870 3018 unserm Kontinent monatelang eine
1295 2989 2075 3041 Männern. Im Spiel damit über¬
2083 2999 2868 3067 so gefahrdrohende Miene zeigte, von
1296 3042 2077 3097 täubt sie die Sorge und Eifersucht
2079 3052 2868 3116 seiner Wohnung in der Prinzregen¬
1288 3090 2077 3148 des Muttergefühls in sich. Sie mei¬
2094 3101 2865 3177 tenstraße zu München aus allein
1282 3134 2072 3202 det nicht die Gesellschaft, beteiligt
2091 3144 2868 3204 einen weiteren Spaziergang unter¬
1291 3190 2064 3246 sich an Ausflügen und Tees und
2087 3204 2864 3265 nommen.“ So begannen alte Kri¬
1283 3238 2072 3309 entbehrt nur noch halben Sehnens
2077 3242 2870 3314 minalromane, bei deren Lektüre man
1281 3282 2076 3356 die Stunden stiller Einkehr und
2084 3285 2865 3369 gefaßt war, auf je einen notwendi¬
1291 3338 2063 3399 liebevoller Rückschau. Ein ganz jun¬
2080 3347 2868 3406 gen zwanzig überflüssige Sätze zu
1277 3380 2068 3450 ger, heftig und gewaltsam ihrer be¬
2070 3398 2864 3465 bekommen. Und es ist in der Tat,
1291 3440 2873 3524 gehrender Mensch, ein Freund des als ob Mann von den dichte¬
1336 3511 1457 3603 506
