3436 4256
537 199 1106 272 Frau Beate un
1207 203 1275 273 1
1409 198 1616 274 Sohn
308 189 2158 323 28. #a bos 4/5
884 977 1013 1076 922
1491 1016 1798 1097 Ernst Lissauer
877 1117 2417 1176 eben Kunst geblieben war, darum geschah ein Umschlag. Die epische
879 1162 2418 1222 Kunst besann sich auf ihre ursprüngliche Pflicht, zu erzählen, zu fesseln,
875 1239 2424 1300 zu spannen, zu erfinden: ich setze neben Schnitzlers Novelle als grelles
894 1282 1792 1352 Gegenstück Kellermanns „Tunnel““
924 1312 2409 1402 Der Ingenieur Mac Allan plant, einen Tunnel unter dem atlan¬
876 1397 2408 1463 tischen Ozean zwischen Amerika und Buropa zu bohren, Ratastrophen,
879 1464 2418 1518 Streiks, Unterschlagungen der leitenden Direkroren hemmen das Unter¬
881 1512 2416 1576 nehmen, aber zuletzt wird es vollender. Dies ist die einfache Zand¬
890 1568 2415 1648 lung des Komans. Aber dies alles ist bis ins kleinste Detail, bis
889 1625 2415 1703 in den letzten Hammerschlag, der kilometertief unter dem Ozean ge¬
890 1691 2411 1754 hauen wird, bis in den Umlauf des letzten Pfennigs, ist bis ins
889 1746 2424 1820 letzte Zucken der Gedanken in den Gehirnen, gesehen und erlebt. Mie
884 1804 2423 1859 hohem Aespekt steht man vor der Phantasie, welche die Welt dieses
880 1858 2412 1941 technischen Epos ersann und bis ins feinste Detail erfindend durchbildete.
880 1926 2417 1988 Ich stelle eine Anzahl solcher Züge zusammen: der Tunnel ruft eine
884 1981 2418 2057 neue Krankheit hervor, die „Beuge“ genannt; eine Stelle im Tunnel
882 2055 2410 2121 heißt das Fegefeuer, eine andere, die Hölle; ein rostbraunes, stark
874 2098 2407 2171 radiumhaltiges Gestein wird gefanden und „Submarinium“ getauft;
882 2160 2405 2224 Lieder der Bergleute, überzeugend mi ihrem Einschlag von prosaischem
880 2219 2408 2284 Tonfall, werden gelegentlich gesungen. An nicht wenigen Stellen aber
878 2294 2411 2351 wächst die realistische Darstellung ins Mpthische; manchmal denkr man an
879 2337 2402 2394 die bizarr=großen Disionen des jungen Dichters Georg Seym: „die Allan¬
877 2398 2423 2461 schen Bohrer, die den Berg perforierten, setzten mit einem klirrenden
883 2452 2411 2519 Schrillen ein, der Berg schrie wie tausend Kinder auf einmal in Todes¬
883 2501 2418 2583 angst, er lachte wie ein Heer Irrsinniger, er delirierte wie ein Lazarett
883 2574 2393 2642 von Fieberkranken, und endlich donnerte er wie große Wasserfälle.“
883 2631 2406 2711 Und nicht nur das Technische ist dargestellt, sondern dies ungeheure
887 2688 2406 2759 Unternehmen, das natürlich ungeheurer Gelder bedarf, ergreift die
877 2750 2416 2806 gesamte industrielle, finanzielle und soziale Welt, alle die großen
886 2807 2402 2875 Komplexe des modernen Lebens werden in die Darstellung einbe¬
880 2868 2415 2941 zogen: die Reklame, das Rino, die Börse, das organisierte Prole¬
879 2931 2411 2990 tariat, und so wird das Tunnelbuch zu einem Bpos nicht nur von
879 2988 2403 3055 Eisen und Arbeit, sondern überhaupt von den zivilisatorischen Ge¬
876 3047 2416 3118 walten unserer Bpoche. Und vor allem ist eine Macht in dem Buche:
883 3109 2411 3180 Energie. Alle Führenden haben sich aus den untersten Schichten
879 3158 2407 3214 durch viele soziale Lagerungen hindurch emporgebohrt: Allan selbst
876 3222 2401 3288 war Pferdejunge im Kohlenschacht, Lloyd, der Milliardär, Kantinen¬
890 3284 2416 3355 wirt, Woolf ist der Sohn eines jüdischen Leichenwäschers aus Szentes
885 3344 2418 3397 in Ungarn. Ganz und gar ist über diesem Buch die Atmosphäre des
913 3398 1475 3483 S. Fischer, Berlin (I1 4.50).
