3484 4320
498 188 1604 261 Frau Beate und ihr Sohn
1721 204 2113 295 box 4/5
272 190 1591 308 2B. #a4 Sehsund Inr Senn
182 1029 2003 1107 säußerungen der Ville lumierelicher romantischer Ironie erzählt. Ein neuzeitlicher skeptischer Eichen¬
189 1066 2006 1144 er und Literatur, Sozialismus dorff mit einem modernisierten und ebenfalls zu einem glücklichen
193 1112 2007 1189 werden und von wem sie ge= Ende geführten Leben eines Taugenichts, für den der liebe Gott,
775 1157 1999 1224 in dem besondern Fall der gräfliche Attaché der deutschen Gesand¬
178 1176 770 1236 nem anspruchslos sich gebenden,
784 1199 2008 1280 schaft in Paris, in großer, wenn auch etwas egoistischer Güte, sorgt.
175 1223 766 1283 en aber doch ab und an stark
807 1233 2010 1320 Frau Beate und ihr Sohn (S. Fischer, Verlag, Berlin)
174 1258 785 1323 tliche Akzente unterbrechen, mit
781 1300 2002 1357 heißt das neueste Werk, mit dem die als weich und wienerisch tän¬
182 1309 769 1375 e Kritik des Kenners überzeugt,
791 1350 2017 1410 delnd etikettierte Kunst Arthur Schnitzlers seinen Lesern
181 1353 773 1417 wunderers um jeden Preis ab¬
786 1382 2014 1449 aufwartet und den Anhängern Entzücken und den Gegnern eine
204 1392 777 1461 muß diese Schreie auf dem
784 1430 2006 1502 freudige Ueberraschung bereitet. Die Novelle erzählt die Tragödie
173 1436 782 1500 len Komposition Schickeles den
780 1470 2000 1548 einer entweihten Mutterschaft. Frau Beate ist die noch jugend¬
182 1485 769 1542 eltstadt wiedergeben, als die
782 1500 2014 1585 liche Witwe eines bedeutenden Schauspielers, der in ihrer Erinne¬
188 1531 777 1592 ffenbarungsreichen Organismus
777 1563 2019 1639 rung und trauernd=verehrenden Liebe und in dem Knaben Hugo
186 1575 779 1643 reie haben etwas vom Rhythmus
785 1600 2016 1689 fortlebt, dem Ebenbild des großen Vaters. Frau Beate sieht den
190 1624 774 1684 wird seine helle Freude haben
788 1648 2016 1716 an der Schwelle der Mannbarkeit stehenden Knaben von einer ver¬
190 1661 770 1730 „Ein Mann spricht zum Volk:
793 1707 2014 1770 führerischen Abenteuerin sich entrissen — trotz ihrer mütterlichen,
186 1702 784 1770 gewaltigen Agitators glüht aus
176 1747 2015 1817 en, daß sich schier die Buchseiten mit zärtlicher Eifersucht gemischten Fürsorge. Dem Erwachen des
780 1805 2011 1853 Knaben zum Leben der Liebe geht parallel ein heißtrunkenes Wie¬
183 1795 785 1854 r läßt sich die Gestalt des Ex¬
791 1830 2020 1893 dererwachen in den Sinnen der Mutter. In einer dämmernden
189 1837 778 1898 en, als mit dem kurzen Sätz¬
788 1876 2012 1938 Sommernacht, in der Erinnerungen aus der Vergangenheit über¬
182 1887 776 1947 kit für einen Beruf, sie ist seine
785 1918 2014 2008 mächtig werden und die leidenschaftlich=kindlich stammelnde Liebe
184 1925 784 1990 Fumatischer Geschlossenheit ver¬
797 1968 1991 2030 eines Jungen — des Gymnasiastenfreundes von Beates Sohn —
208 1969 783 2023 s der französischen Eisenbahner
789 2008 2024 2072 die jugendliche Frau bestürmen, erliegt sie dem Rausch ihres Blutes.
209 2018 783 2084 die messerscharfen Plaudereien
799 2040 2021 2123 Aus dem Rausch erwacht, will sie sich und den Sohn aus der ent¬
205 2063 788 2123 man auch dem vernichtenden
798 2115 2024 2162 weihten Atmosphäre retten, aber es ist zu spät. Mutter und Sohn
200 2106 780 2167 nicht in jeder Beziehung bei¬
798 2149 2022 2213 stehen sich als schuldbeladene Menschen, die gegenseitig von ihrer
191 2144 788 2210 diesem Buch eine sehr glückliche
789 2180 2026 2256 Erniedrigung wissen, gegenüber. In einsamer Nachtfahrt auf dem
190 2196 788 2261 kton gegeben und gewissermaßen
794 2225 2016 2289 Gebirgssee bekennen die armen Schächer — Hugo hat von der
194 2238 789 2304 spondentenstils aufgestellt, wobei
801 2264 2021 2342 Abenteuerin, die ihn betrogen und verlassen hat, den Fall seiner
189 2288 785 2349 g, seine dichterische Gestaltungs¬
196 2326 776 2382 betrifft, — seine elsässische Ab¬
786 2323 1653 2381 Mutter erfahren — ihre Schuld und Schmach:
821 2343 2031 2442 In schreckensvoller Ahn#g fragte sie [Beate): „Seit heutenweißt
188 2359 799 2432 ten kam. Die Schreie auf dem
801 2414 2025 2471 Du? Dort haben sie D##gt?“ Hugo erwiderte nichts, s#icy ein
186 2411 779 2475 ektüre, nicht zuletzt auch für seine
798 2438 2027 2507 Zucken lief durch seinen B### Körper, so wild, daß es ihn wyillenlos
184 2456 791 2538 idmung“ seines Buchs eine er¬
1240 2492 1348 2535 1%
1358 2477 2028 2537 In Beatens Seite hin . .. Sie 35g ihn
799 2498 1236 2554 auf den Grund des Bo##
798 2518 2030 2591 jäher zu sich heran, drätiäts'sich an ihn; eine schmerzliche Sehnsucht stieg
189 2535 790 2619 Bebiete gehn, wo Frankreich Krieg
804 2559 2028 2623 aus der Tiefe ihrer Seele####te dunkel in die seine über. Und
190 2592 783 2651 lohnt sich nicht mehr. Der Ruhm
796 2593 2038 2673 beiden war es, als triebtt##ayn, der doch fast stille stand, weiter und
192 2640 796 2689 ihn im Kampf für die Interessen
811 2631 2034 2703 weiter in wachsender Schneue. Wohin trieb er sie? Durch welchen
188 2679 786 2735 r Kohlenkonsortien erringt. Wendet
800 2674 2025 2756 Traum ohne Ziel. Nach welcher Welt ohne Gebot? Mußte er jemals
183 2721 789 2773 ure Klugheit unserer eigenen Ange¬
798 2720 2037 2777 wieder an Land? Durfte er je? Zu gleicher Fahrt waren sie verbunden.
189 2751 791 2807 lsässische Abenteuer nach
806 2754 2025 2828 Der Himmel barg für sie in seinen Wolken kein Morgen mehr; und im
516 2796 791 2847 Aber vergessen
182 2802 462 2853 frlicher Weg
799 2796 2038 2869 verführerischen Vorgefühl der ewigen Nacht gaben sie die vergehenden
175 2816 788 2892 llgemeine menschliche Angelegenheit
1318 2832 2033 2899 Verstehend, verzeihend, erlöst schloß er
798 2857 1195 2911 Lippen einander hin
182 2876 798 2952 and wir Beruf und Auftrag haben.
799 2874 2041 2945 die Augen; die ihren aber faßten noch einmal die in drohendem Däm¬
803 2912 2043 2977 mer aufsteigenden grauen Ufer, und ehe die lauen Wellen sich zwischen
813 2956 2039 3023 ihre Lider drängten, trank ihr sterbender Blick die letzten Schatten der
189 2935 798 3021 Prapheten dringt aus Berlin zu
809 3012 1155 3069 verlöschenden Welt.
180 3009 800 3067 leute sie so wenig achten wie die
842 3004 2041 3113 Diese den Schluß der Schnitzlerschen Novelle bildende Probe ist
192 3048 803 3111 so ist damit leider wenig geholfen.
794 3088 2043 3154 so schön und groß, daß sie für das ganze Werk Zeugnis ablegt.
196 3094 789 3175 noch als verpreißten „Schwoben“
795 3116 2031 3188 Neben die Prosa Thomas Manns im Tod in Venedig stellt sich
799 3160 2051 3236 ebenbürtig die Sprache Schnitzlers in Frau Beate und ihr Sohn.
179 3169 804 3252 =Berlin hat Schickele eine feine
813 3196 2069 3274 Es sind zwei Werke, an## di Rütsche Literatur der Gegenwant
190 3239 799 3294 etitelt, erscheinen lassen, die das
191 3272 1127 3345 ärtnergesellen in Paris mit köst= stolz sein darf.
2927 594 3136 663 Gelle 0.
2205 598 2586 682 30. Juni 1915.
2191 692 3178 765 Page, der Leiter der bekannten Monatsschrift „The
2187 757 3190 812 Worlds Work“, in Newyork. Unter seinen politischen
2195 801 3183 861 Freunden hat Wilson drei tüchtige und ihm ergebene
2182 842 3175 908 Diplomaten gefunden: Thomas Nelson, ein Philo¬
2190 890 3190 961 soph, der auch große kaufmännische Unternehmungen
2183 923 3198 988 zu leiten weiß, ein Mann von strengem aufrechtem
2192 976 3191 1053 Charakter und scharfem Verstande, wird als Botschaf¬
2194 1032 3189 1097 ter nach Rom gehen. Ein jüngerer Mr. Nelson über¬
2196 1064 3191 1123 nimmt den Posten in Madrid und P. A. Stovall
2193 1117 3185 1170 wird Gesandter in Bern. Niemand hat jedoch bis
2197 1159 3194 1221 jetzt die Ehren und die Lasten der Pariser Vertretung
2198 1205 2886 1263 für Wilson auf sich nehmen wollen.
2259 1229 3194 1302 § Seekranke Tiere. Wenn man das Verhalten
2188 1290 3192 1342 so mancher Vierfüßer an Bord beobachtet hat kommt
2197 1342 3191 1394 man zu der Erkenntnis, daß gewisse Tierarten der
2206 1375 3187 1437 Seekrankheit ebenso unterworfen sind wie der Mensch.
2203 1426 3193 1491 Pferde und Tiger leiden bei einer Seefahrt außen¬
2203 1470 3191 1528 ordentlich. Sie geben nicht nur angstvolle Laute von
2199 1515 3193 1580 sich, sondern sie weinen direkt jämmerlich; ihre Augen
2206 1567 3196 1619 sind beständig voll Wasser. Auch Elefanten leiden
2209 1607 3192 1668 stark an der Seekrankheit, aber um sie zu kurieren,
2209 1647 3188 1711 gibt es ein probates Mittel. Man läßt sie einen
2208 1686 3182 1750 Eimer frischen Wassers trinken dem eine bestimmte
2203 1721 3204 1799 Dosis Chinin und Whisky zugesetzt ist. Die meisten
2210 1794 3200 1842 Tiere leiden sehr bei Seereisen; doch gibt es auch
2203 1822 3202 1878 einige Ausnahmen. Der Polarbär zum Beispiel ist
2202 1859 3204 1927 seefest und fühlt sich an Bord augenscheinlich sehr
2208 1910 3198 1973 behaglich. Auch Vögel leiden in den weitaus meisten
2210 1957 3198 2016 Fällen nicht während der Fahrt; sie sind sehr leb¬
2210 1986 3202 2063 haft und gutex-Dinge. Englische Zingvögel werden
2208 2040 3200 2122 wohlbehalten bis nach British Coltmbia trans¬
2207 2099 2430 2162 portiert.
2803 2126 2886 2184 —
2575 2171 2924 2266 rarisches
2211 2224 3212 2298 Erscheinungen, die in unserem Blatie angezeigt und
2203 2279 3202 2339 besprochen werden sollen, sind direkt an unseren
2214 2325 3199 2387 Redakteur dieser Rubrik Ing. Richard Jerie,
2448 2363 2948 2422 Prag 1—430, zu senden.
2900 2352 3229 2457 veenerist
2274 2388 2847 2476 00 775 Neue Bücher.
2279 2436 3204 2515 Auf ganz modernen Boden kehren wir mit Arthur
2211 2501 3199 2555 Schnitzler zup uns in angestammter, zielbe¬
2211 2533 3210 2599 r Klarheit eine neue, gute Novelle „Frau
2217 2582 3205 2633 Beate und ihr Sohn“ (Verlag S. Fischer, Ber¬
2212 2622 3202 2681 lin) repräsentiert. Man darf Schnitzler gern folgen,
2219 2662 3198 2717 denn nie wird er, trotz seines fleißigen Schaffens,
2223 2705 3207 2757 fade, er weiß stets Neues, Interessantes zu bieten.
2219 2742 3209 2795 Und das Fesselnde vermittelt seine dramatische Ader;
2218 2780 3211 2838 so weiß er bekannten Problemen neue Gesichtspunkte
2213 2824 3210 2874 abzugewinnen, irgend eine markante Pointe zu geben.
2223 2855 3209 2910 Es ist viel Menschliches, was der Verfasser auch in
2215 2903 3202 2960 diesem Falle bietet, ein erschütterndes Seelengemalde,
2218 2942 3199 2990 nur gemildert in seiner grellen Wirkung durch die
2226 2993 3198 3041 saubere pootische Hulle, in die der Autor gewandt zu
2213 3022 3212 3077 rahmen weiß. Frau Beate ist ein sehr sympathisches
2222 3054 3208 3118 Frauenbild, der Typus der gut erhaltenen Witwe, die
2228 3096 3205 3154 in scheuer, herber Zurückgezogenheit das Andenken
2222 3128 3212 3193 des hingeschiedenen Gatten in Treue und Dankbarkeit
2223 3176 3218 3232 mit behäbiger Befriedigung pflegt. Zum kritischen
2217 3222 3205 3274 Moment in diesem Leben sollten die Reifejahre ihres
2222 3259 3214 3310 Sohnes Hugo werden, dessen kindliches Vertrauen sie
2214 3297 3218 3355 bisher voll und ganz genoß. Denn als sie seinem un¬
2221 3338 3204 3391 veränderten, verschlossenen Wesen nachgrübelt und
2217 3363 3214 3435 ein intimes Verhältnis des Siebzehnjährigen zu einer
2230 3413 3213 3469 Schauspielerin entdeckt, werden auch in ihr längst ent¬
2226 3460 3213 3514 schlummerte, mädchenhaft scheu unterdrückte Gefühle
2215 3499 3212 3555 wach, die Einsame sieht die Welt, die Männer mit
2224 3529 3216 3594 anderen Augen an. Ein frühreifer Jugendfreund
2513 3622 3210 3683 „ #itt #u hunarig
