3436 4224
1006 169 1630 238 und ihr Sohn
724 178 893 243 Bea
306 162 2122 267 28. Fraude Lan box 4/5
1180 738 1430 815 M
421 746 603 816 M.e
481 851 1411 949 Argus Suise et International de la Presse S. A.
626 936 1254 1008 23, Rue du Rhöne - GENEVE
454 980 1381 1060 Adr. télégr.: Coupures-Genéve — Tél. 44.005
466 1061 1426 1135 Bureau International de coupures de journaux.
564 1121 1336 1166 Traductions de et en toutes langues.
470 1213 1401 1308 Correspondants dans toutes les grandes villes.
414 1345 855 1426 Extrait du Journal
778 1305 1369 1470 relsen Lhh
412 1443 652 1526 Adresse:
839 1494 1202 1594 — 2 DEO. 1926
411 1534 594 1620 Date:
564 1782 1483 1879 ladame Beate et son fils, roman, par Arthur
584 1852 1480 1915 Schnitzler. Traduit de l’allemand par
586 1882 1477 1963 Hella ét Bournac (Un vol. in-8 couronne,
475 1902 1162 1993 Taxe Editiohs Victor Attinger).
415 1963 1474 2045 Tarif ré Depüis des dizaines d’années, l’écrivain
417 2045 1473 2100 d’avanceltrichien A. Schnitzier, qui est déja tres
479 2081 1481 2133 de teinnu en France par la traduction de blu¬
570 2106 1473 2187 eurs de ses ouvrages, reste inégalé dans Part
619 2151 1476 2217 décrire la vie sentimentale et cachée de la
426 2152 617 2219 On trait'
574 2203 1477 2253 urgeoisie viennoise. Vingt de ses produc¬
570 2232 1471 2291 ons tégloignent d’une réelle supériorité
593 2250 1478 2332 de dons tout à fait exceptionnels. Mais
565 2271 1478 2368 icune de ses ceuvres, peut-étre, ne nous
575 2351 1474 2404 fre, comme Madame Béate et son fils,
565 2377 1465 2452 ie analvse aussi parfaite de l’äme humaine,
584 2419 1471 2481 s passions confuses qui viennent l’agiter.
573 2461 1474 2515 Comme en se jouant, l’auteur, qui fut mé¬
570 2495 1473 2564 cin, pénêtre ich jusqu'au tréfonds du cchur
569 2530 1465 2599 s hommes et arrive à faire de ses person¬
569 2580 1461 2646 ge des étres vivants à un degré extraordi¬
582 2610 692 2656 ire.
580 2633 1458 2713 Madame Béafe et son fils est un sujet aussi
572 2693 1454 2761 ginal que troublant. Arthur Schnitzler,
581 2727 1453 2794 #t on a dit qu’il était un écrivain latin,
592 2768 1453 2826 traité avec une sobriété toute classique
577 2818 1460 2874 surtout avec une rare délicatesse de ton
588 2851 1461 2934 d’expression qui en font une manière
595 2882 923 2945 chef-d’ceuvre,
3069 116 3226 196 22
2190 118 2845 206 .sesssssseseeeeeeeeeeeee
2954 133 3233 216 Ne  . 6
2750 189 2948 252 S
3079 203 3209 253 —
2253 235 3165 358 Argus Sültse et International de la Presse S. I.
2394 328 3030 392 23, Rue du Rhöne - GENEVE
2217 366 3120 445 Adr. télégr.: Coupures-Genéve — Tél. 44.005
2217 434 3178 532 Bureau International de coupures de journaux.
2327 499 3095 575 Traductions de et en toutes langues.
2222 588 3163 692 Correspondants dans toutes les grandes villes.
2159 712 2609 805 Extrait du Journal:
2139 675 3083 988 en
2153 805 2395 894 Adresse:
2939 900 3054 986 930
2558 932 3009 1028 —
2261 1142 2364 1238 1
2416 1260 3049 1391 Des Aiures
2220 1403 3313 1499 Madame Béute et son fils, Arthur Schnitzler
3079 1469 3288 1527 — Tequ¬
2306 1462 3065 1528 (V. Attinger, Neuchätel et Paris).
2282 1498 3294 1575 cation morale, Benoit Bouché (La Bacophié¬
2288 1542 3300 1622 re. Neuchätel). — La chirologie scientifique“
2281 1590 3297 1662 éducative, Jeanne Gobet, Spes, Lausanné). .—
2273 1643 3290 1723 Le féminisme en. Suisse, A. Leuch (Payot;
2271 1681 2553 1753 Lausanne).
2278 1738 3285 1832 Disons-le d’emblée: le roman de M. Arthur
2226 1795 3292 1879 Lennitzler, quion vient de traduive, est parmi les
2234 1861 3289 1935 moins plaisants, et, somme toute, les moins bons
2237 1897 2810 1964 de cet écrivain séduisant.
2280 1940 3288 2013 Onne #en aperçoit d’ailleurs que sur le tard
2226 1977 3306 2052 et aprés sétre daissé emporter, une fois, une Tois
2222 2028 3290 2109 de plus, par un talent lucide et vif, élégamment
2219 2082 3285 2146 vigoureux, qui excelle d peindre les états däme
2223 2110 3285 2187 des belles Viennoises comme les paysages al¬
2225 2164 2685 2220 pins ou sub-alpins.
2272 2186 3276 2274 M. Schnitzler, qui a la gräce cruelle, sait
2218 2259 3288 2303 admirablement analyser les catastrophes hu¬
2230 2304 3276 2366 maines, et ses drames, jusqulici, étaient émou¬
2224 2340 3285 2408 vants d’autant plus qulils auaient pour cudre
2218 2368 3284 2454 les papsages les plus doux, les plus sereins,
2215 2428 3277 2502 pour protagonistes d’honnétes gens de la société
2220 2449 2631 2521 la mieux policée.
2278 2488 3270 2572 Ce coup, encore, T’ecrivain autrichien obéit à
2218 2554 3279 2623 la régle, mais ensuite il täche veritablement d
2207 2593 3280 2669 fernir ses héros, lesquels sont immédiatement
2224 2638 3270 2699 sympathiques pourtant, Limpression est assuré¬
2218 2692 3273 2751 ment pénible pour le lecteur qui va jusqulau de¬
2222 2727 3279 2785 goüt quand Tanteur donne dans un freudisme le
2223 2780 3279 2849 plus banal en mème temps que le plus révol¬
2223 2812 2352 2886 kant.
2264 2846 3272 2931 M. Schnitrler qui est komme de goüt d Vor¬
2208 2905 3271 2984 dinaire, paratt lui-méme se douter de lercés et,
2218 2965 3273 3014 comme sil salfolait, il fait alors périr ses per¬
2208 2995 3270 3069 sonnages dans une péripétte vulgairement melo¬
2208 3030 2505 3101 dramatique.
2260 3162 3263 3254 A lheure od Téducation morale a conquis
2214 3221 3267 3302 dans Topinion, dans T’esprit des éducateurs et
2201 3277 3265 3340 dans les préocupations des poupoirs publics, une
2200 3322 3266 3373 place prédominante peut-étre, M. Benoit Bou¬
2207 3367 3251 3431 ché, membre du Conseil supérieur de Iinstruc¬
2206 3414 3263 3458 tion publique, secrétaire général de I’Union
2202 3442 3273 3513 beige d’éducation morale, publie sur la matière
2210 3484 2745 3552 un oubrage important.
2240 3540 3259 3607 Au cours d’un récent congrés, un éminent pe¬
2203 3577 3249 3640 dagogue disait: &Ce qui manque aux institu¬
2205 3632 3263 3684 feurs ei aux professeurs, c'est un guide donnant
2202 3668 3260 3731 les adirectives, indispensables d la formation
2199 3720 3257 3782 morale de Tenfancenet de Tadolescence." Nous
2198 3766 3258 3816 croyons ne pas nous aventurer trop en disant
2212 3796 3249 3865 que le livre de M. Bouché va combler cette la¬
2211 3846 3256 3897 cune et quli est destiné d rendre les plus grands
2196 3881 3253 3945 services. Sans négliger la documentation, T’au¬
2191 3926 3260 4009 teur a voulu surtout faire une ceupre méditée et
2195 3963 2669 4045 nourrie d'expértence.
2689 4045 2766 4108 *
