3436 4256
283 179 476 265 28.
671 176 1607 255 1 Beate und ihr Sohn
515 175 618 254 Fri
1735 164 2121 267 box 4/5
474 228 1722 299 e esethente
940 914 2354 994 und Fühlens auflöst und diese Prozesse selbst in ihren durch
948 979 2351 1053 den Bezug auf Charakter, Milieu und Erlebnis so überaus
947 1036 2337 1114 komplizierten Dorgängen auf ihren letzten Arsprung zurückführt.
936 1082 2345 1168 In der schwülen Erotik gemahnt dieses Buch an „Frau Berta
945 1160 2354 1224 Garlan“. Hier wie dort handelt es sich um das Liebesleben
947 1211 2342 1271 einer reifen Frau, das mit minutiöser Genauigkeit, die fast
931 1270 2342 1330 peinlich anmutet, vor uns aufgedeckt wird. Während aber
932 1331 2348 1406 Berta Garlan ihre erotischen Träume in die Dergangenheit
932 1381 2347 1458 zurückträumt, und so die letzte große Enttäuschung ihres Lebens
935 1449 2340 1511 durchmacht, kommt Frau Beate zehn Jahre nach dem Tod
934 1509 2333 1582 ihres Gatten, mit dem sie in glücklicher Ehe gelebt und dem
941 1557 2343 1628 sie mit echtem Schmerz nachgetrauert hat, zur Erkenntnis,
934 1626 2340 1696 daß sie ihn betrogen hat, daß sie „eine Derlorene von An¬
929 1685 2342 1745 beginn, ein Dasein phantastisch-wilder Lust“ geführt hat.
929 1747 2333 1814 Niemand, auch sie nicht, hat es je geahnt. „Jetzt aber war
935 1809 2333 1865 es offenbar geworden. Immer tiefer zu gleiten war sie be¬
941 1859 2340 1937 stimmt, und eines Tages, wer weiß wie bald, wird es der
932 1920 2331 1980 ganzen Welt klar sein, daß ihre ganze bürgerliche Wohl¬
929 1970 2324 2050 anständigkeit eine Lüge war“. Diese schwere Erkenntnis ge¬
929 2041 2329 2117 winnt sie, als sie den Freund ihres Sohnes, dem sie sich aus
930 2096 2329 2167 rein sinnlichen Gelüsten hingegeben hat, mit seinem Siege
923 2154 2332 2218 renommieren hört. Auch dem Sohne gibt das willige Ge¬
930 2211 2317 2268 rücht Kunde von dem Treiben der Mutter. Er ist fassungs¬
929 2272 2327 2330 los und er kann das Leben nicht mehr ertragen. Beate aber,
925 2335 2329 2403 die ihren Sohn schon auf den Spuren seines Daters wandeln
932 2387 2329 2449 sieht und ihrem eigenen Leben rettungslos gegenübersteht,
927 2447 2329 2518 nimmt in einer unheimlichen rätselschweren Stunde ihr Kind
922 2491 1431 2560 mit sich in den Tod.
1885 2504 2275 2586 J. K. Natislav.
929 2552 2332 2637 Rabindranath Tagore „Gitanjali“ (Sangesopfer).
1023 2628 2212 2692 7. Auflage. Kurt Dolf Derlag 1914. Geb. 3,50.
1026 2674 2318 2756 Für die Menschen dieser Seit ist das ein ganz über¬
926 2740 2325 2810 raschendes Buch. Wir haben an solche Worte fast nicht
922 2799 2324 2873 mehr geglaubt, dachten, sie wären längst verklungen vor vielen
929 2865 2328 2932 Tagen, und nun hören wir sie doch wieder und wissen, daß
926 2912 2325 2970 sie zu unsren Zeiten gesungen wurden von einem, der mit
921 2974 1999 3041 uns lebt; und sie rauschen uns in den Ohren.
1008 3028 2321 3107 Dem wird sich niemand verschließen können, dem reichen
918 3088 2316 3160 reinen Klang dieser Gedichte, wer es nicht verlernt hat zu
914 3150 2323 3237 hören, (das danken wir auch der schönen Abersetzung von
2182 3253 2315 3343 253
