3484 4256
1153 183 1611 259 ihr Sohn
687 187 1137 260 Beate un
298 189 649 275 28. Fra
493 219 2149 295 au2 24 box 4/5
492 790 711 862 Seite 4.
1021 788 1433 859 Pilsen, Montag,
1881 855 2857 921 Ohnmächtig steht die verwitwete Mutter dem erwachen¬
441 893 1505 969 Hugos wird ihr in sommerheißer Abendstunde zum ##
1806 909 2867 958 den Sinnesleben des Sohns gegenüber. Ohnmächtig, doch
445 947 1457 998 Verhängnis er wird ihr Geliebter. Und als Beate
1821 960 2856 1009 nicht wilkenlos. Sie tut, was sie einst in jungen Jahren
450 997 1446 1042 ein Gespräch des Letzteren mit einem Gleichaltrigen
1814 997 2857 1052 der Geliebten ihres späteren Gatten gegenüber getan hat:
450 1034 1458 1076 belauscht, in dem er sich der Buhlschoft rühmt, steigt
1811 1034 2866 1091 sie begibt sich zu der Frau, die ihrem Sohn gefährlich
459 1073 1455 1127 in der Mutter, der Hüterin ihres Sohnes, der furcht¬
1810 1078 2861 1129 geworden ist, spricht mit ihr offen, bittet sie rückhaltlos,
448 1101 1458 1169 bare Verdacht auf, der Sohn könne davon hören.
1809 1118 2858 1165 den Sohn freizugeben. Erreicht wird diesmal nicht, was
448 1144 1450 1199 Hugo tritt ihr verstört entgegen, Beate will sich auf
1805 1151 2858 1194 doch damals glückte. Aber Vergangenheit und Gegenwart
1805 1196 2855 1247 sind dadurch plötzlich irgendwie eins geworden. Nur daß es
458 1183 1458 1247 einsamer Kahnfahrt mit dem Sohne Gewißheit ver¬
1802 1216 2870 1278 nicht die Vergangenheit ist, die reinigende Gewalt über die
456 1238 1452 1287 schaffen er „weiß“ und beide gehen in den Tod. —
1808 1271 2866 1325 Gegenwart gewinnt, sondern: die wirre Gegenwart beginnt
461 1265 1453 1319 Schnitzler versteht die Seelenmartern von Mutter
1807 1308 2513 1367 sich des Vergangenen zu bemächtigen.
449 1315 1454 1362 und Sohn so erschütternd herauszuschälen, er spitzt
459 1348 1447 1402 das liebe Bild tragisch packend mit soviel Geschick und
1886 1343 2854 1412 Diese Frau Beate, die doch in Treue und Wunsch¬
463 1371 1476 1461 Folgerichtigkeit zu, er malt die Gedanken sostreulich
1810 1389 2864 1443 losigkeit das Gedächtnis ihres Gatten, des berühmten
461 1417 1455 1490 und zergliedernd, daß man dem Werke meisterhaf###
1810 1430 2862 1502 Schauspielers, wahrte, erwacht an dem erotischen Erle#mis
460 1471 1029 1536 Können nicht absprechen darf.
1796 1480 2352 1527 ihres Sohnes. Sie erwacht -
2371 1479 2848 1528 zu einem Traumzus and.
1812 1518 2851 1574 Ihre ganze Umgebung scheint verwandelt, derart, daß
532 1494 1458 1584 Einen Sprung in Preußens markante# Ge¬
1807 1556 2862 1593 aus jedem Männergesicht der Faun grinst, uro in
461 1545 1457 1619 schichtstage bedeutet Karl Bleibtreus Roman „Zwei
1798 1588 2862 1640 jedem Frauenaugenaufschlag die Nymphe lockt. Wis ihr
453 1594 1449 1655 wackere Helden" (Verlag Grethlein & Co.,
1811 1629 2860 1673 als fester Besitz galt, die Frinnerung an ihre gut Ehe,
463 1623 1482 1705 Leipzig). Der Verfasser ist uns aus vielen historischen
1814 1671 2847 1724 wird in Zweifel und Schmutz gezogen. In solchem Traum¬
461 1674 1314 1728 Denkmalen besonders dem „Diesirae“ rühmlich
1799 1718 2855 1771 zustand, auf der schwanken Brücke zwischen Vergangenem
461 1712 1265 1760 kannt. Dem Patriotismus und der Be¬
1797 1753 2845 1800 und Gegenwärtigem, fällt sie dem plötzlichen unt un¬
469 1752 1245 1808 blieb er auch in diesem Werke treu und n
1815 1773 2858 1859 vorhergesehenen Werben eines Altersgenossen ihres arg
475 1795 1201 1843 er der Skepsis und dem Zynismus in
1805 1819 2384 1883 jugendlichen Sohns zur Beute.
851 1823 1185 1889 gel schießen um de
1889 1864 2858 1921 Alles hat sich ohne greifbaren Anhalt in sein Gegen¬
859 1875 1148 1929 ortes gerecht w.
1808 1901 2865 1963 teil verkehrt. Das Alter wollte die Jugend meistern, und
927 1915 1112 1986 Geißel aud
1806 1948 2862 2001 st in sein Treiben hineingezogen worden. Das Gegen¬
937 1954 1100 2007 ns Mi
1812 1985 2861 2042 wärtige sollte sich an Vergangenem klären, und hat dieses
1323 1995 1478 2043 Mai¬
935 1992 1091 2050 s aller
1804 2028 2858 2083 statt dessen getrübt. Waches Bewußtsein, zur Tat auf¬
1274 2036 1454 2085 Bleibtreu
957 2030 1112 2090 Helena,
1813 2070 2846 2117 gerufen, ist von den dunklen Schwaden seelischer Däm¬
1258 2073 1461 2129 Spitzeleien
1005 2071 1124 2129 haar
1806 2098 2861 2150 nerungszustände umnebelt worden. Aus dem Traumdasein
982 2098 1464 2172 en Zug, die beiden fran¬
1807 2142 2856 2202 aber ersteht die dem Traum eigentümliche verbrecherische
1009 2149 1478 2207 ie „zwei wackeren Hel¬
487 2156 532 2205 zö
1809 2187 2856 2237 Tragik des Inzestes. Es ist kein Unte chied mehr zwischen
984 2189 1475 2250 korrumpierten Zeit, die
497 2196 647 2252 en“, als
1803 2217 2864 2280 der Liebe zum Sohn und dem trüben Sinneserglühen zu
945 2234 1272 2286 im Vordergrund.
1338 2233 1466 2292 s ist
457 2222 715 2286 dem Verfall
1803 2259 2854 2310 dessen Altersgespielen. Über der Leidenschaft vergißt sie
464 2269 1458 2314 eine Satyre stärkster Art, denn der bewährte Kenner
2501 2298 2851 2358 und das ist das
1807 2297 2435 2358 den Sein, in dieser Leidenschaft
1226 2308 1470 2374 nBlatt vor
463 2312 1195 2377 der Navolegnidenzeit nimmt tatsächlich
1800 2343 2856 2407 Wesen vieser Tragik — beginnt sie ihn neu und anders
1804 2377 2027 2440 zu finden.
1890 2418 2847 2471 Damit steht man an dem neuen Übergangsstege, an
1806 2454 2859 2496 dem sich Schnitzlers feine analytische Kunst zu vollem
1806 2497 2847 2543 Dichtertum erhebt. Wie sich vordem der Traumzustand
1800 2542 2851 2585 der Wirklichkeit bemächtigte, so greift nun grelles Tages¬
818 2510 1451 2614 besergaseserne mterwun mu.
1810 2578 2857 2627 erleben in den Traum hinein. Frau Beate wird Zeugin,
1816 2611 2861 2676 wie der dumme Bube, den sie zum Gefährten ihrer Nächte
714 2613 1742 2712 olrahme Tege
1810 2648 2855 2711 machte, mit seinen Erlebnissen prahlt. Zugleich erfährt der
1816 2695 2847 2749 Sohn, was die Mutter getan. 65o, zwischen Traum und
1805 2735 2848 2771 Wirklichkeitsbewußtsein, gehen beide zusammen in den Tod —
701 2715 850 2805 rt:
1809 2768 2854 2807 ein Liebespaar. Etwas von kleistscher Gefühlsverwirrung ist
816 2746 1090 2859 Serttar
1811 2810 2854 2861 in diesem Untergang. Etwas von Sagendunkel in dem
1810 2858 2851 2910 scheinbar harmlosen Liede von der Liebe der alternden
712 2848 1376 2950 aum:
1813 2891 1948 2955 Frau.
1881 2933 2859 2984 Es besteht ein eigentümlicher Gegensatz zwischen dem
1808 2972 2845 3030 lichten und lebensfrohen Milieu aus der wiener Gesell¬
1804 3022 2845 3065 schaft, das Schnitzler sich auch diesmal gewählt hat, und
1819 3054 2856 3099 solcher Tragik; zwischen der klaren und anmutigen Dar¬
1809 3089 2860 3150 stellung und diesen seelischen Finsternissen; zwischen der
1809 3131 2856 3180 äußerlichen Frivolität und der unbarmherzigen inneren
1806 3164 2853 3217 Herbheit. Ein modischer Fastenprediger, aus dem ein
803 3087 1734 3278 Kurze Anzeigen
1814 3211 2853 3256 alttestamentlicher Prophet grollt. Aber die Kraft ist da,
1806 3242 2853 3301 auch wenn sie sich hinter Anmut oder Eleganz zu verstecken
1821 3282 1970 3347 beliebt.
1008 3296 1524 3382 Romane und Novellen
1881 3307 2854 3376 Aus der Beschäftigung mit sehr modernen Problemen
2431 3368 2476 3397 Nr.
1868 3372 2862 3417 ich denke an die freudschen Theorien — mag Schnitzler
756 3360 1791 3437 Frau Veate und ihr Sohn. Novelle. Von Arthur
1808 3404 2857 3455 seine Novelle von Frau Beaie und ihrem Sohn entstanden
815 3415 1610 3472 Schnitzler. Berlin 1913, S. Fischer Verlag.
1810 3448 2857 3504 sein. Ist dem so, so gewann er damit den Zugang zu
835 3452 1793 3507 An einem Problem, das der Literatur des Tages
1806 3483 2864 3538 Mysterien; ohne doch selbst in pathetische Gesten und
749 3491 1794 3539 ganz geläufig ist, ist Arthur Schnitzler zum Entdecker ge¬
2581 3522 2861 3574 der liebens¬
1815 3531 2502 3574 Mystagogendeklamation zu verfallen
759 3538 1802 3590 worden. Aus den erotischen Gefährnissen des Alterns
1817 3568 2856 3616 würdige und elegante und gesellschaftliche Mann bleibend,
749 3579 1801 3632 lugt, wie er sie begreift, ein Neues. Vergangenheit und
1801 3607 2848 3652 dessen Rolle er zu der seinen, scheint es für immer, ge¬
754 3611 1799 3670 Gegenwart, Wirklichkeit und Traumleben lösen sich gleich¬
1805 3637 2853 3688 macht hat. Und das mag berlagen, wer die Mannigfaltig¬
756 3645 1793 3709 sam in chemischem Seelenprozesse ineinander auf, um sich
1813 3683 2604 3730 keit und die Masken des Lebens nicht liebt.
753 3696 1800 3752 zu einem Ungeahnten und Furchtbaren zu verbinden. Zur
2425 3713 2791 3789 Ernst Heilborn
1873 3723 2062 3788 Berlin
755 3720 1530 3795 Tragödie wird, was Satyrspiel gewesen.
