3392 4224
252 156 440 243 28.
513 168 609 229 Fa
676 155 767 231 B
986 156 1583 235 und ihr Sohn
1658 160 2091 266 box 4/5
439 176 1568 275 KAu Ate  S
657 452 1119 539 Aussehmiee auß:
954 468 1832 605 entermanns Monatchefte, Braun
676 575 827 635 vom:
814 578 1114 681 G
1046 1187 2654 1292 Emtarhin=Balohnad
996 1266 2692 1343 Arthur Schnitzler: „Frau Beate und ihr Sohn“ (Berlin, S. Fischer) — „Lotte von Brobergen, Geschichte einer Liebe in Briesen
992 1312 2694 1371 aus der Werther=Zeit“. Nach Originalen herausgegeben von Margarete Böing (Berlin, Gebr. Paetel) — Chomas Mann: „Der
986 1361 2684 1419 Cod in Venedig“ (Berlin, S. Sischer) — Heinrich Jederer: „Sisto e Sesto“, eine Erzählung aus den Abruzzen (Heilbronn, Eugen
996 1396 2679 1447 Salzer) — Hermann Stegemann: „Die Himmelspacher“ (Berlin, Eg. Fleischel & Ko.) — Guglielmo Ferrero: „Die Frauen der
996 1425 2688 1477 Cäsaren“ (übersetzt von E. Kapff; Stuttgart, Jul. Hoffmann) — Gustav Fregtags Briefe an Albrecht von Stosch, herausgegeben
993 1459 2693 1512 von Dr. Hans F. Helmolt (Stuttgart, Deutsche Verlagsanstalt) — Jelix Philippi: „Alt-Berlin“, Erinnerungen aus der Jugendzeit
1075 1489 2602 1551 (Berlin, Mittler & Sohn) — Paul Heuse: „Jugenderinnerungen und Bekenntnisse“, zweiter Band (Stuttgart, Cotta)
1025 1544 2680 1611 Deine größere Verführung gibt es für den seelische Bedrängnis anfällt; und sie selbst, die
984 1584 2690 1643 Jpsychologischen Noman= und Novellenschrift= Mutter, steht diesem neuen Wesen ihres Hugo
985 1638 1830 1698 steller als die Versuchung, die Probleme seiner
1843 1647 2679 1695 scheu und ratlos gegenüber. Wohl sieht sie in
991 1682 1832 1748 Kunst immer noch feiner, immer noch diffiziler
1837 1688 2682 1749 der heißen, zügellosen Art, wie sich der Bub
997 1732 1832 1796 und aparter zu nehmen. Es geht ihm wie dem
1836 1727 2683 1798 dem ersten Rausche seiner jungen Leidenschaft
986 1766 1831 1832 Bergkletterer, der mit jedem überwundenen
1825 1779 2678 1839 zu einer reifen, erfahrenen, mit allen Reizen
991 1820 2695 1889 Zacken seine Kräfte wunderbar wachsen fühlt der großen Welt ausgestatteten Frau hingibt,
993 1864 2681 1927 und nun mit dem Weiterklimmen und =steigen das gesetzlose Blut ihres Mannes erwachen, aber
993 1918 2679 1975 nicht früher ein Ende findet, als bis er auf einer diese düstere, geheimnisvolle Leidenschaft war es
985 1954 2675 2021 Höhe, einem isolierten Punkte angekommen ist, gerade, die zwischen ihr und jenem Wandlungs¬
992 1997 2675 2063 von wo es kein Zurück, keinen Zusammenhalt reichen, nie Befriedigten, nie ganz Behausten
980 2047 2684 2081 mit der breiten, ebenen Erde mehr gibt. In immer wieder eine letzte Schranke aufrichtete.
984 2077 2684 2145 diesem Falle ist, fürchte ich, Arthur Schnitz= Sie will den Jungen halten, seine duftende
984 2126 1824 2185 ler gegenwärtig. Schon in seinen ersten Er¬
1834 2145 2679 2196 Jugend bewahren vor dem Ekel, der diesem irre¬
975 2169 1827 2235 zählungen war eine Neigung zur psochologischen
1831 2183 2680 2228 gegangenen Rausch der Sinne notgedrungen fol¬
987 2214 1823 2277 Spintisiererei zu beobachten, die über die Gebote
1831 2230 2687 2286 gen muß, und wählt dafür in der tapferen Angst
988 2262 1825 2321 einer feinen und tiefen Seelenkunde hinausging,
1832 2272 2688 2318 ihres Mutterherzens gleich das äußerste Mittel,
983 2297 1826 2358 und sein medizinischer Beruf, der bei ihm mehr
1833 2316 2675 2364 das es gibt: sie bittet die Frau, in deren Banden
984 2347 1827 2411 als ein Handwerk ist, hat diese Neigung nur
1839 2358 2676 2404 der Sohn liegt, persönlich, ihn freizulassen, ihn
982 2400 1822 2446 noch verstärkt. Anaustreibbar scheint diesem Be¬
1834 2400 2676 2459 ihr wiederzugeben. Das Mittel versagt, wie
988 2444 1825 2499 rufe ein Suchen und Haschen nach interessanten,
1832 2450 2681 2493 nicht anders zu erwarten. Und — wendet sich
983 2481 1830 2545 einzigartigen Fällen eingeimpft zu sein. Rein
1835 2493 2689 2551 mit seinem vergifteten Stachel gegen sie selbst.
986 2535 1824 2591 artistisch betrachtet, bedeutet das vielleicht nur
1830 2536 2683 2587 Hat sie sich bisher gegen die werbenden Galan¬
978 2557 1821 2629 noch einen höheren Grad des Ruhmes und der
1840 2579 2679 2641 terien und Zärtlichkeiten der Männer ihrer Be¬
990 2618 1827 2674 Vollendung zumal für den Novellendichter, den
1837 2623 2684 2673 kanntschaft mit Kühle, mit der abwehrenden Er¬
989 2656 1825 2729 die Spezies selbst auf solche Stoffwahl hinweist.
1829 2666 2680 2729 innerung an ihren Gemahl zu panzern vermocht,
990 2708 1825 2772 Aber es liegt darin zugleich auch die Gefahr
1827 2710 2681 2767 so fällt sie jetzt, durch das in ihr widerhallende
987 2750 1824 2815 der übertriebenen Isolierung, der Einkapselung,
1840 2760 2668 2809 Erlebnis mit ihrem Einzigen im Innersten auf¬
990 2795 1824 2856 aus der heraus kein Weg mehr zu der All¬
1839 2799 2678 2863 gewühlt, desto widerstandsloser den Versuchun¬
983 2836 1703 2883 gemeinheit des Empfindens zurückführt.
1832 2850 2679 2888 gen des Blutes zum Opfer. Doch nicht einer von
1014 2858 1834 2946 In seiner Erzählung „Frau Beate und
1830 2888 2677 2953 den reifen, erfahrenen Männern, die sie offen
987 2911 1818 2983 ihr Sohne hat der Wiener diese äußerste
1836 2932 2679 2980 oder geheim umwerben, ist es, dem sie erliegt,
980 2975 1821 3028 Grenze der künstlerischen Absonderung erreicht,
1828 2978 2682 3033 sondern — so will es der Eigensinn des Dichters
983 3014 1824 3072 wenn nicht schon überschritten. Was er da er¬
1838 3025 2661 3071 offenbar der =Parallelität der Fällee zuliebe —
988 3071 1822 3117 zählt oder vielmehr analysiert, ist ein spezieller
1838 3063 2678 3143 ein Freund und Altersgenosse ihres Sohnes, ein
985 3107 1825 3169 Krantheitsfall, dem es nicht gelingt, eine charak¬
1837 3112 2522 3161 achtzehnjähriger Gymnasiast gleich ihm.
983 3142 1821 3194 teristische oder gar allgemein menschliche Beheut¬
1860 3143 2677 3203 Hier stutzen wir. Verträgt sich wirhlich Mütter¬
981 3191 1818 3244 samkeit vorzutäuschen, wie es doch wohl beab¬
1828 3201 2665 3245 lichkeit, Frauenzartheit und selbstlose Hingabe,
983 3234 1817 3285 sichtigt war. Auch wenn wir dies „Allgemein¬
1835 3247 2669 3306 wie Schnitzler sie an dieser Vierzigjährigen schil¬
985 3278 1820 3335 menschliche auf das weiche, überfeinerte Wiener
1833 3285 2676 3334 dert, in ein und demselben Herzen mit solcher
974 3325 1825 3396 Milieu lokalisieren, in dem die Geschichte spielt
1830 3324 2679 3389 sinnlichen, bloß zinnlichen Auflösung, wie sie nun
982 3364 1820 3425 und wurzelt. Frau Beate Heinold, die Witwe
1837 3376 2678 3448 über diese Frau kommt? Ist es denkbar, daß
972 3407 1819 3473 des vielgefeierten Schauspielers, glaubte schon
1836 3417 2670 3462 nicht schon früher, weit früher der Ekel vor die¬
982 3458 1814 3511 seil Jahren nur noch ein Glück und Lebensziel
1833 3458 2687 3528 sem wochenlang Nacht für Nacht währenden
989 3493 1819 3555 zu kennen: den seelischen Zusammenhalt mit
1828 3505 2680 3570 Verhältnis sie würgt, bevor sie noch in einer
982 3550 1816 3609 ihrem siebzehnjährigen Sohn, der eben anfängt,
1828 3552 2673 3612 peinlichen Lauscherszene aus dem Munde des
974 3585 1826 3651 die ersten selbständigen Schritte in das gefähr¬
1834 3599 2668 3643 Begünstigten selbst erfährt, daß sie ihm nicht
983 3632 1823 3677 liche, von Versuchungen und Gefahren umlauerte
1829 3642 2668 3703 mehr als ein Instrument der Lust und der jungen¬
984 3677 1822 3734 Leben hinaus zu tun. Der sonst so kindlich Ver¬
1828 3683 2668 3728 haften Renommage? Wir glauben der feinen,
989 3719 1815 3788 trauensselige gibt sich auf einmal fremd und ver¬
1825 3727 2666 3784 behutsamen Kunst eines Schnitzler vieles, aber
981 3760 1834 3815 schlossen, da ihn — sie fühlt, sie weiß es in
1827 3773 2660 3833 dieses glauben wir ihm nicht, um so weniger, als
976 3814 2676 3896 ihrem stets wachen Mutterherzen — die erste er es gerade an diesem Punkte, wo die äußerste
1810 3903 3331 4075 überzeugungskraft dichterischer Seelenkunst hätte menkünfte mit neuer Glut, neuer Sehn
2652 3975 3339 4057 neuen Schmerzen genährt wurde, immen
2635 4012 3327 4097 so edelschönen Briefen ausströmen ließe
1811 4009 2640 4100 aufgeboten werden müssen, an Sorgfalt und Ge¬
1812 4069 2401 4160 wissenhaftigkeit hat fehlen lassen.
2082 4058 3328 4166 vie Frau Beate außergewöhnlich wenn auch die des Offiziers nicht auf
2899 4103 3334 4168 wir lesen doch auch sie
