3484 4256
416 312 516 398 T3
368 385 504 441 Taxif
357 424 502 489 „ment
370 469 497 515 pério
376 503 495 568 limit
388 550 478 609 On
635 279 1330 373 Menus propos
561 425 1399 489 Un roman d’Arthur Schnitzler.
523 483 1444 553 Arthur Schnitzler, le célebre écrivain „viennois,
500 515 1443 583 qui fut médecin, écrit depuis une vingtdine d’an¬
489 565 1444 625 nées des romans et des drames au coufs desqiels
493 618 1450 658 Il se plait à pénétrer jusque dans les plusesembres
499 651 1455 692 replis du cceur humain. Exploration fertfle en dé¬
493 692 1455 737 couvertes et riche d’enseignements pour le spé¬
485 726 1450 770 cialiste, mais qui comporte certains dangers pour
489 771 1454 819 le public; un danger semblable à celui que court
493 797 1449 858 le profane à posséder de vagues connaissances de
489 830 1452 890 médecine: il se croit bientôt atteint de tous les
487 877 1125 936 maux dont il lit la description.
531 898 1454 960 A suivre les personnages étranges d’Arthur
500 933 1462 1002 Schnitzler vous distinguerez certainement quelques
493 982 1457 1030 pensées qui vous ont pu effleurer une fols ou l'au¬
500 1028 1453 1080 tre et que vous avez balayées d’un coup. comme
502 1068 1461 1125 on s’éclaircit la gorge quand on est enroué. Or,
496 1105 1451 1143 on vous montre des gens très honnétes, sympa¬
486 1145 1445 1200 thiques, respectés. qui vivent avec ces pensées-lä,
495 1176 1458 1233 comme s’il était naturel de les porter avec sol, et
493 1211 1456 1270 tout aussitöt, vous volci poussé à en chercher la
487 1258 1455 1308 trace en vous-mème et chez les autres. Vous fini¬
485 1298 1447 1343 rez par Conclure avec quelque tristesse que vous
491 1336 1454 1373 Etes à deini fou et vous vous consolerez en consta¬
495 1371 1311 1410 tant que les autres le sont complétement.
512 1410 1445 1460 La nature, disait Montesquien, a mis en nous la
490 1444 1454 1484 pudeur de nos imperfections; la crainte de nous
481 1472 1453 1531 abaisser à nos propres yeux et à ceux d’autrui
483 1519 1447 1555 constitue un des ressorts les plus vigoureux de
479 1560 1449 1608 notre sens moral. Mais à mesure que s’abaisse le
491 1592 1447 1645 niveau moral de la société, cette crainte diminue
492 1627 1446 1670 et vous retient moins solidement. C’est pourquoi
481 1669 1453 1718 les romanciers qui se plaisent à montrer combien
482 1713 1455 1756 'anormal se rencontre fréquemment, au point de
481 1745 1449 1791 devenir quasi normal, me semblent encourir une
494 1781 1450 1850 responsabilité dont ils ne semblent, eux. guère 3e
490 1819 670 1881 douter.
530 1835 1447 1908 Madame Béate et son fils:, le roman de Schnitz¬
482 1890 1454 1945 ler que viennent de traduire MM. Hella et Bournac.
488 1937 1447 1994 nous falt suivre les états d’angoisse, — morale et
489 1973 1449 2032 charnelle, — que traverse la veuve d’un grand
485 2008 1459 2051 acteur parce qu'elle retrouve en son fils une ima¬
483 2042 1453 2098 ge rajeunie de son mari. De ce récit, admirable¬
482 2093 1456 2138 ment composé, les personnages vous attirent par
488 2124 1462 2168 le trouble qu'ils ressentent sans pouvoir le définir.
494 2165 1458 2211 Ils se cherchent, vous les cherchez avec eur. puis
490 2200 1456 2240 vous vous cherchez en eux et vous vous épouvan¬
488 2230 1452 2293 tez de devolr descendre si bas. Froidement, mé¬
480 2280 1458 2324 thodiquement, avec les gestes précis et délicats
480 2326 1448 2364 d’un opérateur, l’auteur les déshabille, mettant à
482 2354 1454 2392 nu leur misère. Vous vous trouvez dans la mème
482 2393 1452 2438 situation qu'un homme qui entend dire du mal de
490 2426 1461 2479 son meilleur ami: il voudrait arrêter celui qui
494 2464 1457 2514 parle. le faire taire, et pourtant un obscur et désa¬
481 2507 1465 2567 gréable désir lui reste d’en apprendre davantage.
493 2538 1462 2581 Ainsi, en lisant cette histoire, êtes-vous vingt fois
481 2583 1447 2625 tenté de crier au conteur: Assez! et vous le sui¬
486 2611 1461 2666 vez néahmoins pour voir jusqu'ou vous supporte¬
495 2652 1452 2698 rez cette asphyxie morale; à la fin, cela devient
481 2685 1462 2745 proprement monstrueux et au moment on vous
490 2730 1460 2774 alliez lächer le récit, c’est lui qui vous läche, vons
501 2773 1018 2832 laissant écceuré et pantois.
524 2778 1447 2861 Sans doute, pour modeler un chef-d’cuvre il
483 2835 1445 2887 faut parfois se salir les mains; mais on peut au
486 2881 1446 2934 moins se les laver ensuite, tandis qu’on ne se
487 2921 1446 2969 nettoie pas si fachement l’esprit. D’ailleurs, le bon¬
483 2956 1456 3002 heur ne se fonde-t-il pas bien plus sur l’ignorance
497 2993 1453 3042 de certaines choses que sur leur connaissance?
481 3030 1453 3077 et souvent l’ignorance est moins éloignée de la vé¬
487 3084 1456 3123 rité que le préjugé. Trop d’écrivains s'’imaginent
496 3106 1453 3152 que, pour éclairer les aveugles, il suffit de leur
499 3150 1149 3212 frotter les yeux avec de la boue.
1249 3161 1447 3258 P. C.
535 3256 1056 3330 1 Editions Victor Attinger.
2269 205 2879 278 und ihr Sohn
1551 207 2152 297 28. Frau Bea
1764 210 3365 317 ae San box 4/5
1991 778 2657 843 M##mmmmnummngnumsung
2737 773 3045 849 Ne
2012 860 3033 958 HRdUs SUISSE ET INTERNATIONAL]
2226 920 2812 991 DE LA PRESSE S. 4.
2129 966 2896 1023 23, rue du Rhöne - Genéve
1995 993 3021 1079 Adr. télegr.: Coupures-Genève — Téléph. 44 005:
1998 1096 3038 1178 (Bureau International de coupures de journaux
2130 1158 2902 1209 Traductions de et en toutes langues
2018 1258 3026 1349 Correspondants dans toutes les grandes villes
2002 1385 2439 1468 Extrait du Journal:
2002 1478 2214 1568 Adresse.
2001 1587 2165 1670 Date.
2552 1581 3017 1782 ∆. 0
2117 1865 2924 1926 irthür Schwirzzen, Madame Béate en
2129 1926 2936 1989 son Mis. Edition Victor Altinger. Ro¬
2893 1935 3004 2013 ure
2052 1946 2912 2039 Taz man. Tradüit de l’allemand par Hells
2887 1982 3025 2062 30.—
1998 1998 2426 2086 Tarif et Bournac.
2001 2040 2159 2093 ment
2888 2045 3029 2097 67.5
2003 2053 3039 2142 pério Depuis des dizaines d’annees, l’écri. 130.—
2002 2111 3036 2193 fimitvain autrichien Arthur Schnitzler, donf 250.—
2004 2172 3037 2245 On june troupe allemande a joué naguère Tannée
2085 2231 2911 2278 Paris une des pièces et qui est déjà très
2084 2266 2918 2339 connu en France par la traduction de
2080 2312 2918 2383 plusieurs de ses ouvrages, reste inégalé
2079 2361 2912 2437 dans l’art de décrire la vie sentimentalé
2082 2421 2871 2485 et cachée de la bourgeoisie viennoise.
2134 2464 2903 2535 Vingt de ses productions témoignent
2090 2496 2917 2592 d’une réelle supériorité de dons tout à
2076 2554 2899 2626 fait exceptionnels. Mais aucune de ses
2079 2598 2897 2679 cuvres, peut-être, ne nous offre, comme
2083 2661 2902 2732 Madame Béate et son Mis, une analyse
2075 2707 2895 2781 aussi parfaite de l’äme humaine, des
2082 2766 2896 2825 passions confuses qui viennent l’agiter.
2108 2804 2891 2863 Comme en se jouant, l’auteur, qui fut
2076 2854 2901 2919 médecin, pénètre ici jusqu’au tréfonds
2085 2901 2891 2980 du cceur des hommes et arrive à faire
2079 2950 2903 3026 de ses personnages des étres vivants à
2066 2984 2889 3067 un degré extraordinaire. Et c’est en vé¬
2066 3056 2894 3118 ritable maitre du pinceau qu’il nous
2063 3093 2882 3161 brosse avec süreté et précision le décor
2071 3139 2664 3210 dans lequel ils se meuvent.
2108 3200 2896 3271 Madame Béate et son Mls, aujourd’hui
2062 3246 2894 3326 traduit en toutes langues, est un sujet
2066 3289 2886 3347 aussi original que troublant. Arthur
2067 3340 2889 3415 Schnitzler, dont on a dit qu’il était un
2066 3389 2871 3458 écrivain latin, l'a traité avec une so¬
2066 3445 2873 3503 briété toute classique et surtout avec
2066 3500 2870 3550 une rare délicatesse de ton et d’expres¬
2055 3534 2880 3612 sion qui en font une manière de chef¬
2054 3583 2270 3647 d’euvre.
2679 3595 2841 3672 A. H.
2058 3634 2872 3736 Le veritable  Messnner heiton
