3436 4224
1162 204 1560 273 ihr Sohn
975 210 1090 276 un
255 209 936 274 28. Frau Beate
551 792 1219 863 M.
1276 785 1599 870 Ne 40
578 883 1602 979 IRACS SUISSE ET INTERNATIONAL]
769 938 1363 1003 DE LA PRESSE S. A.
689 979 1451 1050 23, rue du Rhöne - Genéve
549 1030 1571 1085 Adr. télégr.: Coupures-Genève — Téléph. 41.0051
561 1141 1567 1185 Zureau International de coupures de journaux!
690 1176 1440 1237 Traductions de ei en toutes langues
576 1294 1567 1377 Correspondants daus toutes les grandes villes
545 1407 1000 1488 Lxtrait du Journal
538 1460 1267 1608 4d eschurier du fal de Krases
1163 1501 1425 1597 TUFURIER
541 1621 692 1686 Dale:
1045 1591 1136 1694 69.
784 1611 1054 1728 110611
747 1891 1493 1998 MADAME BEATE EI. SON-PHS
573 1945 680 2037 Taz
847 1965 1404 2048 Röman de A. Schnitzler
525 2026 673 2082 Tarii
691 2001 1562 2085 * Depuis des dizaines Wännées, 1’6eri¬
529 2069 686 2115 #ut
685 2078 1583 2136 vain autrichien Arthur Scänitzler. déja)
566 2107 681 2155 1iod
681 2115 1547 2189 très connu en France puf u traduction
538 2150 680 2203 limmté
679 2150 1535 2217 de plusieurs de ses ouvrages, reéte iné¬
542 2200 662 2272 On r
673 2198 1560 2276 galé dans Tart de décrire la vie senti¬,
684 2245 1540 2329 mentalle et cachée die la bourgcoisie vien¬
690 2287 820 2350 noise.
726 2337 1540 2413 Vingt de ses productions témoignent
680 2360 1538 2451 C’une réelle supériorité et de dons tout
673 2420 1539 2494 à fait exceptionnels. Mais aucune de ses
673 2468 1525 2546 ceuvres, peut-être, ne nous offre comme
665 2502 1530 2590 Madame Béate et son filse une analyse
668 2564 1525 2627 aussi parfaite de T’äme humaine, des pas¬
677 2608 1442 2676 sions confuses qui viennent T’agiter.
696 2656 1539 2719 Comane en se jouant, Tauteur, qui fut
668 2695 1524 2771 médecin, pénétre ici jusqu'au tréfonds du
666 2733 1534 2821 cceur des hhommes et arrive à faire de
661 2761 1523 2861 ses personnages des étres vivants à un
669 2819 1127 2888 degré extraordinaire.
692 2862 1515 2938 Madame Beate et son fils), anjour¬
667 2906 1518 2987 Chui traduit en toutes langnes est un su¬
666 2954 1522 3035 jet aussi original que troublant. Arthur
662 2998 1515 3075 Schnitzler, dont on a dit qu’il était un
656 3045 1522 3110 éerivain latin, T’a traité avec une sobriété
668 3082 1523 3172 toute classique et surtont avec une rure
662 3125 1516 3235 delicatesse de ton et d’expression qui en
650 3183 1394 3256 font une manière de chef-d’euvre.
679 3265 1412 3339 Aux Editions Attinger, Neuchätel.
1622 188 2111 283 box 4/5
2919 131 3194 212 N
2109 176 2794 234 1
2181 237 3149 332 Argus Suisse et International de la Presse S.A.
2376 311 2963 386 28, Rue du Rhöne- GENEVK
2187 346 3162 451 Adr. telg: Ceupures-Genève - Tél. Stand 40.05
2195 467 3154 563 Bureau international de coupures de journaux.
2302 521 3055 591 Traductions de et en toutes langues.
2197 636 3180 738 Correspondants dans toutes les grandes villes.
3000 712 3170 793 PARIS
2186 747 2908 863 Eatrait du Journglueraation.
2197 872 2420 970 Adresse:
2569 829 2891 978 2760
2901 866 3119 1006 823
2199 982 2374 1063 Date:
2660 985 2999 1081 4.—
2235 1115 2956 1222 LES LIVRES ET LES ECRIVAINS
2496 1236 2701 1302 FEMMES
2238 1291 2980 1372 Si les femmes tiennent dans la vie un
2206 1324 2987 1401 röle qui parfois domine celui de I’homme,
2215 1391 2980 1453 elles occupent peut-être dans la fiction
2213 1427 2980 1504 plus de place encore que dans la réalité.
2198 1479 2971 1545 Je veux dire que, dans le roman, les per¬
2211 1520 2973 1591 sonnages féminins sont traités presque
2208 1569 2973 1634 tonjours avec plus de curiosité et d’appli¬
2202 1610 2969 1672 cation que ne le sont les personnages mas¬
2205 1648 2970 1717 culins. Le mystère sollicite l’imagination
2207 1697 2971 1766 et sans doute demeure-t-il, dans le carac¬
2200 1730 2969 1819 tère de la femme, ses moyens, cette puis¬
2193 1782 2969 1858 sance faite de sa faiblesse méme, une
2188 1812 2976 1907 enigme ou les romanciers puiseront tou¬
2194 1866 2970 1940 jours de l’imprévu, de l’émotion et du pit¬
2201 1918 2372 1972 toresque.
2225 1952 2972 2042 La femme la plus normale d’aspect
2178 2002 2966 2086 porte en elle de l’inconnu. Mais que dire
2181 2059 2955 2131 des exceptionnelles, des dominantes, des
2183 2085 2860 2170 déséquilibrées ou des aventurières?
2211 2135 2964 2220 L'aventure, bien souvent, participe de
2189 2181 2954 2250 Thistoire, qu'elle suscite, pimente ou
2192 2236 2948 2312 colore. Voyez, par exemple, I’évocation,
2175 2286 2943 2353 par M. Charles de Larivière, de la trou¬
2177 2322 2948 2388 blante physionomie de cette jeune
2178 2365 2954 2438 femme qui usurpa le nom de Prncesse
2177 2410 2947 2484 Tarakanov, se dit la fille de la tsarine
2177 2448 2955 2535 Elisabeth, Théritière de Pierre le Grand
2175 2495 2948 2580 et voulut jouer le röle de prétendante
2166 2547 2939 2632 au tröne de Russie. Ses aventures, qui
2171 2587 2950 2656 commencent à Paris dans l’ile Saint¬
2167 2637 2948 2702 Louis et se terminent tragiquement dans
2158 2655 2948 2751 les cachots de la forteresse Pierre-et-Paul
2161 2711 2946 2807 à Pétersbourg, constituent le roman le
2155 2767 2840 2835 plus riche en épisodes incroyables.
2193 2806 2943 2884 Non pas que cette g prétendante 5 ait
2157 2844 2936 2926 fait courir des risques sérieux au tröne de
2157 2904 2931 2963 Catherine II. Mais les singularités de
2147 2951 2937 3023 sa vie et méme l’obscurité dramatique
2150 2989 2937 3053 de sa mort donnent un curieux intérêt à
2148 3031 2927 3112 ce point de I’istoire anecdotique de Rus¬
2147 3071 2927 3150 sie. Comme l’observe M. Charles de Lari¬
2152 3125 2932 3196 vière, c’est généralement avec un sabre
2144 3174 2928 3238 au côté que nous nous représentons les
2148 3217 2914 3284 conspirateurs de cette époque et de ce
2134 3257 2914 3339 pays. Nous nous trouvons ici en présence
2136 3306 2924 3368 d’une jeune et jolie femme dont les
2137 3352 2914 3419 charmes servent au complot qu'elle ourdit
2129 3393 2912 3463 ou que d’autres, plus politiques, our¬
2131 3436 2918 3523 dlissent avec son assentiment, et dont elle
2127 3477 2404 3538 est le jouet.
2155 3519 2912 3609 La Grande Catherine prit fort mal
2121 3574 2896 3647 Taventure. La & princesse Tarakanov 2,
2121 3609 2903 3689 attirée dans un extraordinaire guet-apens
2123 3670 2904 3725 par le prince Orloff, s’en alla finir son
2122 3716 2901 3783 aventure audacieuse et sa jeunesse phti¬
2113 3749 2893 3815 sique entre les pierres dangereuses de
2121 3788 2894 3871 la forteresse Pierre-et-Paul. L’imposture
2113 3840 2904 3911 était durement punie, en ce temps, quand
2117 3867 2895 3962 elle touchait le tröne, et la fausse prin¬
2121 3934 2904 4006 cesse Tarakanov devait, en son étonnante
2121 3977 2890 4049 entreprise, courir plus de périls que la
2118 4017 2748 4091 fausse grande-duchesse Anastasie.
2150 4090 2896 4178 Revenons aux femmes, que négligent
2087 4139 2253 4200 Tleshie
