3436 4256
425 184 1542 256 Frau Beate und ihr Sohn
1673 186 2064 278 box 4/5
223 195 1550 306 28. M and Tn
748 863 1077 949 Wuchenung-er
426 966 1521 1065 Ausschnitt aus#ssburger Post
858 1050 1167 1135 376 S. 1913
443 1075 605 1126 vom:
1626 1136 3319 1208 Kenntnis der vielgestaltigen Lebensäußerungen der Ville lumière licher romantischer Iron
1653 1176 3330 1245 Paris. Kunst und Politik, Theater und Literatur, Sozialismus dorff mit einem moden
869 1179 1234 1270 Neue Bücher.
1668 1216 3327 1292 und Patriotismus, wie sie gemacht werden und von wem sie ge= Ende geführten Leben
409 1241 1665 1317 Bernhard Kellermann: Der Tunnel; René Schickele: Schreie auf dem
2882 1267 3328 1326 in dem besondern Fall
1669 1272 2883 1339 macht werden, das alles wird in einem anspruchslos sich gebenden,
418 1313 1669 1377 Boulevard. — Das Glügk; Arthur Schnitzler: Frau Beale und ihr Sohn.
2889 1316 3331 1382 schaft in Paris, in groß
1668 1298 2889 1378 leicht hinfließenden Plauderton, den aber doch ab und an stark
1259 1356 1667 1421 der jetzt 34jährige
2916 1357 3335 1423 Frau Beate un
1656 1358 2897 1422 hingesetzte bissige, ironische und zärtliche Akzente unterbrechen, mit
466 1347 1231 1428 C. P. Vernhard Kellermälf—
2878 1398 3327 1463 heißt das neueste Wer
494 1405 1667 1461 hat eine Entwicklung durchgemacht, die ihn von der seinen
1666 1412 2876 1468 unnachahmlicher Kunst erzählt. Die Kritik des Kenners überzeugt,
1664 1457 2884 1514 wo das enthusiastische Lob des Bewunderers um jeden Preis ab¬
2879 1446 3329 1518 delnd etikettierte Kuns
422 1439 1670 1524 Ozarten romantischen Geschichte einer Sehnsucht (Yester u 9 Li) über
433 1495 1671 1550 das Grandios=Idyllische seines Meer=Epos mitten in das Gebiet
1659 1499 2890 1555 stößt oder lächerlich wirkt. Man muß diese Schreie auf dem
2881 1493 3331 1555 aufwartet und den An
1661 1535 2889 1597 Boulevard — die in der kunstvollen Komposition Schickeles den
2886 1541 3325 1606 freudige Ueberraschung
436 1532 1664 1608 des modernen Zeitgeistes führte, dem siebeinde Arbeit an den
1665 1590 2896 1642 Rhythmus einer wundervollen Weltstadt wiedergeben, als die
436 1586 1663 1660 Wundern der Technik und der Naturwissenschaften interessanter
2887 1583 3329 1649 einer entweihten Mut#
1661 1628 2879 1687 Aeußerungen eines lebensstarken, offenbarungsreichen Orgarismus
2891 1629 3331 1688 liche Witwe eines bede
432 1628 1663 1695 : größer und erhabener dünkt, als noch so gefühlvoll und kunstreich
2879 1670 3336 1729 rung und trauernd=ver
1659 1672 2890 1731 schätzen und lieben ... Diese Schreie haben etwas vom Rhythmus
441 1675 1668 1729 ineinander und auseinander gefädelte Liebesgeschichten. Auf Be¬
1667 1717 2881 1782 der Marscillaise! Der Politiker wird seine helle Freude haben
437 1714 1667 1773 herrschung der Massen, der leblosen und der lebenden, ist die Rich¬
2888 1710 3320 1783 fortiebt, dem Ebenbild
1668 1760 2888 1822 an der prachtvollen Charakteristik: „Ein Mann spricht zum Volk:
439 1760 1670 1837 tung der Zeit gestellt. Die gewaltige Symphonie der Massenarbeit
2894 1763 3330 1822 an der Schwelle der M
1662 1802 2889 1867 Jaurés.“ Die Feuerseele dieses gewaltigen Agitators glüht aus
2889 1803 3335 1870 führerischen Abenteuer
481 1811 1664 1864 — beherrscht von dem Führergeist des genialen captain of industry
1667 1844 2898 1907 den wenigen ihm gewidmeten Sätzen, daß sich schier die Buchseiten
457 1846 1671 1901 — klingt aus dem neuesten Werk Kellermanns, das Der Tunnel
2877 1853 3330 1916 mit zörtlicher Eifersuch
1660 1885 2888 1949 bräunen. Nicht besser und knapper läßt sich die Gestalt des Ex¬
429 1892 1664 1944 (S. Fischer, Berlin, 1913) geheißen ist. Ein Tunnel unter dem
2880 1890 3333 1957 Knaben zum Leben der
1671 1932 2885 2007 präsidenten Roosevelt charakterisieren, als mit dem kurzen Sätz¬
441 1937 1672 1997 Ozean, der Europa von Amerika scheidei: der Gedanke ist auch
2882 1945 3332 2005 dererwachen in den
1663 1983 2887 2045 chen: „Er hält die Gemeinplätzigkeit für einen Beruf, sie ist seine
441 1981 1665 2047 in der an technischen Errungenschaften so reichen Neuzeit von
2881 1986 3313 2051 Sommernacht, in der
430 2025 2898 2083 schwindelig machender Größe. Aber die dichterische Konzeption Philosophie.“ Knappheit mit dramatischer Geschlossenheit ver¬
2889 2029 3328 2107 mächtig werden und
1664 2058 2895 2132 einigt die Schilderung des Streiks der französischen Eisenbahner
441 2072 1676 2142 ist mit so realen Einzelkenntnissen aus dem Gebiet der Technik
2893 2073 3319 2141 eines Jungen — des
1673 2121 2894 2176 vom Oktober 1910. Interessant sind die messerscharfen Plaudereien
438 2123 1679 2177 und Finanzwelt ausgestattet, daß sie tatsachenhaft wirkt. Die
2886 2121 3332 2183 die jugendliche Frau be
1671 2161 2895 2218 über das Pariser Theater, wenn man auch dem vernichtenden
427 2159 1675 2215 Gestalt des self made man Ingen##irs Mac Allan ist von plastischer
2893 2153 3332 2224 Aus dem Rausch erwa
1667 2206 2898 2261 Urteil über Rostands Chantecler nicht in jeder Beziehung bei¬
440 2203 1673 2272 Größe und napoleonischer Wucht. Sein Lebenswerk, der Tunnel
2880 2202 3326 2275 weihten Atmosphäre re
1666 2248 2897 2307 pflichten wird. Schickele hat in diesem Buch eine sehr glückliche
433 2247 1668 2304 unter dem Ozean, verzehrt die Kräfte seiner riesenhaften Natur
2881 2255 3334 2316 stehen sich als schuldbe
1671 2285 2895 2351 Mischung von Politik und Feuilleton gegeben und gewissermaßen
424 2291 1662 2348 in fünfundzwanzigjährigem Kampf gegen die Elementargeister der
2892 2296 3334 2361 Erniedrigung wissen,
427 2323 1665 2392 Erde. Das Schicksal von Millionen wird in den Wirbel der Arbeit
1664 2337 2895 2396 den vorbildlichen Typ des Korrespondentenstils aufgestellt, wobei
2888 2338 3321 2405 Gebirgssee bekennen
1675 2378 2896 2442 ihm seine journalistische Erfahrung, seine dichterische Gestaltungs¬
433 2375 1674 2443 gerissen, das Einzeldasein verfliegt wie ein Atom vor dem fieber¬
2887 2386 3320 2452 Abenteuerin, die ihn
430 2421 1664 2499 haften Atem dieses Molochs der =Arbeit. Banken krachen zu¬
1669 2425 2900 2482 kraft und — was das Stoffliche betrifft, — seine elsässische Ab¬
2888 2435 3317 2498 Mutter erfahren — ih
433 2466 1675 2518 sammen, die Börsen an den Hauptplätzen der Erde werden er¬
1676 2463 2897 2531 stammung in gleicher Weise zustatten kam. Die Schreie auf dem
2920 2472 3321 2535 In schreckensvoller Al
2899 2510 3328 2575 Du? Dort haben sie 2
439 2508 1677 2581 schüttert, das Heim des #ialen Ingenieurs geht in Trümmer, wie
1661 2511 2888 2569 Boulevard sind eine vortreffliche Lektüre, nicht zuletzt auch für seine
2895 2552 3324 2612 Zucken lief durch seinen
1018 2541 1677 2615 aft dringt durch alle Widerstände
1676 2558 2896 2623 Landsleute, denen er in der „Widmung“ seines Buchs eine er¬
433 2553 845 2628 sein Familienglück.
2888 2598 3327 2652 auf den Grund des Bo##
1129 2598 1668 2660 der Tochter eines amerika¬
1663 2590 2181 2686 greifende Mahnung gibt:
433 2591 969 2675 die Idee seines Werks# #¬
2894 2633 3320 2691 näher zu sich heran, drä
428 2651 1676 2705 nischen Milliardärs zu glücklichem Ende führt. Der erste Zug von
1688 2653 2888 2704 Die vielen, die noch immer in Gebiete gehn, wo Frankreich Krieg
2898 2666 3334 2728 aus der Tiefe ihrer Sei
439 2689 1670 2759 Amerika nach Europa, den Mac Allan selber durch den Tunnel
1669 2694 2903 2759 führt, sollten zu Hause bleiben. Es lohnt sich nicht mehr. Der Ruhm
2896 2712 3328 2764 beiden war es, als trieb
1676 2737 2900 2791 wird dadurch nicht schöner, daß man ihn im Kampf für die Interessen
441 2740 1679 2799 unter dem Ozean führt, langt mit 12 Minuten Verspätung am
2886 2752 3336 2813 weiter in wachsender
1667 2775 2887 2837 irgendwelcher Diamanten=, Eisen= oder Kohlonkonsortien erringt. Wendet
432 2777 1673 2837 Ziel an — in vierundzwanzig Stunden. Kellermann hat in
2898 2790 3323 2854 Traum ohne Ziel. Nait
1669 2815 2893 2867 eure kostbare Energie, euren Mut, eure Klugheit unserer eigenen Ange¬
433 2820 1682 2880 diesem Werk ein Epos der Arbeit geschaffen, das aus dem Geist
2900 2825 3332 2884 wieder an Land? Durft
1666 2848 2901 2907 legenheit zu. Wendet das elsässische Abenteuer nach
2900 2870 3333 2930 Der Himmel barg für si
427 2870 1671 2927 der modernen Zeit geboren ist, und aus dem man das Charakteri¬
2601 2878 2886 2941 Aber vergessen
1674 2901 2548 2954 Deutschland. Es ist sein natürlicher Weg:.
2893 2903 3327 2972 verführerischen Vorgefüh
430 2908 1675 2965 stische dieser Zeit, wäre nach 10000 Jahren unsere heutige Zivi¬
1677 2930 2898 2988 wir nicht, daß die Marseillaise eine allgemeine menschliche Angelegenheit
2899 2949 3311 3011 Lippen einander hin.
439 2938 1677 3037 lisation etwa in Staub und Asche versunken, rekonstruieren könnte
1676 2959 2890 3031 ist, zu deren Vertretung in Deutschland wir Beruf und Auftrag haben.
2888 2971 3331 3049 die Augen; die ihren a
477 2998 1671 3058 René Schickele hat in seinem neuen Buch, Schreie auf
1676 3015 2239 3075 Es lebe Deutschland.
2892 3031 3324 3087 mer aufsteigenden graue
423 3041 1681 3104 dem Boulevard (Paul Cassirer, erlin, 1913) eine glän¬
2901 3059 3334 3126 ihre Lider drängten, tra
1705 3032 2902 3120 Die Stimme dieses elsässischen Propheten dringt aus Berlin zu
438 3085 1680 3143 zende Reihe interessanter französischer „Charakteristiken“ im Fresko¬
2898 3098 3269 3174 verlöschenden Welt.
1679 3090 2897 3166 uns herüber. Wenn seine Landsleute sie so wenig achten wie die
443 3135 1670 3194 stil hingezeichnet, Charakteristiken, die den Atem der Lebenswahr¬
2920 3121 3328 3210 Diese den Schluß d
1680 3146 2911 3211 Werke des Dichters Schickele, so ist damit leider wenig geholfen.
446 3169 1677 3236 heit ausströmen und gesehen sind durch ein starkes Temperament
2881 3191 3279 3254 so schön und gr ß,
1677 3191 2891 3257 Vielleicht tut man ihn zuletzt auch noch als verpreißten „Schwoben“
436 3221 1671 3297 hindurch. Es ist ein rauhes, oft etwas gewalttätiges Temperament:
2881 3232 3331 3302 Neben die Prosa Thor
1678 3242 1776 3321 ab!
439 3263 1674 3317 von dem sentimentalen Oelglanz, den so oft elsässische Rührsamkeit
2902 3279 3324 3343 ebenbürtig die Sprach
1702 3272 2896 3351 Im Verlag von Axel Juncker=Berlin hat Schickele eine feine
436 3300 1691 3366 über die Bilder französischer Dinge und Menschen ausgießt, ist hier
2903 3320 3319 3400 Es sind zwei Werke,
1671 3330 2892 3398 kleine Geschichte Das Glück betitelt, erscheinen lassen, die das
426 3355 1684 3414 nicht die Spur zu finden. Dafür aber eine packende Kunst der
440 3369 3217 3459 Charakteristik, die sich stützt auf eine ganz intim=perjönlich wirkende! Erlebnis eines tumben, teutschen Gärtnergesellen in Paris mit köst= stolz sein darf.
