3484 4192
705 166 853 247 Bea
495 164 684 244 Frau
985 170 1348 249 und ihr
1368 176 1588 248 Sohn
1710 166 2102 269 box 4/5
277 165 1578 283 28 ( . .  g a un nen une. en au un
2183 661 2644 768 e24#
1111 1440 2557 1537 ARTHUR SCHNITZLER: Frau Beate und ihr Sohn. Fischer, Berlin 1913.
1199 1562 2653 1619 Den frejdade österrikiske diktarens berättelse visar med styrkan af ett
1114 1601 2642 1675 allvarligt och fulländadt konstnärskap, hur längt Arthur Schnitzler fjärmat
1126 1663 2649 1718 sig frän sin ungdoms lifsuppfattning, dess psykologiska syn och artistiska
1113 1731 2649 1789 metoder. Han hör till dem, som ödmjukt lätit sig renas och fördjupas
1114 1773 2651 1856 af lifvet, och som organiskt utvecklat sin diktning efter de förändringar
1115 1847 2655 1910 ären medfört ät hans egen tanke, hans eget blod. Hvilken väsentlig
1125 1896 2651 1951 skillnad mellan författaren tillAnatolz, wienerblageurens sympatistämdt
1114 1937 2642 2017 ironiske krönikör, hvars lifsluft är kylig esprit och skepsis, hvars psyko¬
1122 2006 2653 2068 logi sällan gär under ytan, och den Arthur Schnitzler, som i fjol vid 50
1119 2052 2657 2113 är utgaf den själfulla, af svärmod och tragiska stämningar men ocksä
1183 2115 2664 2169 ehuru reserveradt nog — af manlig, fruktbar lifsvilja sammansatta
1114 2157 2637 2246 novellboken Masken und Wunders. De första tydliga tecknen till mörk¬
1129 2199 2645 2281 nande blick, till ett sannare vemodsdrag kring läpparna och en fastare
1116 2281 2660 2333 hand hos den schnitzlerska musan funnos i novellen -Sterbens. Men det
1118 2323 2641 2393 egentliga genombrottet skedde väl med Der Weg ins Freiey, en af sam¬
1134 2376 2645 2451 tidens bästa romaner. Därest inte de eviga ideerna och det metafysiska
1128 2427 2641 2520 problemgrubblet, det filosofiska behofret öfver hufvud lyste med sin frän¬
1138 2490 2645 2563 varo, vore detta verk ej oförtjänt att nämnas vid sidan af de stora s. k.
1130 2555 2647 2621 bildningsromanerna. Dock är „Der Weg ins Freies, sädan den föreligger,
1130 2608 2652 2673 ett lefvande och gripande vittnesbörd om bitter personlig utvecklingskamp,
1129 2676 2662 2734 om svärigheterna och ansvaret i kulturmänniskans tillvaro, som här i ett
1121 2709 2651 2789 tidstypiskt fall af vekhet hos karaktären skildrats med en rikedom pä
1134 2789 2329 2839 genomreflekterade tankar och fina psykologiska nyanser.
1213 2837 2649 2898 Schnitzlers senaste berättelse framställer i sin kärnpunkt den kompli¬
1126 2873 2662 2939 cerade moderskänslan i en viss, ej alideles sympatisk fas, nämligen vid
1124 2940 2662 3011 den tid, dä sonen pä egen hand börjat bita i de riskabla frukterna
1135 3003 2653 3066 utanför barndomens idylliska trädgärd, dä han fätt upplevanden att hem¬
1132 3037 2660 3110 lighälla, minnen att berusa sig med i tystnad och ensamhet, och full af
1134 3092 2668 3176 olust, ja fientlighet känner alla vaksamma och frägande blickar, alla
1136 3150 2662 3230 kraf pä öppet förtroende endast för blodsfrändskapens skull. Novellen
1134 3209 2657 3278 begynner med ett af dessa fäordigt konkreta anslag, som omedelbart ge
1140 3282 2662 3354 de psykologiska fakta och stämningen, och i hvilka Schnitzler är en mäs¬
2997 2562 3064 2618 ein
3291 2629 3341 2676 er
