3296 4256
198 151 368 236 28.
899 142 1510 218 und ihr Sohn
1617 140 2037 227 box 4/5
415 140 875 221 Frau Beate
366 191 1495 262 u
1137 680 1964 773 Ausschnitt aus: Brünner Allzu
1265 759 1564 840 14.0J0N.1913
1179 814 1321 899 A1
1658 841 1825 919 Beata un
1174 870 1482 946 S. Fischer Berlin
1179 928 1427 987 Novelle das S
1172 963 1339 1018 Menschen
1353 975 1403 1023 lau
1175 1006 1349 1067 sein Gefä
1171 1047 1355 1101 Tragöden
1180 1087 1384 1145 Schulkollegen
1303 1165 1370 1219 ihre
1319 1210 1449 1269 tter per
2168 1246 2206 1290 II
1343 1252 1417 1303 esche
2167 1283 2223 1331 mit
1302 1288 1465 1346 uchtigen
1212 1340 1611 1387 nde. Und doch will dies
1979 1356 2256 1436 ungen scheiney.
1160 1364 1778 1445 Das ist nlicht aus sich selbst heraus.
1176 1743 2296 1847 Ausschnitt aus: Wiener Mitiags-Zeiurg
1191 1872 1343 1924 vom:
1642 1888 1712 1971 eh
1459 1979 1924 2078 Bücherschau.
1129 2044 2277 2130 Frau Beate und ihr Sohn. Novelle von Arthur
1162 2100 1482 2161 Schnitzler.
1370 2143 2265 2216 Iwifel, die äußere Welt der Schnitzlerschen
1126 2191 2264 2259 Dichtungen wird immer zuwiderer. Die Tennisgätten und die
1147 2231 2267 2297 Villenterrassen, die Picknicks und die Sommerfrischen=Spazier¬
1213 2282 2254 2325 je und, ach, die dazugehörigen Menschen. Die Männer sind
1237 2324 2268 2388 gültig, die Frauen höchst unsympathisch. Die Blasiertheit
1159 2369 1194 2410 65
1195 2368 2257 2427 Villenbesitzers liegt über ihnen, die Lebensroutine, die
1163 2409 2260 2460 Schlüpfrigkeit, die Gewöhnlichkeit einer ewig lächelnden, hinter¬
1122 2447 2259 2510 listigen, glatten Konvention. Umso größer Schnitzlers Kunst,
1129 2500 2258 2549 die diese Hemmungen spielend niederringt, die Seichtheit ver¬
1122 2542 2255 2593 tieft, dem falschen Lack Farbe gibt, der Pose Kraft und
1122 2584 2264 2646 Bestimmtheit, die dort Seelendramen geschehen läßt,
1122 2626 1254 2680 m0
1283 2624 2275 2686 niemals geschehen würden, und die uns
1112 2659 2264 2733 den flachen Gesellschaftsmenschen eine rührend tief verborgene
1126 2716 2263 2774 und verkrustete Menschlichkeit herausstöbert, aus den jungen
1114 2761 2256 2815 Herren einen schönen knabenhaften Weltschmerz, aus alternden
1127 2796 2271 2859 Bankdirektoren eine ritterliche Melancholie, aus begehrenden
1126 2846 2278 2895 Frauen, die sich schon mit der Patina des gefährlichen Alteis
1122 2888 2263 2934 zu bekleiden beginnen, eine ergreifend edle Scham, einen
1125 2927 2267 2979 großen und gewaltigen Adel der Hingebung. Liebe, Tod und
1133 2971 2274 3035 Natur sind hier im nüchternsten und im tieferen Sinne doch
1213 3014 2271 3071 inem monumentalen Rahmen gezeigt und empfunden. Eine
1230 3057 2279 3116 he Geschichte aus der chronique scandaleuse der Ge¬
1226 3106 2227 3160 aft, die sich selbst die gute nennt. Aber so geführt, so
1210 3150 2280 3188 nden und so empfunden, daß an ihr das Leid aller
1122 3188 2268 3245 Kreatur und der rauschende Sinn alles Lebens klar werden.
1122 3233 2265 3295 Das Zueinandermüssen und doch nicht Zueinanderkönnen,
1127 3266 2279 3335 die tiefe Tragik leichter Gebärden, die Grausamkeiten des
1125 3316 2256 3364 Blutes und seine ehernen Gebote, sein Begehren und sein Ver¬
1243 3367 2256 3411 müssen und der wilde Schrei des Geschlechtes, der auch
1261 3407 2255 3459 Villengärten furchtbar und vernichtend gellen kann.
1263 3449 2252 3507 ragödie der Einsamkeiten, wie stets bei Schnitzler, der,
1253 3496 2250 3553 enschen immer tiefer verstehend, immer kühner gestaltend,
1240 3531 2258 3575 schmerzlicher an ihrem Glück und an ihrer Stille zu ver¬
1234 3558 2261 3637 ln scheint und dem sich das anmutige Spiel leichter
1224 3617 1574 3673 en immer mehr
1731 3621 2263 3696 Pathos lautloser Entsagung
1200 3657 2269 3730 delt, in diskrete Trat###und gedämpften, wissenden, ohn¬
1107 3696 1484 3781 mächtigen Schmerz.
2062 3704 2238 3785 L. U.
