3436 4192
487 176 864 246 Frau Bea
1367 176 1571 246 Sohn
985 179 1112 245 und
1624 166 2089 270 box 4/5
252 162 1571 290 28. u e 1.2 Ihr n
2520 853 2642 928 607
1354 846 2479 940 ARTHuR SCHNTTZLER, FRAU BEATE UND IIIR SOHN.
265 866 472 953 IIIR SOHN.
1107 955 2639 1030 heten över hufvud. I hvarandras ögon skäda mor och son som aldrig förr
282 955 745 1039 och som ocksä är ve¬
1107 1028 2639 1086 själarna blottade i all sin fattigdom — typisk för en religionslös „kultur¬
408 1020 730 1090 gift pä det ero¬
341 1027 397 1085 tt
1109 1086 2635 1144 tids — och utan ord fatta de hvarandras innersta sista önskan: en svag¬
367 1076 743 1151 jumt, världsdams¬
1116 1130 2642 1194 hetens heroism. Under en roddfärd samma natt söka de gemensamt
457 1131 745 1198 etonad tanke
1106 1189 2640 1252 döden i det svarta vattnet, famn i famn, blick i blick, betagna af under¬
1117 1236 2644 1333 gängens förlossning och utan en försonande suck af saknad ät världen,
505 1244 746 1310 aldrig ens
1116 1293 1463 1359 som de lämna.
513 1298 740 1364 en smula
1194 1338 2642 1404 Det är ganska tydligt, att detta slut pä novellen afser en tillspetsad
504 1355 743 1421 ssans villa.
1108 1403 2636 1453 symbolisk mening snarare än en bindande verklighetstrohet. Sä bär
536 1407 748 1477 elat radi¬
1114 1451 2644 1522 ocksä hela berättelsen spär af att vara ett tankeexperiment, utfördt i
554 1460 730 1525 ed ödes¬
1120 1514 2647 1572 djupaste lifsallvar, i manlig medkänsla för människan öfver hufvud taget
1116 1565 2103 1648 och ett slags mildt svärmodig etisk stränghet.
591 1577 755 1640 amrat,
1196 1619 2643 1701 Hur fjärran frän typiska roman- och novellförtjänster är inte Frau
1112 1669 2646 1752 Beate und ihr Sons! Figurerna röra sig icke med nägon särdeles fast
639 1684 744 1755 hon
1123 1732 2647 1815 kroppslighet, fabelns yttre konturer äro beslöjade, och det aldrig bredt
648 1744 746 1810 nan
1112 1793 2646 1852 skildrande föredraget har en egendomlig dunkel timbre. En tid skolad
667 1804 746 1867 om
1120 1848 2640 1906 i den ana ytiska naturalistiska psykologin och själv läkare har Schnitzler
1120 1905 2647 1957 allt friare bekänt sig som en intuitiv romantiker, finkänslig, anande inför
1113 1960 2642 2007 det oberäkneliga och obestämbara i människosjälen och med ären blifvit
695 1969 749 2023 t.
1117 2023 2643 2084 allt villigare att bejaka mystiken i det som sker — titeln -Masken und
1128 2071 2630 2131 Wunders pä hans fjolärsbok är härvidlag betecknande. Han ser det all¬
1119 2125 2647 2200 varliga och ödesdigra i hvarje liten ätbörd instinkten utför; han hör det
1122 2193 2646 2255 som ropar och hviskar i tystnaden mellan tvä människor och är säsom
1113 2235 2637 2294 belysare af det undermedvetna och halfmedvetna lifvet hos människan en
1114 2291 2630 2358 af de mest vederhäftiga och — ett stort beröm i detta försätliga fall —
1123 2347 2645 2410 minst mängordiga bland samtida skönlitterära. Hans stil förmär att
1120 2403 2642 2459 säga oss alltmera med fä och enkla spräkliga medel. Hans fruktan för
1114 2474 2653 2527 att offra nägot ät artistisk fraslek medför ofta en klassisk kärfhet och
1118 2509 1697 2581 slutenhet i hans föredrag.
1215 2565 2629 2625 Vissa detaljer i Schnitzlers senare verk vittna om den finaste själs¬
1124 2625 2635 2698 kunskap, renad frän en mängd biting och realistisk bluff i tekniken — dock
1122 2668 2646 2739 en kunskap om de själsomräden, som gränsa intill eller kongruera med
1118 2732 2634 2806 det erotiska sinneslifvet. Fränvaron af starkt idélif, af högre intellektu¬
1116 2792 2649 2851 ella eller religiösa värden och strider, abstrakt hänförelse, skall nog
1113 2841 2649 2900 hindra Schnitzler att i framtiden bli ansedd som en verkligen stor diktare,
1114 2899 2041 2962 trots all utsökthet och psykologisk nobless.
650 2910 745 2972 sten
1197 2942 2640 3012 Likasä innebär nog hans afgjordt deterministiska uppfattning af vilje¬
568 2961 727 3035 hnitzler-
1120 3014 2634 3073 processerna, hans visserligen aldrig helt naket utsagda men dock skönjbara
550 3020 751 3088 igon inre
1122 3069 2633 3144 devis: ingen kan känna sig själf och räda öfver sig själf, en andlig begräns¬
546 3078 753 3142 os baro¬
1126 3127 2631 3191 ning och en fara för en konstnärlig monotoni — sedan det pikanta i ständ¬
479 3131 760 3204 för egen del
1122 3180 2642 3237 punkten spelat ut sin roll. Det är egendomligt för Schnitzler, att de gät¬
326 3180 762 3257 och dessutom blifvit
1127 3239 2648 3306 fulla, plötsligt vaknade och bestämmande elementen i värt väsen nästan
250 3236 746 3309 erns nesliga kärleksför¬
1115 3287 2645 3357 alltid äro krafter till det onda, till förvirring och olycka — sällan om¬
264 3295 762 3367 den likgiltiga förtviflan
1115 3336 2675 3414 vändt. Sannolikt ligga väsensbetingelser och giltiga upplefvanden till
263 3347 752 3422 ch troskraft, lifsmöjlig¬
