3392 4256
241 182 1548 280 28. Frau Beate und ihr Sohn
454 246 1555 312 DaSen
458 845 1298 982 buschmitt ans 14jeeeg
599 933 1444 1084 . . KSund
476 975 646 1063 vom:
1100 1029 1396 1208 24
441 1220 1568 1313 Frau Beate und ihr Sohn. Novelle von Arthur
342 1293 1578 1390 „Schnitzler. S. Eischer Verlag, Berlin. — Wem von
354 1355 1579 1410 den Hür einigermassen Literaturkundigen dieses Buch
351 1398 1576 1469 ohne Umschlag, ohne Autorname in die Hand gegeben
363 1453 1577 1506 wird, der würde nach der Lektüre ganz sicherlich
348 1504 1585 1559 sagen: „Das ist ein „Schnitzler“!“ Denn wer kennt
354 1534 1567 1609 nicht diese Art des flirtenden, an Wienerischen Leicht¬
351 1590 1574 1651 sinn erinnernden Stils, dieser offenen und doch auch
347 1634 1577 1720 halb verborgenen Bekenntnisse, der objektiven Schil¬
349 1699 1574 1763 derung der furchtbarsten Zustände von Frauenseelen,
362 1744 1581 1797 von jugendlichen Seelen und von reifen Seelen, die
356 1790 1573 1852 ein Geschick verdammt hat, zwischen Jugendlust und
354 1830 1581 1903 Entsagung zu schwanken, das Feingefühl, mit dem
355 1885 1585 1947 der Dichter die Schwächen des menschlichen Charakters
356 1935 1584 2018 und die peinlichen Erscheinungen erotischer Natur zu
367 1980 1586 2045 verschleiern, zu wildern versteht. Frau Beate, die
359 2030 1590 2120 junge Witwe eines berühmten Schauspielers, die noch
359 2076 1588 2162 junge Mutter eines Siebzehnjährigen, die ihr Kind
363 2141 1584 2201 vor verderblicher Verführung durch eine ältliche Kokotte,
369 2184 1582 2246 vor einer ihr als zu frühzeitig erscheinenden Eröffnung
365 2244 1592 2294 der realen Seite des Lebens schützen will, fällt nach
363 2272 1592 2336 der langen Kasteiung des eigenen Leibes durch Ent¬
350 2385 1574 2474 haltung selbst der Lust einer heissen Stunde zum
365 2447 1581 2511 Opfer und gibt sich dem neunzehnjährigen Freund des
363 2508 1580 2563 Sohnes hin. Als dieser sein „Abenteuer“ mit knaben¬
357 2548 1585 2599 haftem Stolgreinem andern Kollegen erzählt, eikennt
356 2601 1546 2654 sie ihre Schuld. „Nur dass das Kind nichts erfährt ...“
364 2645 1582 2701 durchbebt es ihre Seele. Aber die rachsüchtige Kokotte,
351 2696 1578 2748 der sie damals den jungen Liebhaber entreissen wollte,
359 2746 1586 2804 hat es ihm verraten. Auf einer Kahnfahrt mit dem
362 2790 1587 2842 Sohn wird sie dessen gewiss und der Unmüglichkeit
356 2845 1583 2912 des ferneren Lebens. Und Kind und Schuld nimmt
367 2904 1585 2953 sie mit sich hinab in die Tiefe des Sees. — Es ist
364 2937 1574 2986 das erste Mal, dass mich der Schluss einer Schnitzler¬
368 2983 1570 3045 schen Novelle verstimmt. Ist dieser Mord und Selbst¬
355 3037 1571 3092 mord oder Doppelselbstmord „laubhaft, nachdem di:
360 3088 1591 3145 Frau als modernes Weib, diese ganze Gesellschaft
352 3135 1581 3202 als skrugellos modern geschildert wurde. Ist dieser
357 3170 1586 3236 Schluss nicht zu romantisch nach der Darstellung
366 3231 1585 3285 erotischer Verzuckungen und Entgleisungen, die unter
364 3288 1581 3344 diesen Frauen wie Gang und Gäbe gezeigt werden?
359 3335 1576 3389 Die Psychologie spaltet sich und lässt so viele Schlüsse
353 3378 1580 3437 zu. Und Schnitzler? Er ist der Stilmeister, der Meister¬
355 3432 1584 3481 erzähler. Wir forschen nicht weiter. Wir hören ihm zu!
1411 3481 1558 3558 F. P.
2895 140 3287 196 dem auch das a
2888 177 3286 243 wird. Das Ganze
1671 182 2065 286 box 4/5
2892 204 3301 286 Spiegelbild diese
2892 271 3306 339 menschlichen Anstreng
2887 321 3292 385 werfen. Die Mensch
2892 363 3304 436 agieren, haben etwac
2892 412 3299 480 ragende Symbole, in
2895 466 3297 527 Lebens verkörpert er
2903 508 3289 575 gerichtete Willenskraf
2902 557 3301 626 Herrschaft des Masch
2906 605 3297 675 seinem leidenschaftlich
2901 656 3310 720 fixiert, Symbole, die
2891 696 3304 774 muliert hat. In Kelle
1737 662 2688 818 Anschmit ans-ene Winter Jaal, vien
2895 749 3299 814 Finanzge iies, die, in
1756 764 1914 875 vom:
2036 776 2334 873 g- „ 1977
2896 796 3302 864 Energie z. Despoten
2906 837 3306 912 und des Weltmarkte
1885 809 2720 963 Theater und Kunst.
2899 897 3304 959 losen, die mit ihr
2898 941 3311 1008 die Verschwender und
2891 988 3300 1056 truhe verhungern.
1938 993 2653 1094 Moderne Erzähler.
2904 1037 3286 1100 Drama der Arbeit,
2896 1086 3301 1150 wirklichung einer tec
2225 1075 2353 1152 Von
2898 1128 3293 1217 hin, so macht i
2042 1106 2554 1216 Hermann Menkes.
1672 1189 3305 1261 (Artur Schnitzlen. „Frau Beate und ihr Sohn.“ — Bernhard uns hier Figuren
2378 1239 3287 1305 Raoul Auernheimer: Moment kommen
1673 1250 2348 1319 Kertermenn Der Tunnel. —
2888 1256 3308 1342 der Größe der antik
1981 1276 2573 1358 „Laurenz Hallers Praterfahrt".)
1760 1326 3297 1405 Ein Merkmal des modernen, artistisch gesinnten Poeten ist wird hier gespart, u
1670 1370 3312 1456 seine Angst vor der Banalität. Er ist, ein Wissender in einem halten. Es gibt hie
1673 1421 3288 1508 Zeitalter der intellektuellen Verfeinerung und des Raffinements Dachgarten eines
1675 1459 3316 1546 und findet eine Kunst vor, die alle Stoffgebiete erschöpft zu haben katastrophen, Weltstre
1671 1525 3310 1612 scheint. Ihm fehlt das naive Zugreifen, die der Art eines Kindes finanzielle Zusamm
1675 1562 3312 1645 gleichende Beobachtung, der das Lehen wie ein eben erst ent= Diese Helden schreite
1681 1618 3290 1697 decktes Neuland erscheint. Deshalb sehen wir ihn zum Abner= Moment nur ihren
1679 1665 3297 1739 malen, zu einem hinter der Oberfläche sich abspielenden Leven, zulieren, begeben sich i
1673 1715 3308 1778 den nach unenthüllten Rätseln und Verirrungen des Empfindens ssiegen über Tod und
1669 1759 3321 1849 flüchten. Das noch Ungesagte, Irrationale ist es, das ihn noch reizt.jdichtet, Herzensaffär
1788 1811 3323 1886 en ist ihm einen Schlüssel finden zu einer verschlossenen Geschichte des im
1684 1830 1780 1892 Dicht
1680 1850 3307 1925 Pforte; die Seele ein geheimer Garten, wo die Blumesund all die Hel
1687 1902 3304 1978 des Dösen „neben dem Wunderbaren“ blüht. Dies erklärt das vollführt, sind wie
1693 1952 3304 2028 Absonderliche, das Verfeinerte und Morbide in der deutschendem wird man die
1719 1998 3309 2078 kovellistik der letzten Zeit, die Sujets und die Psychologierund Lebendigkeit der
1782 2049 3294 2121 Erzälsuingen Wassermanns und Thomas Manns Ganznicht vorenthalten ke
1815 2096 3303 2178 es sehen wir Artur Schnitzter das weite Land Seele sdie oft der Phantasi
1819 2137 3286 2223 n nach undefinierbaren inneren Geschehnissen, nach der ssein scheint, liegen
1818 2190 3304 2274 n Geste des Empfindens. Wie am Rande des Lebenssin seiner wie mit
1801 2239 3294 2314 ln seine Menschen, sensibel bis zur Krankhaftigkeit, tragisch seiner Darstellung
1787 2277 3302 2360 rem Degout vor der Brutalität des physischen Erlebens, Als Buch der Saise
1680 2331 3312 2419 in ihrer Angst vor dem Profanen. In den Mittelpunkt von bezeichnet. Es bleih
1674 2383 3297 2451 Schnitzlers letzter Novelle „Frau Beate und ihr Kraft jenug besitzt,
3014 2414 3306 2497 Auf die Trag
1694 2444 2925 2515 Sohn (Berlin, S. Fischer) ist eine dieser Sensitiven
1684 2475 3309 2556 gestellt, eine verwitweie Schauspielersgattin, in deren Trauer sich lheimers Erzählu
2926 2522 3278 2589 fahrt“ (Berlin,
1678 2529 2931 2604 noch die gedör ste Sehnsucht ihrer scheidenden Jugend nach neuem
1682 2570 3302 2650 Lebensglück mischt. Sie hatte in dem Verstorbenen nicht ein ein sequent und einfach
1679 2630 3300 2701 ziges Wesen geliebt, sonden; die Illusionen, die er ihr gab, all reichischen Milieu,
2921 2670 3285 2743 unter Menschen,
1697 2690 2926 2751 die Gestalten, die er auf der Bühne verkörperte: Helden und
1674 2716 3309 2816 Könige, Brutale und Edelmütige. Sein Tod war ihr das bittere in einer streuger
1696 2772 3305 2842 Erwachen aus einem königlichen Traum, das schauerliche Erkennen, ein einziger Schr
1690 2814 3306 2890 wie sehr Leben und Sterben in jedem Moment ineinander ver= russische Novellistik
2926 2858 3312 2925 Tragik der Sub
1684 2866 2921 2957 schlungen sind. Ihre ganze mütterliche Zärtlichkeit klammert sich
2921 2903 3320 2978 zuerst, dessen Held a
1693 2914 2912 2995 an den einzigen Sohn, dessen Liebe ihr alles Verlorene ersetzen
1698 2957 3317 3042 soll, bis ihr eines Tages die Gewißheit wird, daß ihn eine andere Tschechow dann, der
1686 3003 3313 3103 ihr ganz entfremdet, eine Buhlerin mit nixenhaftem Wesen, lichen vorführt, der
1696 3054 3314 3135 von der „ein feuchter Duft wie von Schilf und Wasserrosen aus= und Tod büßen mu
2920 3099 3313 3164 groteske Verzerrung,
1689 3111 2916 3196 zugehen schien". Sie ist zuerst voll Staunen über die Umwand¬
2927 3148 3317 3218 Geschichten. Ihr Hu
1686 3156 2922 3249 lung, die sich mit ihm vollzog, voll Haß dann gegen die Fremde
2921 3199 3322 3265 greiflicher, wenn auh
1690 3215 2929 3279 und in ihrem mütterlichen Zartgefühl verletzt. All diese heim¬
2924 3241 3302 3315 Schnitzlerischer Art
1697 3255 2925 3328 lichen Seelenkämpse spielen sich während eines Landaufenthaltes
2929 3283 3313 3363 und eine ergreifende
1693 3297 2923 3368 an den Stätten ab, die Beate die schönsten Erinnerungen ihres
1704 3347 3310 3417 Lebens an der Seite des Verstorbenen bedeuten. Sie wird von hier eine Praterfahr
2927 3389 3313 3458 schrittweise zu dem
1697 3394 2930 3475 den Männern noch heiß begehrt, die noch immer schöne Frau, und
2931 3439 3316 3504 Laurenz Haller ein
1692 3447 2915 3513 in dieser schwülen Liebesatmosphäre erliegt die Frau ihrer eigenen,
2933 3485 3296 3556 Emporgestiegener, de
1697 3498 2917 3573 so lange niedergekämpften Sehnsucht und ihren Sinnen. Sie sinkt
2930 3533 3261 3599 Gesetzen bewegt.
1697 3547 2924 3611 in die Arme eines noch knabenhaften Schulkollegen ihres Sohnes,
2929 3577 3313 3649 Resignation auf Leb
1701 3583 2935 3670 der sich ihr mit heißem Werben nähert. Von diesem Moment an
2937 3632 3314 3699 Auflehnung erträgt.
1698 3648 2925 3716 verliert sie ganz ihren inneren Halt und gerät in tiefe Lebens¬
1698 3678 3298 3754 wirrnis, als sie ihr tiefstes Geheimnis von dem Knaben profaniert Nähe des Praters
1666 3718 3327 3818 sieht. Als zwei Verlorene, Entweihte, wie vom Lebensfrost in der dei Wipfeln der Ka
2973 3782 3314 3872 (neinweht, er ist
2966 3851 3311 3915 #enschen ein weni
2952 3895 3317 3960 auferlegten Verzicht
2946 3946 3319 4015 kümmerten und Ve
2938 3994 3285 4058 noch nicht ganz
2937 4041 3300 4110 Eine Praterfahrt
2936 4085 3316 4154 in dieser Ehe verb
