3436 4192
248 163 1560 238 28. Frau Beate und ihr Sohn
1635 163 2089 266 box 4/5
467 209 1574 289 AAal
243 661 801 764 #. ed#. 24#%
339 754 843 885 a# # Na 2#7 f.
1369 787 2646 882 ARTHUR SCHNITZLER, FRAU BEATE UND IIR SOHN. 605
1113 892 2635 961 tare: fru Beate lägger med oro, snart nog ängest, märke till di nya, smärt¬
1119 973 2635 1026 samt spända draget kring munnen pä sin sjuttonärige son, ett ansikts¬
1118 1012 2645 1085 uttryck, som ej heller viker under sömnen, 1 en till visshet gränsande
1115 1069 2652 1127 intuition fattar hon orsaken: Hugo mäste ha gripits af en passion för en
1112 1109 2641 1185 f. d. skädespelerska, en durkdrifven, halfgammal förförerska, som just
1108 1181 2648 1247 i dagarna slagit sig ned i sin villa vid den lilla badort bland bergen,
1118 1232 2645 1287 där den i yttre mätto föga händelsedigra novellen afspelas. Sä erfar nu
1115 1290 2660 1364 Beate bakslaget mot föräldrakärlekens dristiga naivitet och anspräk och
1105 1336 2652 1422 det djupa vemodet i vissheten om att icke längre stä inför ett bildbart
1113 1406 2640 1466 gossesinne. ySo hatte Beate zu hoffen gewagt, dass Hugo sie auch zur
1113 1466 2646 1531 Vertrauten ernsterer Empfindungen und Erlebnisse erwählen, und sie
151 1434 673 1554 ohn. Pischer, Berlin 1913.
1108 1512 2649 1561 imstande sein würde, ihn durch Zuspruch und Rat vor mancher Trübsal
158 1532 770 1607 telse visar med styrkan af ett
1116 1577 2640 1640 und Gefahr der Jünglingsjahre zu bewahren. Nun aber erwies sich, dass
156 1606 768 1673 ngt Arthur Schnitzler fjärmat
1116 1624 2645 1682 all dies nur Träume eines verwöhnten Mutterherzes gewesen waren; denn
163 1651 769 1722 Bykologiska syn och artistiska
1111 1678 2642 1744 da die erste seelische Bedrängnis ihn anfiel, zeigte Hugo sich fremd und
164 1711 772 1786 lätit sig renas och fördjupas
1112 1740 2656 1816 verschlossen, und die Mutter stand solchem ihr neuen Wesen scheu und
164 1765 776 1836 ktning efter de förändringar
1108 1788 1521 1861 ratlos gegenüberd.
169 1813 779 1900 get blod. Hvilken väsentlig
1202 1838 2645 1906 Fru Beate är den ännu ej äldrade änkan efter en talangfull och firad
155 1879 777 1955 nerblageurens sympatistämdt
1114 1895 2651 1963 skädespelare, hvars kärlek gaf henne äfventyret i troheten och höll
154 1930 775 2009 rit och skepsis, hvars psyko¬
1108 1956 2638 2028 hennes fantasi i ständig spänning. I hans armar kunde hon inbilla sig
168 1985 778 2064 Schnitzler, som i fjol vid 50
1111 2008 2646 2061 älskad af kung Richard, af Cyrano och Hamlet och alla de andra, som
163 2045 778 2102 giska stämningar men ocksä
1108 2061 2647 2134 han spelade; hon var alltid lika nytt äträdd daf hjältar och skurkar,
162 2100 769 2163 uktbar lifsvilja sammansatta
1105 2122 2640 2182 välsignade och ödesmärkta, spegelklara och gätfulla människors, och
153 2148 774 2227 sta tydliga tecknen till mörk¬
1102 2180 2641 2250 äfren i de mest förtroliga stunder bar maken i hennes ögon en mask för
161 2216 777 2285 ring läpparna och en fastare
1111 2233 2634 2283 sitt ansikte. Med blygsel öfver det förflutna och fruktan för det kom¬
180 2264 780 2345 novellen -Sterbens. Men det
1105 2291 2634 2354 mande fördjupar hon sig i den tanken, att Hugo är barn af denna ma¬
302 2316 761 2389 ins Freiey, en af sam¬
1104 2347 2639 2417 skerade och orgiastiska kärlek, barn af hennes ungdoms opälitliga blod
603 2378 773 2445 afysiska
421 2381 590 2442 det met
1107 2395 2642 2464 och af en far, hvars lifsuppgift det var att sä mycket som möjligt sakna
683 2431 747 2494 an¬
1102 2460 2633 2524 egen karaktär och personlighet. „Wie Hugo die Züge seines Vaters trug,
710 2480 764 2554 k.
1104 2524 2633 2577 s0 rann auch dessen Blut in ihm, das dunkle Blut jener Menschen aus
1103 2572 2638 2634 einer andern gleichsam gesetzlosen Welt, die als Knaben schon von
1095 2620 2633 2672 männlich-düsteren Leidenschaften durchglüht werden und denen noch
1109 2671 2375 2746 in reifen Jahren Kinderträume aus den Augen schimmerns.
1184 2719 2642 2796 Nu för tiden är Beate helt och hället mor, i denna sin egenskap
1098 2791 2631 2864 mera varm och stridbar än skarpsynt. Hon besluter ett direkt ingrepp
1091 2851 2634 2910 för att rädda sin son frän den ohyggliga möjligheten att fä sin första
1102 2900 2631 2954 medvetna erotiska mandomslängtan fläckad och hela sitt kärlekslif för
1104 2952 2637 3026 alltid snedvridet hos den verfarnas aktrisen-baronessan. Beate gör herne
1108 3007 2630 3063 redan samma kväll ett besök och säger henne utan omsvep, med en röst,
1112 3054 2630 3136 som darrar af primitiv modersauktoritet, af moralisk indignation, af hat
1101 3122 2636 3189 och — i hemlighet — afund: jag förbjuder er att ta min unga son till
1090 3170 2638 3240 älskare, att i en nyck af ert begär ödelägga hans känslor, I det samtal,
347 3205 720 3272 som omedelbart
277 3214 337 3273 lag
1098 3226 2637 3295 som nu följer, är baronessan den öfverlägsna genom sitt kyliga lugn, sin
345 3263 722 3349 Schnitzler är en mär
1098 3291 2629 3359 större intellektuella smidighet och förställningskonst. Hon spelar skick¬
