3436 4256
254 196 448 296 28.
982 189 1579 260 und ihr Sohn
1675 174 2105 293 box 4/5
451 186 1579 313 Frau Beate uiSena
1299 675 2758 777 RIVTE' VHICH APPEARED IN THE NES TORK EVENING POST,
1574 748 2581 818 and TIE PIIILADELPHIA PUBLIC LÖDGE •
665 774 758 841 4
2850 759 3178 880 M•A
1059 911 2763 989 PONERFUL NEN SCHIITZEER HOWEL TSDHE MRAGEDK OF MOTHERTS SON
1296 965 2165 1058 VISTTED ON PIIS SOR OF A HOTHIR
2907 1022 3060 1129 8814
919 1003 1413 1148 K
724 1158 1876 1256 No brief outline can express the extra¬
1978 1162 2572 1265 knows that he knows
681 1243 1815 1319 ordinary power of this story. And one
681 1288 1834 1363 hesitates to state the Pplot“ because it
2016 1286 3030 1385 It must not be considered that the
677 1368 1916 1421 exhibits a violence not at all in character
1968 1356 3127 1450 above paragraph is an adequate statement
680 1401 1873 1481 with the tempered credibility of the best
1966 1415 3034 1485 of this moving, finely wrought story.
687 1458 1867 1547 of our own or English novels, Her is un¬
1961 1493 3020 1555 It cannot suggest even its shallovs.
678 1523 1801 1578 restraint in planning - the unrestraint
1972 1531 3099 1598 Outlined, the Vplot“ may seem absurd to
684 1573 1901 1639 of the Greeks, the unrestraint and violence
1976 1597 3146 1665 our matter-of-fact mind; but, believe us,
682 1623 1847 1713 of Shakespeare and Marlone - astartling
1973 1642 3115 1718 Presented with all the skill of a master
682 1687 1738 1761 and unconver tionalized sinplicity in
1982 1706 3042 1796 in Inman psychology and in narrative,
673 1732 1911 1812 movement and conflict, which Schnitzler (as
1982 1756 3023 1834 WBestrice“ is as believable as life.
682 1802 1782 1867 Homer and Shaespeare and Marlowe have
1971 1814 3048 1886 Arthur Schnitzler can do this amazing
679 1856 1838 1946 done before him) touches with deep under¬
1960 1878 3062 1947 thing: he can vrite a short story, no
686 1912 1779 1986 standing and the enchasis of the right
1961 1929 3063 1995 more than 175 small pages, and suggest
691 1966 858 2059 word.
1958 1964 3094 2063 a chole world; he can take the heart of
1961 2037 3114 2118 a voman, torture it with violent and un¬
738 2061 1852 2154 DBeatrice“, like Fraulein Eisel, is a
1970 2103 3108 2171 usual catastrophe, give it circunstance
679 2116 1791 2196 short novel. It tells the story of a
1966 2152 3146 2233 to labor under as glandrous as a miracle,
686 2182 1862 2268 esutiful woman, a widow, who learns that
1959 2203 2509 2290 and zeep it hinan
680 2252 1885 2325 her oung son has been tempted to the arms
674 2311 1811 2369 of a wanton, and a vanton as old as bis
2005 2289 3126 2399 There is no personality in Ußestrieel.
684 2367 1879 2430 motber. Beatrice, the mother, dalls upon
1975 2365 3092 2424 not even the least consequential, which
671 2418 1862 2489 Förtunata to varn her off. But, ajsubtie
1962 2418 3107 2497 is not visible to the eye, the mind, the
676 2475 1853 2543 influence grips Beatrice in the bresence
1976 2487 3038 2554 heart. There is no page which is not
684 2516 1912 2603 of this woman and she leaves her! strangely
1958 2544 3081 2608 murnurous of place and mood. The story
672 2557 1812 2652 conscious, for the first time siäce the
1970 2594 3104 2674 has all the dramatic intensity of UFrau¬
672 2635 1850 2700 death of her husband eight years before,
1971 2644 3060 2730 lein Eise“, without its nervous, stac¬
680 2695 1876 2749 that she herself is still desirable. The
1962 2700 2423 2789 cato monologue
671 2746 1859 2812 mother struggles against the bitter-sneet
683 2811 1917 2880 obsession, and quite to no purpose.***There
2002 2812 3098 2895 And there is the beauty of sadness in
673 2859 1784 2920 is in her villa and visiting her son a
1962 2867 3083 2953 these pages, of all-embracing sympathy.
682 2909 1885 2997 young man**“ And the tragedy of the story
1965 2942 3028 2997 It is not the sympathy of tears. As
682 2977 1770 3047 reaches its climax uhen Hugo, the son,
1965 2963 3077 3062 narrator, Arthur Schnitzler remains en¬
669 3008 1855 3096 learns that his mother is not better, and
1966 3035 3078 3116 tirely impersonal. It is the sympathy
675 3080 1758 3152 to his shame-stricken heart something
1962 3110 3052 3169 of knowledge, of understanding, which
673 3137 1850 3222 worse, than Fortunata, and when Beatrice
1958 3143 3096 3248 affects the author so that he must te11
1201 3246 2507 3325 Beatrice's story straight, without patronage,
1403 3319 2324 3405 without tears, without evasions.
