3392 4256
487 171 792 249 rau Be
966 163 1580 250 und ihr Sohn
255 167 2083 267 28. Meaatean bex 4/5
1337 926 2232 1021 Absalon, Bayreuther Schleudertage
972 929 1132 1030 108
1801 1080 2629 1165 schmutzt, geschändet vor und als endlich
1018 1090 1795 1178 Diese Frau Beate Heinold ist eine
1806 1151 2622 1216 gar ihr Sohn in roher Weise über
986 1148 1799 1215 Verwandte von Frau Berta Garlan.
1812 1211 2634 1267 das Treiben der Mutter aufgeklärt
978 1212 1795 1277 Auch ihr wird nach Jahren keuscher
1813 1254 2625 1319 wird und sie dies erkennt, nimmt sie
989 1272 1797 1322 Witwenschaft das ersie erotische Er¬
1810 1305 2632 1368 ihn mit sich in den Tod. An diesem
972 1307 1799 1374 lebnis verhängnisvoll. Frau Beate
1807 1352 2632 1419 Punkte meldet sich im Leser ein leiser,
986 1351 1797 1415 will ihren fast erwachsenen Sohn vor
1813 1398 2631 1455 bei Schnitzler seltener, Widerstand.
978 1401 1804 1471 einer Abenteurerin schützen, an die er
1811 1446 2627 1509 Dieser Abschluß hat wenig Ueber¬
976 1453 1793 1520 seine Reinheit nicht wegwerfen soll.
1811 1491 2627 1563 zeugendes, nichts Zwingendes. Und
978 1506 1798 1571 Sie selbst spricht mit dieser hemmungs¬
1814 1549 2630 1616 er vereitelt überdies die Entwicklung
973 1561 1795 1613 losen Dame, bittet sie, den Jungen ab¬
1810 1587 2627 1654 des interessantesten und fruchtbarsten
988 1605 1796 1662 zuweisen. Dieser Besuch, dieser flüchtige
1815 1638 2630 1703 Motives dieses Buches, das nur flüchtig
984 1652 1790 1708 Einblick in eine Welt unbedenklichen
1810 1694 2627 1747 angeschlagen wird: das der Unfähigkeit
975 1704 1795 1769 Genießens, die ständige Vorstellung
1812 1747 2637 1808 aller Kinder, selbst der zur Liebe schon
979 1747 1801 1808 von Situationen, vor denen sie den
1812 1782 2623 1852 reifen, die eigenen Eltern als Ge¬
982 1794 1798 1861 Sohn bewahren möchte, vielleicht auch
1805 1847 2641 1904 schlechtswesen zu begreifen, ohne den
979 1850 1799 1914 das begehrliche Werben fast aller Herren
1810 1894 2427 1967 Glauben an sie zu verlieren.
976 1892 1794 1955 in dem Sommernest stört die bisherige
2282 1925 2584 2015 Ernst Coth
984 1951 1790 2008 Sicherheit der noch jungen Frau mehr
987 1993 1800 2060 und mehr und eines Abends wird sie
980 2041 1798 2102 selbst die Beute einer Knabenleiden¬
1868 2031 2571 2134 Bayreuther Schleudertage
986 2082 1802 2158 schaft, gleich der, die sie in ihrem Sohne
1812 2117 2526 2194 Preis notierend, Kurse brüllend,
983 2151 1796 2206 ersticken wollte. Der Höhepunkt dieser
1803 2179 2555 2245 „Bühnenweitendi Abendfüllend!“
978 2189 1789 2253 Novelle ist es nun, wie dieses plötz¬
1813 2227 2401 2290 Zieht der Direktorenhaufe
982 2240 1795 2299 liche Auffiammen der lange verhalte¬
1817 2272 2504 2342 Zum Bayreuther Ausverkaufe.
984 2290 1790 2357 nen Sinnlichkeit alles vergangene ero¬
988 2338 1796 2403 tische Erleben Beatens neu und anders
1812 2331 2456 2415 „Tristan fesi! Isolde willig!
989 2383 1798 2447 beleuchtet, als bisher die pietätvolle
1801 2384 2558 2470 Billig! Billig! Billig! Billig!
1103 2429 1788 2499 nerung. Wie da plötzlich ein
1812 2438 2464 2499 Meistersinger stark gehandelt!
1094 2484 1794 2543 res, seineres Versiehen und der
1810 2493 2467 2568 Alles, alles wird vertandelt!“
1069 2530 1789 2610 bewußee Wunsch nach Rechtfertigung
1813 2547 2520 2626 Und die Ritterschaft beim Grale
961 2580 1788 2656 das Andenken an den Gatten um¬
1806 2610 2466 2676 Protestiert zum Xten Male;
985 2624 1800 2702 wandelt, wie aus dem großen Mimen,
1804 2646 2534 2724 Jedes Wort ein dicker Knüppel!
988 2674 1790 2753 in dem Beate bald Hamlet, bald
1815 2698 2617 2770 Das Genie selbst wird zum Rüppel!
990 2722 1794 2792 Cyrano zu umarmen wähnte, ein
1814 2764 2462 2833 Aber ohne Treu und Glaube
990 2774 1796 2842 frivoler Lomödiantwird, der sie mit
1812 2820 2588 2879 Fängt man sich des Grales Taube
981 2822 1799 2885 hundert Weibern betrog... Dies alles
1820 2880 2629 2950 Und schmeißt mit des Meisiers Leyer
985 2880 1803 2943 ist meisierlich entwickelt und gestaltet.
1810 2915 2468 2991 Gratis nach dem Pleitegeier.
983 2921 1803 2986 Dann belauscht Beäte, wie ihr junger¬
2352 2950 2574 3030 Absalon
981 2978 1803 3025 Galan sich brüstet; sie kommt sich be¬
984 3051 2633 3111 Verantwortlich für die Leitung: Dr. Theodor Heuß in Heilbronn. — Alle redaktionellen
984 3109 2629 3154 Zusendungen sind zu richten nach Heilbronn a. R., Lerchenstraße zr; unverlangten
979 3145 2628 3202 Manuskripten ist Rückporto beizufügen. März= Verlag: München, Hubertusstraße 27
1212 3187 2400 3246 Druck der Schell'schen Buchdruckerei, Viktor Kraemer, Heilbronn
1125 3219 2503 3280 Alleinige Inseratenannahme: Fritz Rauth, Berlin=Friedenau, Ringstraße 41.
1184 3408 1260 3506 C
1336 3606 2614 3649 verhindert den Ansatz von Zahnsteln, erhält die Zähne rein und gesund, hinterlässt
1333 3640 2617 3702 Im Mund einen kräftigen, nachhaltig erfrischenden Geschmack, belebt die Schleimhäute
1332 3661 2396 3734 und das Zahnflelsch und erhöht dadurch die Widerstandsfählobest 2## ##.
1528 3690 1767 3757 enee  # arnd
