3392 4256
974 191 1565 269 und ihr Sohn
269 192 961 289 28. Frau Beate
490 238 1577 295 ee ee e e ee e e e ee eeeeeeene
850 474 1235 540 nangade onne Gewähr.
775 500 1612 650 Bresiauer Morgen Zeitung.
422 544 850 617 Ausschnitt aus:
761 593 1054 683 21.00. 1913
428 653 582 704 vom:
532 787 1459 893 „Frau Beate und ihr Sohn.
431 865 1668 924 Die jüngste Novelle von Arthur Schnitzler (Berlin W.,
1093 921 1467 979 Preis 2.50 Mar#
379 917 947 999 Bülowstraße 90. S. Fischer¬
369 964 1658 1020 Leser in das weite Land seelischer Lebensirrungen. Frau Beate ist
369 1001 1664 1063 die Witwe eines berühmten Schauspielers, in dem ihr romantischer
371 1044 1664 1106 Sinn mehr noch den großen Menschendarsteller in seinen zahllosen,
367 1083 1655 1128 wechselnden Bühnengestalten, als den Mann geliebt hat. Sie um¬
369 1106 1663 1174 gibt ihren heranwachsenden Sohn Huge mit schwärmerischer Zärtlich¬
363 1160 1670 1207 keit, fast allzu ängstlich bef rebt, ihn vor den unvermeidlichen Ver¬
361 1189 1671 1246 strickungen des Lebens zu behüten. Sie selbst ist aber noch nicht über
377 1236 1672 1293 Nese Gefahren hinausgewachsen. Die schwüle Atmosphäre der Ver¬
376 1273 1669 1328 Ehrung, von der sie als junge, schöne Witwe umgeben ist, läßt ihre
367 1299 1663 1360 Sinne nicht zur Ruhe kommen und sie erliegt unversehens einem
376 1351 1670 1395 Studienkameraden ihres Sohnes. Ihrer Neue erscheint diese unbe¬
373 1385 1677 1436 dachte Hingabe an einen dem eigenen Kinde Gleichaltrigen wie ein
362 1428 1660 1480 Verbrechen, und als Hugo aus dem Munde des jugendlich=indis¬
367 1469 1666 1515 treten Beglückten die die Mutter herabziehende Wahrheit erfährt,
364 1517 1655 1566 geht Frau Beate in den Tod gemeinsam mit dem Sohne, nachdem sie
373 1547 1611 1583 in einer letzten Stunde lebenstrunkener Verwirrtheit auch ihm
367 1586 1657 1637 Geliebte geworden ist. Man wird gegen die mehr und mehr ins
369 1628 1661 1677 Pathologische abirrende Psychologie der Erzählung, zumal des trotz
364 1662 1656 1707 allen Verhüllungen der Schilderung peinlichen Schlusses, starke Be¬
364 1692 1664 1754 denken haben können und sich dennoch entzücken lassen dürfen von der
376 1738 1665 1788 außerordentlichen Zartheit mit der Schnitzler die schmerzlichen
372 1781 1667 1832 Zuckungen eines allzu empfindsamen Frauenherzens enthüllt, von der
375 1817 1663 1854 milden Abgeklärtheit seines Vortrags, von der virtuosen Kunst, mit!
368 1854 1664 1895 der der Dichter die Darstellung alltaglicher Menschen und Vorgänge
365 1900 1638 1954 allmöhlich zur Höhe des Uebersinnlichen emporführt, ohne dabei #le
372 1934 1575 2000 Erzähler jemals den festen Grund der Realität z verlassen¬
644 2110 1404 2199 en musten Zeltungen und ist das
595 2190 1412 2253 d agwierte Barcau Deutschtands.)
475 2257 1100 2383 Zeitung: Morg.-Zts.
480 2349 1082 2475 0nl: Breslau
569 2456 1170 2582 ME
412 2570 1665 2814 Titerarische
465 2809 1486 2944 (X. Fröl Beate und ihr Sohn.“
935 2899 1696 2991 I. Trlh Schuitber (Berlin W.
550 2915 881 2982 ejüngste Novelle
406 2962 1699 3018 Büf spstraße 90. S. Fischer Vertag. Preis 2.50 Mark) führt den
402 3007 1698 3046 Leser in das weite Land feelischer Lebensirrungen. Frau Beate ist
400 3038 1702 3092 die Witwe eines berühmten Schauspielers, in dem ihr romantischei
398 3070 1700 3129 Sinn mehr noch den großen Menschendarsteller in seinen zahllosen
405 3121 1693 3166 wechselnden Bühnengestalten, als den Mann geliebt hat. Sie um
399 3156 1691 3204 gibt ihren heranwachsenden Sohn Hugo mit schwärmerischer Zärtlich
399 3204 1700 3247 keit, fast allzu ängstlich bestrebt, ihn vor den unvermeidlichen Ver¬
403 3225 1701 3280 stickungen des Lebens zu behüten. Sie selbst ist aber noch nicht über
410 3278 1690 3316 diese Gefahren hinausgewachsen. Die schwüle Atmosphäre der Ver¬
403 3298 1703 3348 ehrung, von der sie als junge, schöne Witwe umgeben ist, läßt ihre
407 3347 1703 3399 Sinne nicht zur Ruhe kommen und sie erliegt unversehens einen
403 3372 1702 3421 Studienkameraden ihres Sohnes. Ihrer Neue erscheint diese unbe¬
406 3410 1699 3477 dachte Hingabe an einen dem eigenen Kinde Gleichaltrigen wie ein
409 3451 1700 3502 Verbrechen, und als Hugo aus dem Munde des jugendlich=indis¬
408 3494 1710 3545 treten Beglückten die die Mutter herabziehende Wahrheit erfährt,
413 3534 1709 3593 geht Frau Beate in den Tod gemeinsam mit dem Sohne, nachdem sie
412 3587 1677 3629 in einer letzten Stunde lebenstrunkener Verwirrtheit auch ihm —
408 3615 1708 3662 Geliebte geworden ist. Man wird gegen die mehr und mehr ins
415 3655 1711 3715 Pathologische abirrende Psychologie der Erzählung, zumal des trotz
408 3707 1708 3747 allen Verhüllungen der Schilderung peinlichen Schlusses, starke Be¬
403 3730 1707 3789 denken haben können und sich dennoch entzücken lassen dürfen von der
411 3766 1719 3829 außerordentlichen Zartheit mit der Schnitzler die schmerzlichen
413 3800 1707 3864 Zuckungen eines allzu empfindsamen Frauenherzens enthüllt, von der
412 3848 1708 3901 milden Abgeklärtheit seines Vortrags, von der virtuesen Kunst, mit
411 3891 1710 3942 der der Dichter die Darstellung alltaglicher Menschen und Vorgänge
406 3936 1725 3991 allmählich zur Höhe des Uebersinnlichen emporführt, ohne dabei als
416 3973 1554 4039 Erzähler jemals den festen Grund der Realität zu verlassen.
1566 3983 1704 4057 —.—
1716 188 2088 283 box 4/5
2185 398 2943 522 Bachleneste Nachrichte.
2030 452 2259 530 Zeitung:
2352 519 2765 619 Mannheim
2027 552 2182 623 Ort:
2018 608 2778 760 Pet—9
1982 801 2792 861 Nicht minderer Reise begegnet man in
2078 849 3022 923 Arthur Schnitzlers „Frau Beate und ihr Sohn“
2280 909 2804 981 Der 2. Fischer, Berlin.)
1936 957 3171 1023 Eine jeße Variation seines Themas von Liebe und Tod, strömt
1941 1006 3183 1066 es witder das starke kulturfeine Aroma Schnitzlerscher Kunst
1934 1055 3178 1114 aus, die nachdenkliche Melancholie, die tiefinnerliche Kraft des
1934 1094 3169 1146 Erlebens und die sorglose Anmut des Gestaltens. Wieder ist
1935 1141 3188 1190 es, als suchte es aus der Wirrheit seelischer Erlebnisse, die voll
1937 1184 3167 1236 Rätseln sind, voll alter und neuer, nach Antwort; steigt
1936 1224 3224 1269 schmerzliche Sehnsucht aus der Tiefe der Seele dieser Menschen
1932 1265 2512 1337 und flutet dunfel ineinander.
2073 1370 2922 1496 R·TIIDTOFe-boten, Berlin
2113 1429 2294 1504 1# 4½
2199 1532 2923 1628 Ganz nah verwandt ist diesem Buch Jakob
2149 1602 2922 1665 Wassermanns kleiner Reman „Der Mann
2144 1650 2936 1711 von vierzig Jahren“ (Berlin, S. Fischer). Man
2148 1701 2937 1774 ist förmlich erstaunt, wenn in dieses Buch
2146 1754 2926 1827 plötzlich der Krieg von 1870 hineinschlägt —
2157 1805 2942 1874 so unwirklich und verschoben ist alles in ihm,
2160 1851 2937 1916 so übel wirkt der Erotismus des Ganzen, der
2151 1902 2940 1960 in Arthur Schnitzlers „Frau Beate und ihr
2163 1946 2940 2018 Sohn“ (Bernin, S. Fischer) noch viel be¬
2152 1994 2945 2055 herrschender und unsympathischer durchschlägt.
2164 2041 2948 2115 Ist denn das Leben wirklich nur eine Kette
2162 2090 2945 2163 sinnlicher Erregungen, ein Hin und Her von
2173 2132 2947 2206 halben und ganzen Verführungen, wie es uns
2165 2190 2940 2268 Schnitzler schon in seinem Drama vom weiten
2170 2236 2944 2302 Land glauben machen wollte? Und wie klingt
2169 2298 2939 2362 dies Werk aus, in dem eine noch lebensvolle
2161 2339 2952 2412 Witwe dem jungen Kameraden ihres Sohnes
2165 2389 2940 2461 und dieser Sohn, hart neben ihr, einer Aben¬
2166 2443 2636 2522 taurerin zum Opfer fällt!
2330 2603 2805 2669 (Quelleggjgase oute Gewant,
2435 2638 2985 2739 FEICHSPOST, WIEN
2018 2676 2442 2750 Ausschnitt aus:
2037 2767 2501 2846 vom: 24. AUDUS
2499 2767 2729 2884 11913
2732 2850 3136 2934 D. Breuranv.—
2081 2904 3167 2983 Frau Beate und ihr Sohn. Novelle von Arbur
1975 2947 3164 3051 (Schnitzler Berlin, S. Fischer. 8°. (155 S.) Ml. 2.50,
2083 3010 3156 3089 rarBetannte begrüßen wir: Die Leute aus dem
1991 3045 3139 3114 „Welten Land, unsaubere, anrüchige Gestalten, die sich da
1999 3104 3034 3161 an einem Salzkammergütsee den Sommer über zusan
1992 3142 2966 3212 genistet haben. Alle ihre Verderbtheiten, die
2004 3181 2958 3236 Häufung recht unwahrscheinlich sind, zu schilde
1998 3228 2957 3279 kaum einen anderen Schriftsteller neben Schnitzl
2006 3278 2955 3336 können. Unumwunden wird zugegeben, daß es
1991 3316 2962 3370 einem anderen Schriftsteller so restlos gelung
1995 3358 2959 3412 Ob es ihm zur Ehre gereicht, dieses Feld unbei
1998 3402 2958 3466 behaupten, mag dahingestellt bleiben. Der Fr
2002 3453 2971 3499 ist diese Novelle freilich prächtig. Sie ist in einen
2001 3487 2991 3549 lichen schön gesteigerten Zuge geschrieben, ihre Spr
1993 3524 3154 3580 von ein paar ordinären Stellen abgesehen, ebenmäßig und
2001 3572 3170 3624 sein. — Ueber den Inhalt der Novelle, dieses schmierige
1999 3611 3165 3672 Durcheinander von Ehebrüchen und Verfehlungen mannig¬
2000 3664 3162 3716 sacher Art kein weiteres Wort. Wenn all dies auch nur
1997 3693 3158 3759 einigermaßen lebenstreu ist, wenn sich Aehnliches tatsächlich
2004 3756 3163 3811 an den von den diversen Schnitzlers bevölkerten Salz¬
2002 3780 3168 3838 kammergutseen zuträgt, so habe ich endlich eine Erklärung
1997 3835 3161 3884 für meine alte heimliche Abneigung gegen diese von der
2003 3863 3187 3936 Natur gesegnete, von den Menschen geschändete Landschaft,
2775 3914 3194 3991 Hs. Breskg.)
1991 3926 2219 4005 gefunden.
2559 3959 2869 4031 —1
