3436 4256
313 189 506 278 28.
1417 183 1635 259 Sohn
1046 189 1375 262 und ihr
704 193 1000 264 1 Beate
1710 178 2152 275 box 4/5
492 206 1642 308 Frau asand arSane
1226 413 1537 495 M
460 424 1160 499 M
465 489 644 557 ——
514 523 1456 606 Argus Suisse et International de la Presse S. A.
643 589 1329 679 23, Rue du Rhöne - GENEVE
494 647 1494 733 Adr.telégr.: Coupures-Geneve - Tél. Stand 40.05
515 723 1481 825 Bureau international de coupures de jov.naux.
601 808 1388 859 Traductions de et en toutes langues.
483 856 596 905 —
498 918 1508 1011 Correspondants dans toutes les grandes villes.
461 1048 945 1140 Eatrait du Journal:
756 1050 1435 1275 duen eelt
474 1157 709 1227 Adresse:
1089 1162 1274 1281 Ge
1176 1189 1593 1351 an l01 1909
469 1244 646 1336 Date:
1251 1449 2066 1552 LES LIVRES
516 1555 2612 1718 raze grinser Arthur Schnitzler : Madame Béate et son fils
485 1668 796 1744 Tarif réduit,
486 1721 826 1783 ment d’avance
967 1723 2377 1816 Traduit de l’allemand par A. Hella et O. Bournac
480 1769 836 1829 période de tem
496 1811 677 1862 limitée.
1979 1794 2503 1883 Par Louis LALOY
486 1837 847 1922 On traite à fort
817 1897 2557 1963 Un joli roman tragique. Joli d’une gräce hall, il n est pas aujourd'hul de société plus
769 1933 2561 2032 un peu molle, mais iendre, et plus tragique.] régulière en ses mceuts que celle des artistes
777 2001 1658 2059 encore dans la nonchalance aimable et le ro¬
1660 2003 2559 2073 du théätre: après le labeur quotidien, les joles
781 2041 1654 2115 mantisme pour tous d’une villégiature tyro¬
1658 2054 2557 2127 du foyer, et, pour finir leurs jours, une villa
768 2081 1651 2158 lienne ou les chasseurs du dimanche se coif¬
1664 2108 2553 2180 en banlieue ou sur la Côte d’Azur, seion les
769 2144 1660 2213 fent de chapeaux verts, et les familles attablées
1661 2144 2541 2219 faveurs de la fortune et le degré de leur suc¬
768 2195 1657 2258 se régalent de glaces ou de café à la crème
1663 2207 2556 2277 cés. En Angleterre et en Amérique, ils se
766 2240 1654 2293 au bord du lac ou le soir, sous ia lune obliga¬
1660 2253 2554 2325 font moins remarquer encore et sont admis sans
777 2292 1655 2356 toire, on détache les canots pour de sentimen¬
1664 2296 2548 2358 aucune difficulté dans la meilleure société: en
772 2335 1660 2406 tales promenades. Mais l'une de ces prome¬
1660 2357 2551 2425 ces pays, ciest le cinéma qui volontiers fait
778 2378 1664 2454 nades ne sera pas inoffensive. Selon les prin¬
1661 2401 2557 2476 scandale. Mais en Allemagne et en Autriche,
768 2431 1670 2502 cipes de notre civilisation, elle serait meme
1656 2431 2535 2509 il semble que le vieux préjugé qui les ht ex¬
771 2469 1662 2551 crimmelle si 'auteur ne prenait soin de faire
1670 2491 2554 2564 communier jadis survive et soit partagé par Ies
763 2525 1661 2587 chavirer la barque en mème temps que ces
1658 2538 2541 2610 acteurs eux-mémes, les obligeant à se singula¬
767 2573 1653 2648 deux volontés défaillantes, pour les livrer aus
1660 2585 2546 2665 riser, à braver lopinion, à mener la vie de
772 2618 1663 2685 flots morteis ou les accueillera peut-être sur
1658 2636 2546 2705 leurs röles, pour étonner le monde par leur
764 2665 1645 2742 les derniers accords de Tristan et Vseult, le
1654 2672 2550 2774 Rgure, sinon par leurs débauches ou leurs aven¬
761 2714 1649 2805 fantöme d'un roi fou qui, avant eux, y voulut
1644 2731 1797 2795 tures.
758 2766 914 2834 périr.
1689 2773 2560 2852 II était bien de ceux-là, celui qui chague
813 2785 1650 2882 Ainsi présenté, le dénouement vous sem¬
1647 2808 2541 2891 soir donnait à la réveuse Béate l’illusion de
761 2843 1642 2927 blera, sans doute, de convention. Mais le ta¬
1646 2877 2542 2948 tomber dans les bras de Hamlet ou de Roméo.
761 2912 1651 2982 lent de l'auteur, que laisse intact l'élégance ai¬
1655 2921 2530 2986 Autre séductrice de profession, cette comé¬
761 2960 1642 3034 sée de la traduction française, sait nous y.ache¬
1651 2970 2542 3037 dienne devenue baronne allemande, qui ac¬
765 3011 1658 3094 miner par une progression insensible, dans une
1658 3027 2557 3091 cepte avec complaisance auprès du hls l’emploi
757 3059 1642 3121 abondance Heurie de détails familiers et une
1661 3069 2552 3126 de la femme fatale, et scandalise la mère à
765 3092 1650 3175 suite de troubles naifs oü la vertu s effrite
1648 3111 2542 3187 plaisir. Inquiète d'abord, puis gagnée sans ie
765 3146 1645 3213 comme un chäteau de sable. D'abord, cette
1654 3174 2543 3246 savoir par la contagion, Béate devient pensive,
765 3194 1645 3260 circenstance atténuante, aue l'hérofne est la
1660 3209 2546 3278 et une nuit, ayant trouvé dans sa chambre um
770 3240 1643 3299 veuve d’un comédien célèbre dont elle s’était
1645 3264 2533 3327 camarade de son hls, lui cäde avec toute la
771 3289 1641 3367 éprise en se niénile candeur. Bien que d’ori¬
1653 3308 2526 3362 facilité qu'on peut altendre d’une frivole sa¬
755 3350 1643 3412 gine et d’éducation bourgeoise, elle s est ainsi
1646 3356 2537 3412 gesse à qui manquent soudain ses points dap¬
770 3387 1645 3468 wrouvée transportée en un monde G’illusion pas¬
1643 3395 2531 3478 pui en vertus domestiques. Après quoi elle
771 3427 958 3500 sionnée.
1652 3451 2562 3538 ressent plusieurs petite affronts, premiers pré¬
813 3459 1658 3550 En France, si l’on excepte les théätreuses
761 3540 1649 3617 de Deauville et les promeneuses du music¬
1690 3543 2584 3611 sages de la profonde humiliation qui T'attend
1686 3589 2567 3666 lorsque, surprenant une conversation de son
1682 3641 2558 3703 jeune ami, elle s'aperçoit qu'il la traite, com¬
1681 3693 2559 3751 me elle devait le prévoir, sans grand iespect.
1680 3735 2555 3807 Son hls apprend chez la femme fatale la fai¬
1673 3778 2569 3843 blesse de sa mère et en conçoit un si violent
1673 3836 2569 3920 désespoir qu'à l'un et H'autre, 41 ne reste plus
1678 3879 2561 3954 qu'à partir ensemble, loin de la société hu¬
1670 3929 2300 4005 naine, pour un exil sans retour.
1718 3974 2552 4063 WVienne, aux refrains langoureux de ses val¬
1668 4039 2558 4110 ses, faisait jadis tourner la téte d’une veuve
1666 4102 2545 4158 joyeuse. Mais, à Vienne. aujourd'hul, pro¬
