3436 4224
293 180 1595 256 28. Frau Beate und ihr Sohn
494 221 1185 297 #. 4. (1 5 . n un un e e un ca. 1
1199 223 1600 296 AIA   Aan
431 993 1513 1124 Neue deutsche Erzählungskunst.
576 1100 1360 1181 Von Rudolf G. Binding (Frankfurt).
448 1160 1536 1228 (Für Monate stand der ganze Gestirnhimmel unter dem
390 1218 1536 1280 Zeichen von Thomas Mannsggroßer Novelle: „Der Tod
394 1263 1538 1333 in Venedig“. Leser, (Dichter und Beurkeiler von Beruf.
392 1299 1536 1355 diese noch mehr als jéyé, stauden unter ihrem Eindruck wie
404 1356 1543 1414 unter dem eines Kometen, sö daß es sos kkeihen Sinn zu habei
399 1396 1548 1468 schien, über andere Erscheinungon (zu sprechen. Der Tod in
404 1442 1534 1505 Venedig ist fast allenthalben so ausgiehia überwürdigt wor¬
391 1476 1537 1541 den, auch an dieser Stelle in besonderer Besprechung bewertet
390 1519 1543 1585 worden, daß es nur deshalb notwendig ist, seiner noch zu
392 1578 1545 1641 erwähnen, um anderes Gute zu ehren, was zugleich mit ihm
401 1621 1538 1672 auftauchte, ohne sich zunächst neben dem kometenhaften Glanz
403 1658 1542 1710 behaupten zu können. Daß der Ruhm der Mannschen Novelle
393 1699 1541 1761 ein trügexischer war, soll damit keineswegs gesagt sein: sie
407 1751 1533 1802 war zu niederträchtig zeitgemäß, um nicht ihrer Wirkung
406 1787 1538 1849 sicher zu sein, und zu gut, um nicht diese Wirkung vollauf
402 1834 1543 1885 zu verdienen. Daß ihr eigenster innerster Feind aber das
405 1873 1544 1926 Geständnishafte an ihr war — was gemeiniglich Kunstwerken
407 1919 1533 1965 nie gut bekommt und ihnen fast immer die Unsterblichkeit
399 1957 1543 2030 kostet — wurde zu spät oder ist vielleicht noch nicht einmal
402 2009 690 2079 voll erkannt.
458 2036 1546 2102 Immerhin: der Tod in Venedig hat uns anspruchsvoll
406 2082 1537 2153 gemacht. Mit einer besonderen Berechtigung fahnde ich in
402 2141 1534 2199 der Flut der Neuerscheinungen auf das Beste. Auch der
398 2184 1542 2240 Kritiker will einmal genießen, indem er sich an der Kunst
402 2226 1553 2298 unterhält und literarisches Gewerbe und Kunstgewerbe in
409 2265 1006 2334 ihren Erzeugnissen ausschaltet.
468 2306 1384 2369 Reden wir von Werken der Erzählungskunst!
462 2350 1544 2416 Unbedenklich stelle ich, nicht wegen seiner Güte, sondern
407 2397 1544 2459 wegen seiner Ursprünglichkeit. Neuheit, Eigensinnigkeit, auch
395 2450 1539 2506 wegen seines Reichtums das Buch eines wohl noch Unbekann¬
406 2477 1550 2540 #ten an erste Stelle: Philipp Keller, „Gemischte Gefühle“')
405 2530 1540 2578 Die Geschichte eines Mädchens; gegenständlich kaum von In¬
409 2564 1546 2628 teresse, spannungslos. Aber mit einer so souveränen Bewertung
397 2618 1541 2677 des Alltäglichen, mit einer so glückhaften Symbolisierung des
413 2653 1537 2709 Alltäglichen, mit einer so herrlichen Entdeckerlust im Alltäg¬
408 2704 1548 2763 lichen geschrieben, daß ich insoweit in der deutschen Erzäh¬
407 2744 1555 2809 lungsliteratur nicht seinesgleichen kenne und schon bis zu
404 2788 1545 2841 Thackeray ja bis zu Laurence Sterne zurückgehen muß, um
406 2825 1544 2903 Aehnliches zu finden. Das Buch ist als Roman keineswegs
404 2882 1548 2949 glücklich konzipiert. Aber das ist für seine Kunst bedeutungs¬
414 2917 1551 2981 los: es hat das Zeug, als Torso zu wirken. Denn nur in
413 2964 1546 3041 der Art der Anschauung liegt sein künstlerischer Wert;
445 3010 666 3070 ——
449 3033 1144 3134 1) Ernst Rowohlt Verlag. Leipzig.
1650 179 2122 282 box 4/5
2709 947 3368 1035 lich den Dingen gegenüber zu bet
1561 951 2693 1041 womit denn freilich das höchste Lob ausgeteilt ist, dessen ich
2711 1010 3361 1094 Aber wie fein ist seine Rede bei ih
1553 1027 1774 1097 fähig bin.
2707 1057 2913 1133 so etwas:
1614 1033 2691 1122 Ein Mädchen; Bertheline: als sie mit 15 Jahren konfir¬
2760 1078 3368 1164 Fast gleichzeitig mußten sie beid
1567 1105 2691 1167 miert wurde und die Schule verließ, war sie vom Leben sehr
2711 1141 3364 1193 in das sie sich verstrickt fühlten,
1564 1148 2690 1208 enttäuscht. Sie konnte nicht begreifen, daß sich nun nicht alles
2717 1183 3302 1239 geradezu erwartet, daß er leise
1561 1205 2699 1249 ändere. Bertheline wartete zunächst noch einige Zeit, vertrieb
2717 1224 3311 1278 dir zu helfen. Verzeih mir.
1561 1245 2694 1301 sich die Langeweile mit Büchern, lag nackt im Bett und war¬
2713 1259 3374 1320 hatte, habe ich mich auf deine Anl
1559 1278 2688 1340 tete. Sie war überzeugt, daß eines Morgens der Indianer¬
2711 1292 3370 1355 weiß ich jetzt nicht, was ich dir sa
1551 1317 2695 1383 häuptling, von dem sie vielleicht gerade las, vor ihrem Beit
2760 1342 3363 1389 ar nicht bedacht, was hier geschehe
1552 1362 2690 1428 stehen, sie anherrschen und dröhnend sagen würde: „Zieh dich
2788 1373 3360 1430 so natürlich ist, uns diese Möglic
2718 1416 3366 1471 Jetzt sind wir der Zeit so ohne E
1561 1411 2689 1462 an. Mein Roß stampft vor der Tür; ich führe dich in mein
2713 1447 3370 1502 wir sicher sein können sie wird nicht
1555 1453 2699 1514 Wigwam, das du als meine Squaw fegen wirst. Du brauchst
2720 1497 3364 1549 haben. Verzeih mir, Bertheline, der
1564 1499 2690 1556 dich nicht zu waschen, wir haben Eile.“ — Als aber nichts
2716 1533 3359 1584 wo ich kaum etwas sehe. Ich habe
1551 1546 2693 1603 dergleichen geschah und auch alle Dinge so flach blieben wie
2709 1570 3364 1611 es Wirklichkeit gibt. Jeden Traum
1552 1593 2685 1654 zuvor, und keine Höhlung bekamen, um sich von innen be¬
2719 1610 3358 1675 ich durch ein Erwachen beenden, al
1552 1641 2443 1707 greifen zu lassen, begann Bertheline zu weinen.
2714 1647 3282 1712 wachen aus der Wirklichkeit?
1613 1657 2699 1755 Ich habe soeben (im wesentlichen) zitiert. In diesem Ton
2764 1672 3358 1757 Dinge, die auf der Straße lie
1561 1730 2700 1786 der Berichterstattung geht es durch das ganze Buch. Wie
2708 1728 3363 1809 Hat sie vielleicht vor diesem Philipz
1560 1770 2704 1821 wohltuend ist diese Enthaltsamkeit, dieses völlige Verschwin¬
2704 1785 2892 1860 gehoben?
1566 1807 2695 1867 den hinter der Erzählung, dieses Unterlassen jeglichen Urteils,
2768 1801 3351 1896 Nach der Geburt des Kindes
1560 1859 2701 1915 dieses Nichtanderhandführen des Lesers! Da steht alles ruhig
2703 1858 3371 1934 Beziehung zu dem ersten Empfän
1563 1899 2706 1967 nebeneinander gleichgültig, wie man es aufnehmen wird, und
2705 1914 3371 1983 reinstes, eine Liebe zu einem Jünge
1561 1954 2289 2008 seiner Wirkung deshalb um so sicherer.
2715 1955 3356 2028 liche Hingabe entweiht wird. V
1611 1962 2706 2060 Bertheline wird, in noch unverstandenen nur sich ihr halb
2715 1995 3343 2069 drängt sies plötzlich nach Hause.
1559 2018 2699 2089 enthüllenden Gefühlen, schwanger von einem Stubenten. Sie
2715 2045 3361 2104 det; Mutter und Bruder waren ni
1556 2072 2696 2129 entdeckt sich, dem Kommenden ruhig ins Auge sehend, ihrer
2773 2089 3367 2154 Eine Nachbarin, die sie erkan
1561 2116 2296 2193 älteren Frundin, einer Klavierlehrerm:
2712 2117 3353 2192 Zimmer legte Bertheline ab, sah i
2722 2174 3370 2238 und freute sich über ihre Heimkehn
1612 2167 2703 2238 Eines Tages sagte die Klavierlehrerin: „Siehst du,“ sagte
1558 2223 3361 2282 sie belehrend, „hier habe ich noch Wäsche. Daß ich doch nicht) die noch auf den Stühlen ausgebr
2725 2256 3363 2309 sich gleich in allen Spiegeln wiede
1560 2254 2707 2306 gleich daran dachte! Die schenke ich dir für dein Kind. Ich
2722 2296 3369 2359 schirr gespült hatte und Staub gem
1564 2292 2702 2344 habe sie noch von meiner Mutter. Laß sie einstweilen hier,
1560 2334 2701 2400 ich werde dir ein Monogramm darein sticken. Wie soll denn
2718 2331 3297 2414 ster zufrieden auf die Straße.
1641 2375 1945 2433 Kind heißen?“
1565 2384 1645 2449 1s
2774 2347 3355 2452 Gewiß! Der verwöhnte Leser
1624 2396 2267 2479 Bertheline antworteie: „Theodor.“
2712 2421 3370 2495 finden, wie bei einer Chronik.
1629 2453 2699 2515 „Gut,“ fuhr die Klavierlehrerin fort, „so will ich ein Th.
2704 2461 3369 2538 den Dingen so teilnahmlos gegen
1565 2484 2688 2565 darein sticken. Wenn es aber ein Mädchen ist?“ fragte sie
2720 2513 3360 2573 Hand an der Kurbel eines Kino=Au
1569 2534 2105 2605 hilflos. Bertheline schwieg.
2709 2556 3359 2615 dem Pulsschlag des Kurbelnden
1619 2546 2692 2634 „O Gott,“ stöhnte Marthe auf, „es ist doch traurig, daß du
2714 2596 3352 2670 und ohne rhythmische Beeinträchtig
1567 2605 2514 2678 nicht weißt, ob es ein Junge oder ein Mädchen ist.“
2714 2634 3369 2705 schreibt, was alles vor der aufne
1621 2648 2695 2706 Unter Schluchzen gestand sie endlich dies: „Die Wäsche
2712 2686 3364 2747 Schreckliches, Träges und Schnelles
1563 2690 2696 2757 ist auch gar nicht von meiner Mutter. Ich war auch einmal
1569 2738 2543 2801 so daran wie du. Aber das Kind hat gar nicht gelebt.“
2721 2730 3367 2802 tiges vorbeizieht. So eminent ep
2720 2765 3358 2844 so sehr ich sie rühmen darf als die
1616 2773 2695 2848 Wie ergreift uns dies! Kein Versuch, unser Gefühl zu
2719 2810 3363 2882 zig erlaubte Kunstfertigkeit des erz
1561 2827 2703 2877 bestimmen. Die Tatsachen allein verraten uns das, was in
2704 2854 3348 2925 leitet die unerbittliche Anwendung
1565 2864 2695 2933 der armen Marthe vorgeht, als sie der Freundin die Wäsche
2716 2911 3353 2963 will begreiflicherweise — zu Geschn
1574 2906 2396 2986 ihres Kindes schentt, das nicht gelebt hatte.
2711 2945 3356 3003 hie und da entbehren; aus dem Fil
1618 2949 2694 3018 Bertheline, Schutz, Hilfe, Rat suchend, reist dem Studen¬
1565 2987 3368 3045 ten in die Universitätsstadt nach: in einer Art von Zuge= Nebensächliches betreffen, wegfallen
1561 3034 3371 3094 hörigkeitsempfinden. Dieser versucht sich ritterlich und männ= wenig erspart; das Licht über den
