3436 4256
1319 235 1554 313 Sohn
436 235 1066 309 Frau Beate un
1215 238 1301 314 r
214 244 2068 361 2  bos 4/5
1751 1057 1884 1140 Dacher
1081 1065 1202 1155 538
1085 1196 2534 1256 storbenen zum ersten Male, wenn sie Hugo betrachtet. Wir werden das
1073 1242 2542 1304 Betonen dieser Ahnlichkeit als den Ausdruck der ldentität der Gefühle,
1091 1288 2545 1346 welche Beate beiden Personen widmet, erkennen. Der Inzestwunsch Beatens
1074 1350 2553 1396 findet seine Realisierung, nachdem Hugo im Pubertätsalter Aufklärungen
1090 1375 2558 1432 über die sexuelle Betätigung seiner Mutter erhält. Wir sehen eine solche
1089 1416 2552 1489 Szene kindlicher Sexualaufklärung vor uns, wenn Rudi und Hugo vor den
1082 1473 2041 1534 Fenstern Beatens über ihr Sexuaileben sprechen.
1202 1489 2541 1573 Es bestätigt die von Freud angegebene Art der Psychogenese des
1096 1564 2534 1616 Vergleiches zwischen Mutter und Dirne, wenn die lauschende Beate wünscht,
1085 1597 2544 1660 Mutter zu sein, swert jenes Sohnes und nicht ein Frauenzimmer, über das
1089 1650 2545 1700 verdorbene Buben unflätig schwatzen durften, wie über die erste beste
1089 1692 2545 1744 Dirne““. Wir wissen, welche seelischen Folgen die kindliche Sexualauf¬
1089 1726 2551 1803 klärung des Vorpubertätsalters in der Entwicklung einer typischen Objekt¬
1085 1777 2550 1835 wahl des Mannes hat. Der unbewußt gezogene Dirnenvergleich erwächst
1081 1826 2563 1882 auf affektiver Basis: die Aufklärung hat in dem Knaben Erinnerungsspuren
1092 1870 2551 1920 an seine frühinfantilen Eindrücke belebt und die inzestuose Neigung zur
1088 1919 1731 1986 Mutter wieder aufleben lassen.
1226 1935 2552 2017 Wollten wir den Abzweigungen und Ausläufern des Inzestmotivs
1087 1996 2553 2079 in der Novelle nachgehen, so würden wir bald die Überzeugung gewinnen,
1092 2056 2547 2118 daß die Baronin und Beate, Fritz und Hugo ein und dieselbe Person sind,
1089 2085 2545 2138 durch den Spaltungsmechanismus vervielfacht. Dafür spricht nicht nur, daß
1096 2137 2554 2191 Beate auf dasselbe Niveau wie Fortunata gelangt, sondern auch die Be¬
1093 2172 2546 2235 ziehung beider alternden Frauen zu zwei jungen Burschen'. Beate ist für
1094 2210 2551 2281 Fritz ebenso Ersatzpersen der Mutter, wie Fortunata ein Muttersurrogat
1097 2269 2562 2329 für seinen Freund ist. Es fehlt nicht an Stellen, welche diese Beziehungen
1096 2300 2559 2366 klarer hervortreten lassen. Die Baronin spricht es aus, daß sie sich für ihren
1088 2343 2555 2412 Sohn kein besseres Liebesdebüt wünschen könnte, als eine Liebschaft mit
1090 2404 2552 2456 Beoce, es wäre klüger gewesen, meint sie, wenn Beate ihr den Sohn sozu¬
1090 2446 2559 2509 sagen ans Herz gelegt hätte. Eine Doublette desselben Motives ist
1096 2492 2550 2541 es, wenn Beate einen Augenblick daran denkt, der Baronin Fritz als Er¬
1087 2535 2552 2599 satzperson für den eigenen geliebten Sohn anzubieten, Fritz, den sie dann
1093 2580 2386 2637 selbst zum Geliebten nimmt und der den Sohnestyp repräsentiert.
1205 2611 2568 2670 Es erscheint wichtiger, die Inzesttendenzen in ihren verborgeneren
1093 2666 2560 2719 Formen aufzusuchen als dort, wo sie so offen zutage liegen, wie am Ende
1097 2706 2562 2764 der Novelle. Eine dieser Formen ist die Objektverschiebung von der
1098 2754 2563 2806 Mutter auf die Tante. Beate lehnt es ab, rFritze statt *Herr Webere zu
1106 2786 2558 2855 sagen, da sie nicht die Tante des jungen Mannes ist. Fritz entgegnet galant,
1095 2843 2560 2899 daß er sich so eine Tante gefallen ließe. So wie hier Beate die offerierte
1094 2878 2562 2949 Tantenstellung mit der Geliebten vertauscht, drängensich wider Willen Frau Berta
1093 2925 2556 2977 Garlan in einer früheren Novelle des Dichters Vergleiche zwischen ihrem
1107 2984 2563 3024 Geliebten und ihrem kleinen Neffen Richard auf. Bei den Küssen Emils
1093 3011 2570 3069 muß sie an andere Liebkosungen denken: -Woran nur? ... An die Küsse
1103 3056 2566 3114 ihres jungen Mannes?.. Nein.. Und plötzlich hel es ihr ein: geradeso
1091 3101 2560 3168 hatte ihr kleiner Neffe sie neulich geküßte. Noch unverhüllter tritt uns das
1106 3143 2572 3207 Verhältnis von Tante und Neffe als Inzestersatz in Schnitzlers Jugend¬
1108 3205 2568 3267 drama, Das Vermächtniss entgegen. Emma war, wie Losatti ausspricht,
1105 3242 1705 3318 die Geliebte Hugos gewesen.
1245 3287 2568 3380 1 Freud, Beiträge zur Psychologie des Liebeslebens! — Jahrbuch für psycho¬
1094 3353 1865 3425 analytische Forschungen. Bd. III, S. 389f.
1252 3392 2566 3443 2 Man wird diese Vermutung auch dadurch stützen können, dah man auf
1104 3434 2562 3498 die nicht sehr gebräuchlichen Namen der beiden Frauen (Beate und Fortunata)
1092 3479 1670 3546 hinweist, die gleichsinnig sind.
