3436 4352
203 210 268 282 7
1324 210 1783 292 box 35/9
298 196 1262 309 Gesamnelte Nerke
1803 540 1943 601 2e11.
1578 577 2297 658 „napest, Chicago, Cleveland, Chrisua..
1401 610 2321 690 pennagen, London Madrid, Mailand, Minneapolis,
1241 663 2323 725 New-Vork, Paris, Rom, San Francisco, Stockholm, St. Peters-
1637 703 1917 762 burg, Toronto.
1528 747 2022 815 (Quellenangabe ohne Gewähr.)
1234 744 2345 904 wneheiht u Jreel a Mage- ate.
1240 893 1387 948 vom:
2143 885 2313 965 Loo
1389 894 1879 1008 B1
1890 986 2147 1061 Geeav.
1517 1052 2343 1122 Schnitzler, Arthur. Gesammelte Werke. I. Ab¬
1552 1105 2347 1161 hlenden Schriften.
1567 1143 2334 1203 In 3 Bänden. In Leinen geb. 12.—, in Halb¬
1571 1189 2343 1233 leder 15.60. in Ganzleder 20.40. II. Ab¬
1570 1226 2332 1276 teilung: Die Theaterstücke. In 4 Bänden.
1565 1249 2330 1321 In Leinen geb. 14.40, in Halbleder 19.20,
1568 1298 1934 1342 in Ganzleder 25.20.
1555 1327 2336 1401 Masken und Wunder. Novellen. (Berlin,
836 1349 1404 1429 aneisco, Stockholm, St. Peters¬
1574 1371 2176 1423 S. Fischer 1912) 3.60, geb. 4.80.
711 1386 1011 1460 burg, Toronto.
1577 1409 2331 1463 Die Zeit, da ein nicht unbeträchtlicher
614 1428 1115 1510 (Quellenangabe ofine Gewähr.)
1504 1447 2332 1500 Teil des Publikums Schnitzlers poetischem
1505 1472 2331 1539 Schaffen skeptisch, wo nicht geradezu ab¬
302 1485 727 1581 Ausschnitt aus:
1494 1518 2342 1582 lehnend gegenüberstand, ist wohl vorüber.
1510 1557 2340 1608 Das hat die Feier zum 50. Geburtsfeste dieses
1509 1603 2347 1655 Wiener Frauenlobs erwiesen: allseirs fast
314 1585 1423 1708 vom: JORUN :822 Nammer Rauesta Nachriehies.
1491 1640 2349 1696 brachte man dem Dichter die ihm gebühren¬
1506 1676 2331 1735 den Ehren entgegen. Auch jene Kreise, die
410 1695 1212 1760 Arthur Schnitzlers gelammelte Werke.
1503 1705 2336 1760 sich lange nicht mit Schnitzler befreunden
288 1731 1414 1801 Man mag über Akthur Schnitzler denken, wie man will; über
1503 1762 2330 1809 wollten, sinl heute darin einig, daß hier eine
209 1774 1403 1841 ihn hinweg kann man im modernen Literaturleben nicht; zu ver¬
1495 1792 2334 1849 große poetische Begabung am Werke ist. Im
219 1832 1401 1876 neinen ist sein Werk nicht; er bildet entschieden einen mehr oder
1492 1836 2340 1880 wesentlichen hat sich der Dichter des Anatol
222 1862 1396 1914 weniger eingeschätzten Faktor in der Gegenwartskultur, gewiß nur
1504 1873 2345 1910 nicht gewandelt, aber seine Kunst und sein
228 1904 1398 1938 einen unter so vielen, aber doch bedeutend genug, daß man ihn
1502 1901 2340 1963 Kunstvermögen sind ernster, reifer, stiller,
227 1938 1413 2000 stets in Erwagung ziehen muß. Schon in dieser Hinsicht war eine
1501 1949 2334 2005 nachdenklicher, weisheitsvoller, sinnbildlicher
221 1974 1407 2020 Gesamtausgabe der Werke des Wieners vollberechtigt; dann
1490 1985 2328 2030 geworden. Rein erklingt jetzt seine farben¬
215 2023 1401 2067 aber auch rein menschlich, daß ein erfolgreicher Bühnen= und
1505 2023 2334 2070 satte Sprache, eine Sprache, der wohl nicht
220 2053 1399 2108 Buchautor an seinem fünfzigsten Geburtstage den Wunsch hat, sein
1493 2066 2331 2117 vieles innerhalb des deutschen Schrifttums
223 2095 1394 2141 Schaffen vorläufig in einer gleichen Anzahl von Bänden zu ver¬
1497 2099 2329 2161 an die Seite zu setzen ist. Nun liegt in sieben
215 2133 1394 2175 einen wird man begreiflich finden. So kann man denn die buch¬
1499 2140 2323 2194 schwerch, inhaltlich reichen und äußerlich
224 2171 1394 2218 künstlerisch sehr feine Arbeit des Berliner Verlages S. Fischer
1492 2169 2330 2217 gediegenen und geschmackvollen Bänden das
215 2202 1394 2255 willkommen heißen. Sie scheidet sich in zwei Abteilungen: die
1482 2205 2328 2259 Gesamtwerk des Wiener Dichters vor, der
218 2246 1398 2303 erste bringt in drei Bänden „die erzählenden Schriften“.
1491 2245 2327 2297 freilich mit diesen Erzählungen und Dramen
213 2280 1392 2329 die zweite in vier Bänden „die Theaterstücke“, jede einzeln
1492 2294 2324 2332 noch lange nicht sein letztes Wort gesprochen
216 2315 1398 2370 käuflich (jene gebd. 10 M., diese gebd. 12 M.). Wenn man den
1482 2328 2332 2378 haben wird und, wenn auch geläutert und
222 2361 1398 2414 Namen Arthur Schnitzler hört, so steigt das Jungwienertum vor
1489 2356 2327 2429 mit stillerer Gebärde, uns noch manches aus
214 2401 1396 2440 uns auf: ein wenig blasiert und weltmude, ein wenig jüdisch geist¬
1488 2391 2317 2447 dem Schatze seiner vielbewegten Phantasie
212 2442 1390 2495 reich, aber auch bildungsvoll und geistvoll, ein wenig ironisch und
1488 2448 2328 2501 zu schenken berufen ist. Hier im einzelnen
214 2477 1387 2521 doch auch sentimental, ein wenig frivol und doch auch gesund
1482 2472 2326 2536 auf die Entwicklung des Mannes und des
1493 2514 2319 2567 Werkes einzugehen, würde zu weit führen.
219 2509 1398 2574 erotisch, kurz zumeist „ein wenig“, ein Schwanken und Wandeln
1490 2552 2319 2612 Aber vom „Anatol' und der ersten Erzäh¬
220 2551 1385 2594 im Halben, das dem Manne, der nach Taten sucht, zuviel werden
1495 2587 2321 2643 lung „Sterben'’ bis zur jüngsten, in einem
207 2592 1383 2634 kann. Aber es gibt uns Stimmung, es gibt uns wahre Ver¬
210 2626 1386 2686 träumtheit, die uns unser Seelenleben empfinden läßt und die
1490 2630 2319 2674 besonderen Bande vorliegenden Novellen¬
1483 2675 2316 2723 sammlung „Masken und Wunder' ist ein
209 2661 1388 2713 wirklich nichts schadet, wenn man ihr zwischen den hetzenden,
1485 2711 2326 2762 weiter Weg, wenn auch Schnitzler, wie bereits
208 2700 1381 2750 hastenden Arbeitsstunden einmal ein paar Minuten einräumt. Es
220 2743 1383 2803 liegt ein Halbdunkel und doch ein innerliches Wachsein darin, jenes
1486 2736 2318 2808 betont, sich nicht kreuz und quer, sondern
1480 2787 2312 2828 immer auf ein und derselben Linie bewegte.
217 2781 1386 2838 Weibliche, das zur behaglichsten Plauderei, zum leisen, zarten und
1489 2815 2308 2885 Anfänglich kühn und herausfordernd aus¬
212 2813 1380 2877 verständnisinnigen Dialog führt und zu einer gewissen Eleganz,
1483 2863 2312 2921 schreitend, ist aber jetzt sein Schritt ruhiger,
209 2858 1380 2905 die übertrieben zur Manier werden kann. Man sieht schon, dieses
211 2895 1381 2945 Jungwienertum hat an allen Ecken und Winkeln seine Gefahren
1472 2896 2313 2953 gefestigter geworden. Immer noch geht er
210 2935 1385 2981 des Ausgleitens und Fallens, aber Schnitzler hat diese Gefahren
1485 2938 2319 2979 dem schier unerschöpflichen Liebesproblem
203 2972 791 3022 besiegt, vermieden, umgangen.
1476 2982 2310 3033 nach, immer noch walten jene nachdenklichen
791 2972 1384 3033 Oft mit einer virtuosenhaften
1483 3008 2308 3063 melancholischen Seelenstimmungen vor, die
210 3014 1383 3068 Sicherheit, mit einer skeptischen Gewagtheit, doch aber immer zu
1483 3061 2312 3106 uns an Schnitzler so vertraut geworden sind.
205 3048 1378 3100 einer gewissen ästhetischen Freude. Und Schnitzler hat einmal so¬
1481 3091 2316 3149 In den „Masken und Wundern'’ gab uns der
207 3095 1387 3137 gar sich zu besonderer Größe und Kraft aufgeschwungen, in seinem
1482 3132 2314 3173 nunmehr Fünfzigjährige wohl sein reifstes
212 3131 1391 3165 bisher einzigen Romane „Der Weg ins Freie“ (1908), der das
202 3169 1384 3213 Buch über das Judenproblem der Gegenwart von einem Juden
1485 3162 2316 3223 Werk. In der von tiefer Symbolie erfüllten
211 3206 1382 3246 ist; wer sich tiefer und vor allem auch psychologisch damit ausein¬
1478 3198 2320 3260 Eingangsnovelle dieses Bandes, der „Hirten¬
197 3238 1381 3307 andersetzen will, darf an diesem grundvornehmen und dabei
201 3286 1395 3328 dichterisch schönen Werke nicht vorübergehen, in dem eine scharfe,
209 3322 1388 3364 sichere Beobachtung und deren außerordentlich klare Wiedergabe
203 3360 1387 3397 steckt. Im übrigen aber wollen wir hier nicht auf die einzelnen Werke
211 3395 1377 3450 des Dichters eingehen. Wer sie nicht kennt, der lese sie erst, ehe
191 3439 1379 3496 er Urteile darüber in sich aufnehme, und wer sie kennt, weiß Be¬
177 3516 1351 3587 scheid, liebt diese, lehnt jene ab, genießt die Grazie und die Weh¬
179 3551 1360 3619 mut, die melancholisch=versonnene Heiterkeit und die spielerische
190 3594 1355 3657 Lebensüberwindung, kurz, die ganze Atmosphäre einer hochge¬
189 3629 1363 3704 steigerten Kultur. Für uns Norddeutsche steckt aber noch etwas
186 3672 1358 3729 anderes im Werke Schnitzlers: das ist Wien, so spezifisch Wien,
189 3702 1363 3770 daß diese Kunst nur dort gedeihen konn, überall anders aber am
195 3743 1354 3819 falschen Platze ist. So ist der Gewinn aus dem Werke Schnitzlers
181 3790 1351 3840 ein vielfacher und dabei nicht der letzte, daß wir in diesem Dichter
187 3818 1362 3880 uns gewiß einen Freund gewinnen können, da er die Vorbedin¬
181 3853 1351 3941 gung aller Freundschaft immer und immer wieder beweist: seelisches
898 3902 1326 3967 Hanns Martin Elster.“
199 3913 420 3982 Verständnis.
2373 580 3214 642 Hôte“, erhebt sich die Kunst und die Sprache
2378 619 3197 678 Schnitzlers zu ganz besonderer Höhe. Das
2369 661 3205 706 reiche Schaffen und die Entwicklung des
2371 698 3200 746 Dichters zeigt wohl am besten die Anfüh¬
2379 742 3205 785 rung des Inhaltes der erzählenden Schriften,
2373 784 3204 815 die hier zu diesem Zwecke gegeben sei:
2367 819 3205 852 I. Band: Sterben. Blumen. Ein Abschied. Die
2367 860 3204 904 Frau des Weisen. Der Ehrentag. Die Toten
2362 895 3204 947 schweigen. Andreas Thameyers letzter Brief.
2374 923 3202 989 Der blinde Geronimo und sein Bruder. Leut¬
2371 971 3190 1021 nant Gustl. Die griechische Tänzerin. II. Band:
2374 1000 3199 1058 Frau Berta Garlan. Das Schicksal des Frei¬
2373 1041 3197 1092 herrn von Leisenbohg. Die Fremde. Die
2365 1078 3199 1137 Weissagung. Das neue Lied. Der Tod des
2354 1119 3188 1169 Junggesellen. Der tote Gabriel. Das Tage¬
2355 1152 3191 1216 buch der Redegonda. Der Mörder. Die drei¬
2358 1193 3187 1247 fache Warnung. Die Hirtenflôte. III. Band:
2354 1235 3188 1285 Der Weg ins Freie. — Dazu noch die vier
2358 1269 3199 1320 Bände Theaterstücke vom Anatol bis zum
2359 1303 3187 1362 Medardus: wahrlich eine volle, gesegnete
2356 1349 3199 1417 Ernte, die jetzt schon der Fünfzigjährige
2362 1380 2588 1436 heimbringt.
2815 4098 2969 4168 n
