3436 4352
626 129 909 188 och komedi.
654 178 1415 229 Löstnant Gustl är en enda läng mo¬
605 221 1415 284 nolog pä 71 trycksidor, nedskrifven
614 267 1425 337 eller snarare genomlefvad pä fem
607 313 1024 378 julidagar i Wien.
652 366 1421 425 Löjtnanten har bevistat en kon¬
612 387 1428 470 sert. Musiken tröttar och träkar
610 459 1419 520 ut honom. Han granskar pu¬
618 500 1421 553 bliken, försjunker i tankar, förir¬
621 546 1413 606 rar sig in pä sina hvardagsförhällan¬
616 595 1415 657 den, familjen, kvinnorna, tjänsten.
609 648 1418 698 Det är ett myller af skenbart nyck¬
620 688 1430 749 fulla, helt disparata stämningar, hos
613 741 1419 799 hvilka dien skicklige diagnostikern ge¬
607 789 1427 835 näst anar ett sammanhang. Och det
606 825 1427 883 blir än mera fallet, da logtnanten fär
615 876 1421 934 en tillrättavisning af en bagare, som
607 923 1427 976 hindrar den otälige att efter konserten
622 971 1295 1040 hastigt nog fä sina ytterplagg.
660 1017 1434 1067 Enligt de militara bederslagarna
620 1059 1421 1121 skulie den sä grymt förolämpade aftvä
619 1105 1420 1184 skymfen i blod. Men bagaren kan han
617 1154 1415 1221 1ej utmana. Och hvad aterstär! Själf¬
622 1210 764 1261 mord.
670 1247 1424 1313 Det är en af sina egna och sitt
597 1295 1419 1358 ständs fordomar dodsdomd människas
611 1340 1435 1412 starkt komplicerade, ät tusen och ett
609 1390 1425 1447 skilda häll svälvande tankar, känslor,
609 1425 1437 1488 förnimmelser, som monologen troget
612 1481 1423 1546 och tydligt, med en skärpa, som öfver¬
626 1530 1428 1589 raskar och slär oss, afspeglar och af¬
613 1572 1423 1653 slöjar. Det är intryck, klara och sud¬
629 1618 1421 1681 diga, blixtlikt belysande ett själstill¬
615 1659 1428 1751 ständ, i hvilket döden hotande skräm¬
616 1712 1435 1772 mer, men i hvars tröstlöst öfvergifna
615 1757 1428 1825 bitterhet smä rosiga skyar af själf
627 1808 1427 1860 ironi och bagateller af den ömkliga¬
624 1854 1429 1919 ste hvardagsprosa spränga sorgespelets
612 1904 1431 1959 patos. Och med ett leende hälsar
625 1945 1427 2018 man löjtnantens räddning, dä han
625 1996 1242 2063 fär veta att bagaren aflidit.
660 2048 1440 2118 De döda tiga ür historien om on ung
611 2089 1423 2144 fru och hennes älskarc, som kuska om¬
611 2134 1427 2204 kring i en äkardroska. Slutligen väl¬
826 2171 1440 2250 langsvägen, vid en bro ett
889 2223 1433 2296 ien. Aterväckt till med¬
803 2276 1437 2328 soker hon en smula skadad
713 2311 1447 2397 reskamraten. Han är död, med
618 2374 1423 2437 ett krössär i hufvudet. Och nu bör¬
621 2423 883 2484 jar krisen.
666 2441 1443 2527 Ensam med kusken i kolmörkret
625 2507 1430 2577 skickar hon denne efter hjälp. Och
625 2546 1429 2625 medan hon sitter med den älskades
614 2602 1425 2665 hufvud i sitt knä, börjar hon tänka.
619 2652 1440 2706 Rädslan för upptäckten kommer öfver
615 2691 1429 2784 henne, och det sä, att hon glömmande
633 2732 1438 2799 allt flyende ätervänder hem. Och en
630 2798 1431 2846 briljant själsmälning följer af hennes
624 2834 1441 2902 orediga, men trots virrigheten strängt
632 2879 1446 2954 naturliga funderingar, — sensationer,
631 2925 1448 2998 där skrämseln för att öfverraskas pä
638 2976 1449 3036 bar gärning af mannen kämpar om
646 3020 1449 3096 väldet med hennes gränslösa smärta
635 3070 1218 3135 öfver den förlust, hon lidit.
675 3094 1450 3176 Hvad hon nu genomgär är tragiskt
678 3163 1435 3222 och dock blir hon mer och mer in¬
638 3191 1443 3263 vecklad i en farsartad brottning mel¬
642 3251 1438 3308 lan det sublima och det oändligt kutti¬
641 3280 1449 3364 ga inom henne. Och när hon sä räd¬
633 3344 1444 3408 dad hvilar ut i hemmet med sin lilla
639 3383 1448 3469 gosse och sin intet ondt anande man,
640 3444 1431 3507 förräder hon sig själf. Det är en tan¬
633 3476 1441 3559 keöfverföring till hvilken hon tvingas,
635 3527 1443 3605 ofrivilligt och äfven omedvetet, af sin
638 3581 1150 3646 intensiva själskonflikt.
685 3622 1443 3691 Mellanberättelsen, Friherre von Zei¬
621 3664 1445 3730 senboghs öde, är mindre märklig. Den
626 3735 1451 3812 ger oss ett mord genom hypnos. Ock¬
642 3795 1267 3870 sä den har moment af vände.
679 3842 1453 3903 Hvilken romantik i allt detta! Men
646 3889 1457 3971 inte den gamla, utan den nya — ett,
641 3928 1456 4008 kan man säga, kuriöst experiment af
639 3982 1450 4052 den modernt förfinade nervmänni¬
656 4027 1339 4110 skan att bearbeta äldre diktstoff.
1247 4082 1418 4154 N. E.
2207 1239 2628 1331 Vertretungen
1873 1314 2944 1391 in Berlin, Budapest, Chicago, Christiania, Genf, Kopen¬
1868 1356 2939 1442 hagen, London, Madrid, Mailand, Minneapolis, New-York,
1912 1401 2903 1477 Paris, Rom, San Francisco, Stockholm, St. Petersburg.
2200 1442 2613 1490 (Quallenangabe ehne Gowähr).
1857 1477 2921 1562 Ausschnitt aus: Tägliche Rundechau, Berlin
2072 1570 2236 1623 7 7
2094 1581 2361 1649 B 972
1879 1596 1986 1649 vom:
1869 1629 2081 1698 —
2094 1791 2670 1891 Vom Büchertisch.
2101 1893 2629 1970 „Gesammelte Wlerke“.
1862 1950 2967 2035 Es un keinesfalls die Absicht dieser folgenden kurzen Be¬
1771 2004 2966 2067 merkungen sein, irgendwie auf mehr als Aeußeres und Aeußer¬
1775 2040 2973 2135 liches einzugehen in Hindeutungen, die den besonderen Wert
1770 2068 2899 2155 der einzelnen Ausgaben und ihre Fehler nur leicht streifen.
1856 2130 2991 2209 Das bibliographische Institut in Leipzig und Wien hat in
1770 2172 2973 2243 die Reihe seiner bekannten Klassiker=Ausgaben „Byrons
1777 2214 2967 2291 Werte“ in einer neuen Ausgabe eingestellt. Die vorbildliche
3053 2218 3224 2296 Es ist
1763 2263 2969 2338 Byron=Ausgabe ist damit nicht gegeben, an der wird noch lange
2979 2271 3312 2346 setzung keinesweg
1771 2307 2973 2365 tbesonders in der Uebersetzung) zu arbeiten sein, aberscme
2978 2330 3387 2389 seinen Schlegel und se
1757 2346 2972 2417 tüchtige, ernsthafte Ausgabe hat Friedrich Brie herausgebracht.
2978 2373 3403 2439 Ausgabe des Bibliogr#
1765 2384 2918 2470 Die Einleitung führt in das Verständnis Byrons ausreicher
3056 2413 3384 2480 Bald nach dem
1765 2437 2956 2519 und gut ein und hält den selten gegangenen Mittelweg zwischen
2973 2453 3389 2531 Serie seiner Werl¬
1768 2477 2957 2562 Bewunderung und Kritik. Byrons menschliche Schwachen
2967 2506 3373 2564 Erzählungen.
1763 2516 2876 2604 kommen ebenso zur Geltung wie die Gründe, die zu ih
2965 2549 3383 2615 sche Gut Schnitzlers bi
1769 2563 2919 2644 führten, und die sie, wenn man will, entschuldigen. Daß d
2968 2589 3389 2659 gefügt worden. Befr
1758 2607 2961 2671 philologische Arbeit besser an dieser Ausgabe ist als die Ueber¬
2970 2636 3382 2694 wählt hat, und manch
1754 2650 2964 2739 setzung (an der sieben Nomen beteiligt sind) wurde schon gesagtz
2971 2679 3386 2741 kannte man kaum wi
1760 2699 2951 2767 doch ist manches auch gut nachgebildet. Bei den Gedichten aller¬
2965 2729 3387 2787 freilich sein, daß dies
1747 2743 2958 2820 dings seien zwei Proben nebeneinander gestellt, die ersten
2967 2766 3379 2828 an den Jahren, die
1760 2783 2954 2880 Strophen des berühmten Gedichtes „Lebe wohl“ in der Ueber¬
2956 2807 3383 2871 bittersüße Luft zuerst
1746 2817 2261 2895 setzung von Stadelmann:
2963 2852 3392 2918 merken bei dieser Ausg
2058 2870 2695 2962 Lebe wohl, und wenn für immer,
2961 2895 3387 2956 tales Stück darstellen
2049 2918 2562 2985 Ja für immer, lebe wohl!
2958 2939 3404 3010 mäßigkeit für Schnitzl
2048 2961 2636 3018 Ob du nie vergibst, doch nimmer
2960 2980 3395 3046 Sauberkeit. In den un
2411 3008 2442 3038 11
2051 2994 2630 3073 Hegt mein Herze burren Groll.
2961 3030 3381 3089 Werke stehen stets Inh
2047 3042 2613 3122 Wäre dir die Brust erschlossen,
2963 3073 3386 3133 Wie es bei anderen B
2056 3093 2620 3157 Wo dein Haupt so oft geruht,
2953 3109 3394 3180 die Erzählungen Schni
2054 3129 2745 3195 Wenn dich Schlummer sanft umflossen,
2955 3152 3398 3228 hier im Zusammenham
2049 3169 2621 3243 Wie er's jetzt dir nimmer tut;
2945 3200 3389 3265 keine Veranlassung de
2044 3232 2713 3307 Wär' mein Herz mit seinem Lieben,
2955 3241 3392 3306 lers Theaterwerk, das
2050 3257 2538 3329 Seinem Sehnen offen dir,
2943 3280 3389 3354 dieser kurzen Vorstelln
2051 3310 2627 3386 Würdest sehn du mit Betrüben,
2941 3329 3350 3397 kennzeichnet werden.
2039 3335 2593 3406 Wie du unrecht tatst an mir!
2943 3380 3377 3437 fühlt man, daß jedes 1
1826 3388 2926 3478 Und die gleichen Zeilen in der Uebersetzung von Heinrich
2940 3415 3387 3480 sich schließt und ein „A
1737 3429 2859 3515 Heine (Heines Werke. Bibliogr. Institut. 2. Band, 232.):
2944 3472 3398 3528 raden Sätzen zu machen
2029 3489 2628 3556 Lebe wohl, und sei's auf immer!
3014 3505 3393 3573 Von den köstlichen.
2018 3546 2600 3603 Sei's auf immer, lebe wohl!
2928 3557 3395 3642 Zeit erschienen: Theoh
