3436 4352
1387 219 1834 304 box 35/9
241 214 1230 317 7 Gesämnelte Nerke
425 1342 1562 1404 Bindungen, Reizungen und Wechselwirkungen des sich
1581 1355 2708 1407 einzig geartetes, einmaliges niemals gewesenes und niemals
2711 1359 3405 1425 lebtestes gilt uns nun jenes selt
426 1389 1563 1455 formenden Kulturstoffes einsetzt, um sodann die
1580 1399 2119 1464 wiederkehrendes Ereignis.
2725 1407 3401 1461 Geständnis der „Esclave"*) betitel
412 1428 1566 1512 physiologische Anpassung des Menschen an diese
2833 1461 3400 1517 Die Exotik des südamerik
1681 1447 2699 1533 „Es steht fest, daß sich das Reich der Seele täglich
417 1471 1556 1552 veränderten Bedingungen daraus zu entwickeln. Um
2723 1490 3396 1559 wird uns nicht durch Schilderung
1567 1520 2704 1573 mehr erweitert", sagt Macterlinck. Oder ist es nur eine
416 1517 1556 1607 endlich in der alles zusammenfassenden Einheit des Pfad¬
2730 1557 3395 1621 Sitten panoramaartig zum Bewuß
1575 1553 2708 1623 unentlich sich verfeinernde Intuition, die früher Une¬
413 1586 1552 1636 finders zu gipfeln, des Dichters der „As prophecy of
2729 1593 3401 1664 sich aus den Gesten, aus dem R
1579 1607 2698 1658 kennbares nun wahrnimmt, deutet, aus dem Dunkel hebt,
413 1628 1557 1677 the neset age“ unter den Zeitgenossen wandelt. Stil
2729 1640 3408 1707 welche einem anderen Klima, ande
1581 1651 2700 1719 und so, was immer war, erst durch Erkennen zum Leben
422 1679 1553 1740 heißt hier wohl das scharfe Festhalten, das Herausschleifen
2723 1689 3404 1760 worfen sind. Seelenaffekte wurze
1571 1702 2706 1767 bringt? Sind wir nicht reicher geworden, sondern nur
425 1730 1553 1799 eines Gedankenbildes aus dem vielverschlungenen Hinter¬
2724 1736 3403 1811 Mutter Erde, daß sie gleichsam
1566 1761 2701 1818 wissender? Und wird dies Wissen um uns entdeckte
423 1778 1558 1838 grund enzyklopädistisch aufgehäuften Materials. Denn
2725 1778 3397 1853 eng verschwistert mit dem animale
1573 1801 2699 1864 Seelenkräfte wirklich ins Leben dienend führen? Wird
422 1825 1555 1888 durch Anhäufung, nicht durch Eliminieren gelangt
2728 1827 3395 1901 rausch alles Blühens. Eine Frau
1569 1840 2698 1909 aus dem psycho=physiologischen Menschenproblem, welches
419 1870 1556 1935 Friedell zur Vereinfachung, zur Synthese. Alle Abweichung,
2716 1875 3388 1942 des Geschehens. Eine Kreolin,
1565 1898 2703 1961 dieser Zeit sich entrungen hat, die monumentale Form
429 1928 1550 1983 jeder Umweg dient nur kunstvoll dem einen schimmernden
2720 1918 3393 1986 Wirbel kämpfender Strömungen i
1569 1941 2697 2007 des heldischen Menschen neu erstehen? Des Menschen,
416 1959 1384 2044 Leitgedanken des Werkes: Selbst Tod ist Leben.
2718 1975 3397 2030 Sie ist leidenschaftlich und doch z#
1568 2002 2689 2060 der zu neuen, wunderbaren Abenteuern sich und die Welt
2717 2021 3405 2078 doch keusch; bald von tropischer Lä
1574 2046 2700 2105 um sich wieder erwacht glaubt, und kühn genug sich
2724 2068 3343 2135 tueller Spannkraft beherrscht.
1590 2089 2326 2148 fühlt, „mit dem Leben zu dichten“.?
2731 2111 3384 2176 organisch gewachsener Wirklichkeit. C
536 2115 1570 2199 Auch die Herausgabe der gesammelten Werke
1684 2127 2694 2195 Traurig gibt hier eine Frau düster verneinende
2715 2156 3405 2225 besessen, verlassen. Vier Jahre sind
421 2167 1561 2234 Artur Schnitzlers*) ist eine Maiblüte. Sie zer¬
1566 2182 2696 2255 Antwort. Keine zeitbegrenzte, keine auf die jetzige Ent¬
2723 2209 3391 2271 Schmerz, die schreiende Sehnsucht
414 2231 1553 2292 fällt in zwei Abteilungen. Drei Bände sind den erzählen¬
1572 2241 2707 2303 wicklungsstufe beschränkte Antwort. Es ist eine ihr ewig
2727 2249 3397 2315 Eine edle, beinahe heilige Sehnsuch
418 2277 1553 2342 den, vier Bände den dramatischen Werken gewidmet. Vor¬
1567 2284 2709 2346 und unauslöschlich mit dem Menschentum verbundene
2715 2307 3369 2365 wie eine zweite Jungfrauschaft
430 2340 1563 2389 säufig ist nur die erste Abteilung erschienen, zwei Novellen¬
1577 2332 2695 2400 trostlose Erkenntnis, die sie in einem Liebesschicksal sym¬
2723 2350 3350 2412 Die zarte, junge Liebe eines
433 2377 1498 2452 bände und der große Roman „Der Weg ins Freie“
1579 2378 2703 2432 bolisiert. Der Hoffnung der befreiten, der willens¬
2717 2394 3383 2467 erwidert, aber dankbar als erst
1585 2427 2701 2479 lenkenden Seele bringt sie wild leidenschaftliche Ver¬
534 2431 1560 2502 Die werdenden Menschen, von welchen Friedell uns
2714 2438 3398 2512 nesenden in sich schließt, rankt em
1570 2473 2700 2544 neinung. Niemals wird der Mensch Bestimmer seines
423 2497 1557 2547 Zeichen zusammengetragen hat, regen sich allenthalben in
2714 2483 3390 2561 der sie geliebt, besessen, verlassen
1577 2530 2700 2611 Selbstwerdens können; niemals war er es. Sklaven sind
422 2539 1553 2588 den verschleierten Gemälden, die Schnitzler aufleben läßt.
2731 2537 3393 2599 Gedanken an diejenige, die er,
1567 2578 2223 2644 wir; Sklaven werden wir sein.
2727 2591 3395 2652 einmal als sein tägliches Raubrech
429 2588 1564 2645 Carrière hat seine Menschheit aus solchen Nebelhüllen auf¬
1689 2605 2705 2675 Gerard d'Honville ist das Pseudonym, welches sich
2725 2632 3395 2693 er ihr begegnet und in ihrem We
418 2637 1560 2680 tauchen lassen. Aus verschwimmendem Hintergrund ein
1569 2667 2703 2741 die Gattin des berühmten französischen Lytikers Henti
2724 2685 3396 2738 Vergessen erspäht, die Rückkehr in
418 2676 1561 2755 seltsames Lächeln gelockt; einen verschwiegenen Mund,
1582 2725 2703 2782 de Regnier gewählt hat, seitdem sie die Feder führt. Sie
422 2713 1564 2789 ein brennendes oder erlöschendes Auge. Er hat mit dem
2722 2731 3399 2791 wieder erlangte Gewalt über einen
1584 2764 2695 2830 hätte nicht nötig gehabt, ihr Frauentum zu verbergen.
2719 2770 3380 2841 gewesen, und das keimende Neig
414 2780 1557 2833 Pinsel solche Seelennot, solche Sehnsucht, solche Angst
1575 2806 2697 2871 Denn gerade ihre Art ist dem geläufigen Typus der
2851 2816 3392 2885 die vielleicht ihr als entfüh
416 2826 1566 2872 und solch ahnungsvolles Erleben hervorgezaubert, immer
1585 2858 2699 2909 „Romanschriftstellerin“, so entgegen, daß sie der Masken¬
2725 2867 3396 2930 erst da weiß er wieder, was war.
424 2875 1565 2920 geheimnisvoll ein Letztes verweigernd. Das ist auch das
1583 2914 2696 2964 hilfe entbehren konnte. Konzentrierte Kraft der Gedanken
2722 2909 3393 2994 Frau, die aus seinem Bann gelös
429 2930 1564 2980 Lebendige, uns so Nahe an diesen erzählenden Geständ¬
1579 2955 2691 3012 und der Schilderung, Plastik der Gestaltung und die Kunst,
2725 2957 3370 3024 erscheint, wird ihm zum „Muß“
419 2969 1555 3030 nissen Schnitzlers. Es ist dieses „um uns wissen wollen“, das
1570 2996 2699 3051 Milien, Stimmung durch einen nur leisen und penetranten
2729 2991 3383 3076 Stück Seelenbesitz, welches die Fr
422 3017 1564 3074 als ein Anfang gelten muß. Oder vielmehr schon weitab
1573 3045 2692 3097 Duft sinnlich zu färben, dies sind schöpferische Eigen¬
2721 3056 3395 3125 errungen hat, gibt die dramatisch
441 3071 1559 3124 von jenem Anfang steht, der als Naturalismus brutal
1575 3096 2701 3148 schaften, deren Wert jenseits von männlich und weiblich
2731 3101 3396 3180 Anschleichen zuerst und Verjagtn
431 3111 1555 3164 gegen die versumpfte Lebenslüge zuerst Front machte.
1573 3136 2702 3180 liegt. Und wenn vor wenigen Wochen anläßlich der in
2720 3148 3384 3218 und Fliehen. Und schon hat der
426 3161 1556 3222 Wenn die „objektiven" Feststellungen alle Wesenserscheinung
1570 3185 2708 3243 der Akademie Française vorgenommenen Wahlen Gerard
2733 3186 3394 3265 sprung. Er nistet wieder, wie ein
428 3207 1559 3260 in Steckbriefe verwandelten, so wurde nur eines damit
1582 3232 2703 3277 d'Honvilles Name als Forderung von Vielen ausge¬
2721 3241 3397 3312 im stillen Freundeskreise ihres Sall
434 3263 1555 3317 gewonnen: die Methode des Analysierens. Mit diesem
1583 3261 2693 3329 sprochen wurde, so bedeutete dies nicht eine Suffragetten¬
2720 3279 3381 3364 die Fäden der Täglichkeit ihr eng
437 3296 1563 3357 Werkzeug aber gingen Dichter erst daran, Wahrheit zu
1582 3323 2712 3383 frage von prinzipiellem Frauenrechtlertum, sondern es galt
2843 3340 3389 3406 Hier tauchen in markigen
431 3350 1564 3400 schürfen die tiefer nur gefaßt werden konnte. Es ist ein
1577 3370 2697 3433 der rein künstlerischen Wertung jener Kräfte, die im Frank¬
2729 3373 3390 3466 nistischen Strichen die wenigen G
433 3398 1557 3477 Anderes, den Menschen in seiner Zeit zu erkennen als
1578 3419 2695 3467 reich von heute dem Roman und der Novelle ihren ethisch¬
2847 3472 2910 3521 *)
1581 3464 2705 3520 ästhetischen Ausdruck zu geben vermögen. Wenn auch nicht
2909 3458 3336 3538 Gerard d'Honville,
1575 3500 3016 3592 als letztes ihrer Werke, so doch als ihr Reifstes und Er= Levy Editeur.
553 3489 1218 3586 *) S. Fischer, Verlag Berlin, 1912.
