3344 4352
1271 278 1768 395 box 35/9
497 318 631 378 MI
230 316 1158 409 Gesangelte Nerke
1925 843 2236 923 W
2260 920 2336 977 1
1527 952 3362 1057 wach, die wir mit seinen Büchern verbrachten. Menschen, den angriffsmutigen Protestlaut.
713 934 1148 1068 Titeratur.
1521 1006 3333 1099 die er geformt, schreiten leise durch unser Denken wie mehr deutlich, daß just in der (
1114 950 1504 1116 Oeb K
1516 1055 3362 1127 liebe, alte Bekannte, die uns nur zeitweilig entschwanden, Bertha Garlan“ entstand, in Sch
1516 1104 2701 1186 ein feiner Duft von Parfüm, Vorstadtgärten und Ziga¬
403 1097 1489 1207 Die Prosaschriften Arthur Schuitzlers.—
2686 1125 3361 1197 sozialer Kritik, an höhnischem?
1512 1151 2697 1224 retten steigt auf, den dann plötzlich ein kalter Moderhauch
2690 1173 3360 1239 knöcherte Unfreiheit und vererbte
737 1154 1133 1248 Von Ernft Göth.
1511 1193 2696 1281 durchweht, seltsame Rätsel umschweben die Wirklichkeit
2687 1207 3358 1292 war als jemals später. Sein dra
403 1207 1509 1296 Kürzlich ist Arthur Schnitzler in das sechste Jahr¬
1506 1248 2169 1317 unseres Lebens und Liebens
2292 1247 2686 1340 lind und verfüh¬
2686 1277 3360 1338 zu jener Zeit das „Vermächtnis
328 1262 1516 1336 zehnt seines Lebens getreten, und nun erscheint in sieben
1513 1284 2554 1378 rerisch umfängt uns die Welt Arthur Schnitzlers.
2695 1324 3350 1391 vor. Und in den Prosaschrifter
321 1299 1517 1394 starken Bänden eine Auswahl seiner Werke. Sie ent¬
1588 1339 2686 1421 Reizvoll und aufschlußreich ist es nun, in den An¬
2686 1355 3360 1433 Zeugen jener Stimmung eine
317 1366 1521 1450 halten zeitlich geordnet alles Wesentliche seines Schaffens
1514 1377 2696 1477 fängen seiner Prosa den Bestandteilen und Motiven dieser
2699 1392 3346 1481 lang das Tagesgespräch bildete 1
315 1413 1515 1493 von den ersten Anfängen, da er der Welt als ein an¬
1501 1443 2693 1526 Welt nachzugehen, die immer, auch späterhin in den
2691 1445 3362 1526 künstlerischer Ueberschätzung nich
314 1454 1510 1536 mutig mondainer Vermittler kultivierter und wienerischer
1512 1488 2697 1569 dramatischen Werken die gleichen bleiben, wie sehr sie sich
2692 1506 3363 1573 Gustl“. Eine unendlich witzige u
317 1510 1521 1587 Empfindsamkeiten galt, bis zu den letzten Arbeiten, die
1509 1538 2694 1615 dann auch vertiefen und vervielfältigen mögen. Schon in
2688 1531 3321 1627 echtheit strotzende Satire auf
319 1555 1515 1646 man bereits bewußt und dankbar als die dichterischen
1500 1585 2700 1675 den ersten Erzählungen und Novellen, die ihm rasch die
2676 1604 3327 1688 dann auch auf die unwürdige
319 1609 1511 1683 Gaben eines Großen und Allverehrten entgegennahm.
1501 1635 2697 1707 Etikette des Wiener Maupassant aufzwangen, erklingt das
2683 1652 3346 1717 Ehrbegriffes; daneben auch al
323 1654 1507 1740 Gewiß entspringt diese Ausgabe den Wünschen vieler.
1504 1685 2693 1762 große Leitmotiv vom Glanz, von der Schönheit und der
2692 1700 3362 1771 heit gewisser Leutnantshirne. U
309 1700 1505 1788 Dennoch will es uns scheinen, als käme dies rückwärts¬
1511 1735 2696 1817 Flüchtigkeit des Daseins, das unablässig von den finsteren
2693 1750 3352 1828 in Oesterreich, in der „Kaisersta
312 1757 1511 1840 blickende Sammeln und Sichten just bei diesem Dichter
1506 1769 2688 1860 Mächten des Vergehens umlauert wird und dessen herr¬
2696 1796 3348 1867 selbst Offiziersrang hatte. Man
320 1806 1505 1883 noch zu früh, der, mag er gleich fünfzig Jahre alt sein,
1505 1834 2682 1907 lichste Blüten hart am Rande des ewigen Nichts erblühen.
2692 1837 3333 1924 Entrüstungsstürme es damals
317 1855 1505 1936 wohl ein Reifer, doch kein Vollendeter und Abgeschlossener
1507 1884 2688 1960 Dieser Zweiklang von Lebensjubel und Todesschauer tönt
2682 1898 3349 1963 tisch Gesinnten gar nicht erwarte
314 1906 1503 1979 ist, und der uns auch mit seinen letzten Werken immer
1501 1931 2685 2007 schon in seinen ersten Novellen, die stofflich noch in der
2682 1942 3348 2002 ein hochnotpeinliches Verfahren
311 1953 1515 2031 noch die freudige Gewißheit gab, daß seine letzten Ent¬
1494 1975 2690 2056 bürgerlichen Enge des Alltags wurzeln und in denen er
2675 1985 3350 2057 Erwartungen wurden freilich en
316 1998 1513 2077 scheidungen in der Zukunft lägen. Die steil aufstrebende
1503 2026 2691 2104 am liebsten die Probleme illegitimer Erotik behandelt, die
2682 2034 3361 2114 brachte sich das militärärztlich
319 2041 1508 2129 Linie, die den Weg von den witzigen Nachdenklichkeiten
1506 2075 2683 2156 Freuden, die Schmerzen, die Verlogenheiten und die laut¬
2674 2087 3348 2160 Ehre, Schnitzler in seinen Reihe
306 2087 1510 2185 des „Anatols“ bis zu den reinen Höhen des „Einsamen
1501 2124 2693 2200 losen Tragödien geheimer, weil verbotener Liebesbeziehun¬
2679 2136 3361 2217 ist es lustig, zu denken, daß es
309 2143 1506 2233 Weges“ kennzeichnet, zeigt noch nicht die leiseste Neigung
1505 2175 2683 2240 gen. Heute erkennen wir, daß er es war, der all diese
2676 2175 3362 2268 gibt, für die Schnitzler bis zum
319 2192 1511 2270 nach abwärts. Sicherlich werden sich den Bänden der
1508 2202 1664 2283 früher
1696 2228 2684 2291 sentimental verfärbten, frivol belachten
2675 2226 3360 2303 jenige“ ist, der den „Leutnant G
307 2241 1507 2342 heutigen Auswahl andere, vielleicht noch kostbarere zu¬
1498 2263 1759 2331 oder auch
1743 2277 2686 2350 ängstlich gemiedenen Dinge zum ersten
2755 2279 3350 2358 Manchen mag dieser „Leu
316 2291 530 2372 gesellen.
1491 2309 2682 2396 Male ernst, mitfühlend, mit der milden und behutsamen
2673 2314 3362 2406 ungewohnt heftigen Spott als ein
414 2331 1505 2417 Drei dieser Bände, die Prosaschriften, liegen heute vor
1497 2369 2689 2462 Sachlichkeit des Arztes aufdeckte und auf Wunden hinwies,
2674 2377 3337 2460 risch nicht völlig organischer
314 2370 1495 2468 uns. Die dramatischen Arbeiten folgen im Laufe des
1496 2412 2688 2503 die noch immer bluten mußten, weil sie nicht gesehen
2684 2430 3361 2502 Sieht man jedoch näher hin, so
308 2438 1497 2529 Herbstes. Nötig oder begründet war diese Zweiteilung
1493 2467 2677 2549 werden durften. Von den hundert Franzosen, die dem
2672 2470 3362 2549 dieses Leutnantsschicksal ein typis
303 2488 1499 2560 gewiß nicht. Denn alles, was Schnitzler schrieb, entsprang,
1497 2515 2678 2579 einzigen Motiv des Ehebruches ungezählte Bühnenerfolge
2678 2529 3360 2595 darstellt. Ein Schicksal, das in a
306 2537 1499 2619 gleichviel welch äußere Form es annahm, doch stets den
1495 2558 2676 2637 verdanken, hat nicht einer an die tragischen Seelenbezirke
2672 2579 3361 2652 greift und so Zusammenhänge e
308 2591 1504 2664 gleichen Quellen des Schauens und Fühlens, und wie es
1499 2609 2680 2688 gerührt, die Schnitzler in der „Frau des Weisen“, im
2669 2613 3347 2693 irgendwie die unsichtbaren Fäh
312 2640 1504 2715 stets sein dichterisches Bestreben war, niemals Ausschnitte,
1496 2657 2677 2736 „Abschied“ beschreitet. Die dichterische Ruhe, mit der er
2673 2676 3358 2750 denen wir alle aneinander gebun
305 2682 1497 2760 sondern immer Zusammenhänge des Lebens zu geben, so
1498 2711 2675 2787 dies tat, die anmutige Gewähltheit seiner Formen, in der
2676 2713 3353 2795 großer Puppenspieler in Händen
314 2726 1494 2804 schlingt sich auch in der Welt, die er erschuf, ein Band
1489 2751 2670 2836 sich alle Problematik sogleich zum Kunstwerk auflöste, ver¬
2678 2776 3351 2829 Stück spielt, dessen Sinn, Inhalt
300 2773 1495 2851 tiefinnerer Verbundenheit um alle seine Gestalten, und
1490 2799 2671 2887 hüllte lange den aufrührerischen Geist, der in ihm lebte,
2669 2817 3354 2882 kennen. Immer hat Schnitzler M
308 2826 1500 2907 Frau Bertha Garlan ist ebenso eine nahe Verwandte der
1499 2851 2684 2930 maskierte die mutige Kampfstimmung gegen die grausame
2676 2873 3358 2945 unbegreifliches Durcheinand rät
317 2887 1493 2951 Christine aus der „Liebelei“, wie Anatol ein etwas leicht¬
1488 2894 2673 2982 Herzlosigkeit unserer Ehe=, Liebes= und Gesellschaftsmoral
2674 2907 3363 2990 betrachtet immer ließ er das un
307 2932 1503 3024 sinnigerer Wiener Vetter des Renaissancemalers Filippo
1491 2946 2669 3028 ebenso wie den bitteren Zorn, den ihm die geistige und
2675 2964 3353 3031 Mächte als breiten Schlagschatten
305 2975 1240 3051 Loschi aus dem „Schleier der Beatrice“ ist.
1498 2998 2679 3084 leibliche Hörigkeit wertvoller Frauen einflößte. Ein wenig
2669 3012 3347 3095 Erzählens fallen. Allmählich wu
393 3005 1491 3106 Blättert man nun in diesen drei Bänden Schnitzler¬
1495 3042 2672 3120 merkbarer wurde diese Bitterkeit erst in der meisterlichsten
2665 3054 3354 3133 Mystisches, Wunderbares, Uner
304 3050 1500 3159 scher Prosa, so ist man wohl überrascht darüber, wie völlig frisch
1499 3093 2668 3177 seiner größeren Novellen, in „Frau Bertha Garlan“, einem
2672 3105 3342 3178 schilderte Geschehen hineinspielen
304 3133 1496 3206 und unverblichen ihr Inhalt, ihre Gestalten, ihre leichten, doch
1486 3144 2667 3221 Buche, das keine Frau ohne leises Grauen vor diesem
2663 3152 3336 3232 In zwei Novellenbänden weisen
298 3180 1497 3252 dabei oft grüblerisch tiessinnigen Worte noch im Gedächtnis
1491 3190 2676 3270 unheimlich hellseherischen Erkennen letzter, verborgenster
2669 3194 3331 3270 seelen“, „Masken und Wunder“
307 3226 1488 3297 haften. Und nun erst tritt es uns so recht ins Bewußt¬
1485 3242 2669 3319 Weiblichkeiten lesen kann. Niemals bisher fand die Liebes¬
2666 3243 3363 3335 stimmung hin, in der oft köstlich
307 3278 1491 3345 sein, wie lange wir schon mit diesem Dichter verbunden
1492 3293 2665 3350 not reiner Frauen unserer Tage stärkeren dichterischen Aus¬
2659 3302 3360 3376 Ahnungen aufsprossen und die
305 3319 1501 3396 sind, wie sehr er zu uns und unserem geistigen Weltbild
1475 3335 2656 3423 druck, niemals auch wurde die niedrige, verantwortungslose
2665 3345 3343 3432 sich der Dichter allzusehr in ihr
300 3385 1488 3441 gehört, wie vertraut uns seine edle Menschlichkeit, seine
1490 3382 2659 3467 Genußsucht, die der Mann gern „Liebe“ nennt, so hart
2654 3397 3343 3475 hervorrufen mußten. Doch auch
298 3420 1486 3498 melancholische Ironie, seine unpathetische Ueberlegenheit,
1493 3431 2659 3514 und eindringlich jener edlen Beglückungssehnsucht gegen¬
2651 3451 3360 3521 zwingende Reiz der Sprache, in
298 3462 1486 3552 sein weltkundige Weisheit, wie wertvoll uns der weiche,
1489 3481 2667 3562 übergestellt, die das gleiche Wort der Frau bedeutet. Frei¬
2655 3485 3363 3565 schrieben waren. Hier war nun S
301 3511 1493 3579 mondamne Zauber seines Wesens ist. Erinnerungen an
1491 3532 2657 3612 lich dämpft auch hier der gepflegte Ton der Darstellung,
2651 3557 3351 3610 Er, der bisher jedem Pathos, jede
297 3567 3362 3689 viele dev besten Stunden unserer letzten Jahre werden die weltmännische Distanz, die überall eingehalten wird,licher Behutsamkeit ausgewichen w
