3344 4320
171 203 242 286 7.
1261 186 1753 298 box 35/9
256 202 1141 316 Gesamnelte Nerke
1876 1362 3008 1454 große atemholende Stille als Pause zwischen Erlebten
162 1350 527 1444 umer aus der Wi
953 1329 1639 1511 Sunst und Znitur.
1637 1384 1813 1507 20
1892 1416 2473 1502 und Kommenden sich breitet.
173 1426 509 1493 die ehemalige 6
2585 1450 2991 1542 — — — — ——
164 1468 530 1540 erregen; verheirate
718 1488 1417 1589 S0 Bücher.
168 1521 536 1604 gern des Selbstmi
1990 1529 3012 1592 So ist im Frühjahr ein Buch erschienen, das trotz
828 1524 1865 1630 Also Unzeitgemäßes. Eigentlich eine journalistische
170 1572 295 1629 den.“
1882 1575 3014 1652 seiner einbändigen Knoppheit uns neues Gedankenmaterial
732 1601 1866 1665 Taktlosigkeit. Bücherbesprechungen, in den Tagen, die den
172 1596 539 1684 rafen freilich dunk
1886 1622 3014 1698 in Fülle bringt. Ein Buch, dessen philosophisches Problem
736 1647 1868 1719 Reisefeuilletons eingeräumt sind. In diesen Nachsommer¬
185 1658 539 1727 d geworden? Le
1882 1665 3023 1749 nichts Geringerem gilt, als der Zusammenfassung des
721 1697 1868 1766 tagen, welche jedem halbwegs literaturfähigen Journalisten
171 1707 533 1775 eimen und mit C
1891 1718 3024 1795 Menschentypus der anbrechenden Zeit und des Dichter¬
734 1750 1873 1822 die Verpflichtung auferlegen, seine Ferienerlebnisse dem
201 1753 523 1821 ihm nicht gelm
1889 1765 3019 1833 typus, der diese Zeit antizipierend, sie in seinem Wesen,
725 1799 1870 1859 P. T. Leserkreis mitzuteilen. Neckisch, lyrisch oder didak¬
191 1802 511 1874 mier nach der K
1885 1822 3026 1882 in seinem Werk synthetisiert. Indem er „ein Mensch ist,
730 1848 1875 1906 tisch. Sei es als snobistischer Globeirotter, der nach exo¬
187 1848 489 1913 rückgezogen he
1891 1866 3022 1933 den es noch nicht gibt“. — Ein Buch ganz außer der
734 1881 1876 1963 tischen Primeurs gefahndek hat, sei es als gemütvoller
253 1891 472 1959 unbekannt
1895 1920 3016 1990 Art. Weil es ungemein komplizierte Dinge in einfache
739 1931 1869 2009 Heimnestling, der immer wieder seiner Scholle Reize neu
230 1940 462 2014 stahl, der si
1900 1960 3026 2036 Lösungen bringt; weil es obwohl von wissenschaftlichen
736 1977 1878 2038 entdeckt. Bücherbesprechungen beginnen erst ab Dezember
230 1981 483 2064 en Aufenthe
1894 2002 3019 2073 Erkenntnissen saturiert, dennoch keine wissenschaftlichen
741 2021 1876 2091 für die Zeitung das zu bedeuten, was für die Gurkenzeit
1893 2066 3025 2116 Dogmen verkündet, weil es vernünftig und trotzdem ab¬
300 2054 462 2133 eliebte
740 2068 1876 2145 die Naturplauderei sein soll. Die Aktualität des Kalender¬
1892 2108 3018 2176 sonderlich ist, weil es mit rationeller Objektivität
324 2122 474 2182 Chevi.
741 2109 1878 2188 menüs. Und daran sollte freilich nicht gerührt werden.
1905 2142 3019 2215 Zustände analysiert die zu idealistischen Synthesen
747 2165 1885 2230 Denn alles Kalendarische ist Schutz, Schirm, Stütze gegen
329 2169 487 2248 u über,
1907 2184 3021 2266 führen. Ein Buch, gleich paradox in Form und
745 2211 1883 2291 jedwede Anarchie. Die große Revolution erreichte ihren
1903 2247 3016 2321 Inhalt. Ein masliertes Buch. Denn die Tiefe, der Ernst,
344 2254 533 2318 r in der
736 2257 1882 2311 Höhepunkt, als der Kalender gestürzt wurde, und sie starb,
1901 2292 3018 2359 vielleicht sogar die Wehmut, welche als Grundharmonie
347 2302 557 2366 finden. A
744 2303 1872 2371 da man ihn wieder in seine erbgesessenen Zeitrechte ein¬
1904 2336 3024 2403 der Themen zu erfühlen sind, werden sorgsam unter
331 2353 538 2413 der Graf
743 2348 1886 2428 setzte. Auch eine Zeitung ist eine Art Staatsgebilde. Mit
1901 2394 3005 2458 einer dichten Schichte kühler, oft ironisierender Sorg¬
742 2394 1883 2458 geregeltem bureaukratischen Haushalt, mit ihrem Fundus
1906 2431 3021 2498 losigkeit verborgen. Kein Prediger eifert, kein Philosoph
746 2449 1887 2508 instructus von Symbolen und Konventionen. Wohin
1906 2477 3023 2555 sucht eine „Weltanschauung“ zu systematisieren; kein
746 2490 1890 2548 müßte es führen, wenn jeder Mitarbeiter nach seiner
1909 2524 3021 2597 „Rembrandt als Erzieher“ will mit grimmer Axt seiner
747 2539 1885 2596 Fasson selig werden wollte?: Wenn gewisse Regeln einer
1905 2575 3030 2642 Nation einen neuen Kulturweg bahnen. Denn Dr. Egon
743 2581 1880 2664 dogmatischen Ordnung dem rücksichtslosen Impressionis¬
1920 2610 3032 2701 Friedell*) stellt in „Ecce poeta“ kein Programm auf
751 2640 1310 2711 mus zu weichen begännen?
1906 2672 3022 2747 und treibt keine Reformpropaganda. Ihm geht es nämlich
855 2684 1886 2760 Nun, es könnte vielleicht dazu führen, daß ein
1910 2715 3036 2796 gar nicht darum, die Gegenwart zu verbessern; er will
1780 2743 1896 2812 den
746 2730 1764 2809 Reisefeuilleton im Dezember und Buchkritiken in
1912 2763 3027 2851 nichts einrenken und geradebiegen; er pflanzt nicht Ideale
1767 2792 1888 2853 sozu¬
758 2796 1758 2856 Sommermonaten stimulierender wirken würden;
1915 2815 2936 2893 als Wettrennziele für seine Zeitgenossen auf.
1750 2832 1892 2902 Aper¬
745 2842 1738 2920 sagen weniger leithammelmäßig. Eine veränderte
1905 2860 3029 2924 liebt und achtet die Stunde, welche unser ist,
1773 2887 1891 2962 aus
752 2902 1766 2967 zeptionsmethode ergäbe sich schon einzig und allein
2137 2906 3033 2989 wir Prägung geben. Er ist kein
2044 2925 2141 2981 der
1803 2940 1901 3000 zu
754 2938 1800 3004 der Unmöglichkeit, ausgefahrene Vorstellungsbahnen
1915 2942 3033 3024 Mäkelnder, sondern ein Gläubiger. Er geht nicht
762 2986 1893 3055 benützen. So z. B., daß die lauschige Kaminecke, während
1917 3001 3026 3067 her und baut aus Vergangenheiten ein eklektisches
757 3037 1902 3118 der Schnec an die Fenster treibt, jener einzig gegebene
1920 3053 3042 3133 Zukunftsbild. Sondern diese Zukunft, die er im Blitzlicht
756 3083 1903 3148 Augenblick ist, der uns als treuer Begleiter durch öde
1911 3088 3042 3166 einer aphoristischen Synthese aufleuchten läßt, die hat er
758 3134 1903 3200 Winterstunden die geliebten Bücher bringt. Niemals liest
388 3126 545 3214 stoural
1918 3135 3044 3216 dem fließenden Leben abgehorcht. Alles Gegebene, alles
757 3187 1896 3252 man aber wohl weniger; ist die Bevölkerung einer Groß¬
399 3195 546 3257 Der ein
1920 3191 3033 3255 Erworbene, alles sich Wandelnde, die Eroberungen neuer
765 3230 1906 3298 stadt weniger gesammelt; niemals stebt die Zeit höher
431 3242 521 3300 ien
1912 3240 3046 3315 Naturkräfte, die Umprägung von Wirtschaftsformen, die
421 3282 528 3342 drö
758 3272 1901 3353 im Preis, als gerade in jenen Monaten, die den Bücher¬
1924 3282 3036 3351 Entdeckungen physiologischen und psychologischen Neu¬
762 3332 1905 3391 markt hoch auffluten läßt. Niemals vielleicht kann der
1921 3334 3035 3422 landes — aus allen diesen wild durcheinander wogenden
423 3381 490 3441 hr
753 3378 1892 3451 Hinweis auf frische Geistesnahrung fruchtbarer sein, wie
760 3426 1910 3490 in diesen verrinnenden Sommerzeiten. In jenem Augen¬
2082 3439 3044 3537 „Ecce poeta“ von Egon Friedell. — S. Fischers
759 3474 1903 3543 blick, wo das große Reisesieber abklingt, die Stadt aber
763 3522 2326 3631 noch nicht ihre Fangarme nach uns ausstreckt und eine Verlag, Wien, 1912.
3044 1352 3329 1424 Energien, die 1
3028 1394 3338 1470 überfluten, setz
3032 1447 3350 1516 Friedell uns vo
3030 1494 3351 1564 das gesunde Mi
3033 1542 3351 1617 Rhythmus. D
3038 1590 3345 1658 unserer Epoche,
3030 1636 3351 1707 Impotenz schöp
3031 1687 3350 1748 wird. Daß der
3027 1728 3350 1800 der überempfin
3043 1783 3350 1856 einer Höherentn
3147 1831 3340 1893 „Der M
3035 1875 3351 1945 organisierte Ne
3033 1921 3352 1994 weitert Friedell
3046 1972 3341 2043 auf ein neu sich
3046 2021 3340 2093 für unsere Z
3026 2073 3086 2133 so
3063 3394 3115 3449 E
3063 3447 3132 3510 Fo
3055 3489 3350 3571 sequenz bewu
