3436 4352
1315 202 1764 292 box 35/9
228 204 1151 297 Gesannelte Nerke
435 842 1540 893 In Berlin, Basel, Budapest, Chicago, Cieveland, Emssummn.
442 884 1541 924 Genf, Kopenhagen, London, Madrid, Mailand, Minneapolis.
436 924 1554 981 New-York, Paris, Rom, San Francisco, Stockholm, St. Peters¬
847 969 1144 1026 burg, Toronto.
763 985 1253 1063 (Quellenangabe ohne Gewähr.)
444 1066 1411 1155 Ausschnitt aus: Der Merker, Wien
455 1164 630 1235 vom:
635 1193 824 1281 Se
914 1193 1149 1283 G
1269 1233 1349 1303 K 4
1024 1342 2198 1396 VON NEUEN BUCHERN UND NOTEN.
1626 1436 2483 1499 würdig ist das — findet man es so selten. Der
839 1457 1493 1521 ARTHLR-SOLTEE
1619 1482 2473 1545 eine erfindet raffinierte Begebenheiten, die er
1619 1520 2484 1582 ungeschickt wiedergibt, seine Sprache knirscht
847 1514 1492 1591 GESAMMELTE WERKE.
1618 1560 2476 1608 wie eine ungeölte Maschine; der andere kleidet
797 1563 1604 1620 Erste Abteilung: Die erzählenden
1614 1600 2488 1651 ein abgenütztes Nichts von Handlung in tönende
1055 1614 1328 1661 Schriften.
1625 1637 2493 1687 Worte. Und die ganze Kunst besteht doch bloß
932 1636 1490 1700 (S. Fischer, Verlag, Berlin).
1619 1685 2492 1728 darin, zu erzählen, zu sprechen, sich so geben
801 1693 1600 1749 Es ist sehr schwer über den Inhalt dieser drei,
1621 1716 2488 1766 wie man ist. Dazu allerdings muß man erst einer
741 1735 1607 1787 rein äußerlich betrachtet, entzückenden Bände
1630 1755 2491 1811 sein. Nicht Hofrat oder Medizinahat oder
751 1774 1607 1823 etwas Neues zu sagen, denn Arthur Schnitzlers
1619 1787 2489 1855 Direktor, sondern bloß Mensch. Dieses Gefühl,
754 1814 1605 1868 erzählende Schriften sind Werte, die feststehen.
1629 1833 2482 1893 das einen so beruhigend erfüllt, hat man bei
743 1855 1606 1904 Zu betonen, daß es überflüssig sei, sie von
1628 1870 2483 1924 Arthur Schnitzler, daß er sich ungekünstelt gibt
743 1893 1609 1944 literarhistorischer Etiquettierung zu säubern,
1631 1911 2486 1968 und ist wie er sich gibt, der nicht so exzeptionell
752 1929 1614 1990 ist heute schon fast ebenso geschmacklos wie die
1637 1951 2490 2017 denkt wie kein anderer außer ihm denken kann,
756 1966 1614 2033 Literaturfachüberschrift selbst. An Arthur
1631 1989 2492 2045 sondern so wie jeder denkt oder unter Umständen
747 2004 1616 2063 Schnitzlers Erzählungen mit dem kühlen Hirn
1627 2025 2492 2077 denken muß. Liebe, Haß, Vornehmheit und
757 2058 1621 2101 eines Kritikers heranzutreten, scheint mir ganz
1635 2084 2494 2117 Gemeinheit, Zartheit und Brutalität, bei Schnitz¬
748 2088 1619 2154 verfehlt, denn ihr Wert will mit dem Gefühl in
1634 2119 2496 2159 ler sind sie so wie in Wirklichkeit, eng verbunden
752 2124 1610 2178 erster Linie wahrgenommen sein. Ihre Schönheit
1629 2141 2501 2194 mit einander, sie können zu gleicher Zeit in
751 2162 1615 2220 besteht in dem Duft, der sie umgibt, der dom
1640 2184 2503 2237 einem Menschen existieren, bereit, in einander zu
748 2204 1616 2270 Flimmern gleicht, das an Sommerabenden über
1641 2222 2491 2277 verfließen. Und diese Verbundenheit der Elemente
754 2240 1621 2294 Wäldern schwebt; es macht unsagbar froh odet
1642 2263 2493 2317 menschlicher Seelen bewirkt, daß uns bei der
747 2289 1618 2350 unsagbar traurig, immer aber fühlt man, es isr
1635 2298 2494 2356 Lektüre niemals der Gedanke kommt: das ist
759 2320 1623 2379 unsagbar schön. Die Stimmung solcher Sommer¬
1645 2340 2503 2397 erdacht, das könnte sich in Wirklichkeit nie
752 2358 1627 2422 abende schwebt durch alle Werke Schnitzlers,
1640 2378 2504 2433 zutragen. Sie bewirkt, daß man diese Erzählun¬
758 2400 1623 2449 diese Mischung von hellstem Glanz und erstem
1629 2416 2500 2468 gen aufnimmt, als hätten sie sich einmal wirklich
753 2438 1632 2506 Nachtschatten, brennendes Leben, in das eine
1630 2457 2512 2505 ereignet, ihre Helden und Heldinnen werden zu
755 2476 1620 2531 leise Ahnung vom Sterben zittert. Einseitig,
1645 2496 2512 2556 Menschen, die gelebt haben, ihre Begebenheiten
762 2516 1617 2569 durch stilistische Kunststückchen oder durch
1647 2535 2502 2588 werden Sehnsuchtsziele, weil sie so menschlich
764 2557 1628 2613 klug ersonnene Fabeln läßt sich das nicht be¬
1653 2579 2524 2631 sind, daß jeder einzelne von uns sie erleben kann.
775 2593 1623 2659 wirken. Beide, Stil und Fabel müssen sich so
1651 2613 2524 2668 Diese Täusch ung erzeugt vor allem Schnitzlers
770 2635 1628 2684 vermengen, daß sie zu Einem werden. Das ist ja
1649 2657 2506 2710 Stil. Es gibt in hohem Maße den Klang der
767 2672 1633 2742 eigentlich die selbstverständliche Voraussetzung
1647 2685 2514 2768 menschlichen Sprache wieder, man liest die
764 2711 1628 2796 einer guten Erzählung und doch — wie merk¬
1697 2787 2569 2868 Gespräche der Menschen nicht bloß, man hört
1711 2841 2579 2911 sie auch. Und da hört man eben auch aus dem
1701 2886 2607 2949 Tonfall der Worte den Eindruck heraus, den die
1701 2926 2566 2960 Geschehnisse auf die Menschen machen, man
1694 2959 2566 3013 hört das ungesagte Unsagbare, das Methaphy.“
1704 3001 2581 3052 sische. Man hört, was man selbst drängend:
1699 3044 2561 3102 unklar in sich gefühlt hat, den Zauber Wiens,
1695 3072 2555 3121 verliebter Tage, dämmernder Ahnungen der
1706 3110 2566 3167 Welträtsel, lebendiger Stunden, schauervoll
1702 3150 2561 3211 durch vorüberhuschende unfaßbare Erkenntnis.
1693 3190 2567 3241 Das alles wird nun klar und faßbar gemacht
1698 3228 2569 3273 durch den Dichter. An die einzelnen der Er¬
1688 3267 2576 3321 zählungen zu erinnern ist wohl nicht nötig. Sie
1701 3317 2558 3363 sind zu selbstverständlichem geistigem Besitz
1699 3352 2563 3406 geworden, so selbstverständlich, daß man an
1695 3391 2560 3432 manche von ihnen fast schon vergessen hatte.
1694 3424 2564 3481 Da war es nun eine gute Idee Schnitzlers, fünfzig
1689 3452 2563 3514 Jahre alt zu werden und seinem Verleger damit
1694 3511 2564 3559 absichtlos Anlaß zu dieser Gesamtausgabe zu
1702 3536 2557 3599 bieten, deren eine Gruppe schön gedruckt und
1689 3579 2568 3642 reizend gebunden nun vorliegt und uns in schöner
1698 3630 2570 3675 Ordnung unseren Besitz vorführt und in Er¬
1685 3664 2570 3706 innerung bringt. Die zweite Gruppe, die dra¬
1691 3698 2458 3758 matischen Arbeiten, erscheint im Herbst.
2210 3744 2528 3801 Felix Langer.
2719 4103 2986 4156 R
