3344 4384
650 238 714 308 5
1552 231 2025 332 box 39/2
173 243 1412 347 n5Birthday
88 1347 2624 1464 rechtsreform verwirklicht wird. gestelll. Gleichzeitig kopnern amo die Peg int der u. iee eeemRn
1625 1427 2292 1521 e
2808 1440 2872 1504 W
1964 1505 2989 1563 schöpfe, die er liebt, sondern irgendeinel ande¬
931 1489 1956 1573 ten nach außen, als den Fruchtbarsten und Er¬
1966 1547 2994 1609 re. Vermutlich eine, die viel Gold hat. Bei
76 1515 740 1628 Artur Schnitzler
935 1549 1956 1613 folgreichsten anerkannten. Schnilzler gehörte
1972 1590 2993 1655 Schnitzler heiratet „er“ immer eine „Andere“.
943 1595 1949 1666 nie zu den Stürmern und Drängern. das Stür¬
96 1618 795 1702 euilleton der Budapester Presse.)
1971 1646 3002 1706 Anatol sagt dem Glück, der Jugend, der schö¬
940 1651 1950 1728 men ünerließ er den anderen. Er suchte sich
213 1678 614 1750 Von Eugen Läzär.
1972 1696 2982 1754 nen Freiheit Ade und bescließt sein fröh¬
945 1704 1948 1767 einen ruhigen, einsamen Weg. der sachte an¬
457 1717 883 1821 (Nachdruck verboten.)
1967 1734 2991 1817 liches, seliges, wienerisches Junggesellenleben
947 1748 1957 1813 steigend auf ein mäßlig hochgelegenes Plateau
1970 1797 2991 1858 mit einem Abschiedssouper, bei dem der Cham¬
934 1798 1962 1874 führte. Von hier genoß er ausruhend den freien
85 1791 921 1879 a-Wien ist merklich gealiert. Nicht
1975 1844 2992 1910 pagner in Strömen fließt, silbernes Frauen¬
938 1855 1945 1919 Ausblick in das umliegende Land, in das weite
92 1856 931 1919 Prn auf heute, nicht über Nacht, auch
1967 1897 2999 1965 lachen erklingt, getanzt, gejubelt, umhergetollt
934 1902 1310 1981 Land der Seele.
79 1904 928 1966 EInen Etappen des stetig fortschreiten¬
1977 1941 2937 2023 wird und in den Augen Tränen schimmern.
1043 1923 1946 2012 Unten wogte der Kampf der Stürmer, die
78 1965 923 2051 kesses waren nicht gesondert wahr¬
2060 1990 2998 2058 Das süße Mädel ist aus Anatols Leben ver¬
941 1978 1951 2071 er verlassen hatle. Sie, die unter Führung des
116 2008 922 2069 — es kam nicht vor, daß wir sagen
1970 2027 2991 2105 schwunden, er wird ihr im Prater nicht mehr
942 2042 1963 2110 ewig stürmenden, ewig gährenden Hermann
90 2052 917 2126 „Da hat einer dieser Jungen ein merk¬
1966 2088 3008 2160 freundlich zunicken, sondern wird im Wagen
940 2106 1946 2160 Bahr ausgezogen waren, die Welt zu erobern
95 2104 919 2176 Zeichen von Hinfälligkeit gegeben“:
1965 2147 3007 2212 zurückgelehnt, zu der neben ihm sitzenden Le¬
929 2146 1954 2214 und einen Teil, die deutsche Dichtkunst, auch
88 2147 930 2220 ch ist es heute so. daß wir die Spuren
1969 2196 3005 2258 gitimen müde und freudlose Worte sprechen.
938 2202 1948 2267 wirklich erobert hatten, mußten zu ihm kom¬
94 2197 929 2266 s in dem einst geliebten Antlitz deut¬
944 2235 1958 2317 men, wenn sie ihn sehen wollten. Er blieb ein¬
2046 2249 3003 2331 Das Wiener süße Mädel hat Artur Schnitz¬
92 2250 931 2325 ennen, daß etwas, das uns lange Zeit
939 2293 1960 2376 sam und genoß den Respekt, der dem Einsamen
1965 2294 2989 2362 ler erfunden. Es hat gewiß nie existiert. Jeden¬
91 2305 930 2387 en Lebens schien, die süße Anmut, die
942 2354 1258 2434 gezollt wird.
1966 2352 3005 2420 falls ist es heute nicht mehr zu finden. Das
92 2366 920 2422 iß. eingehüßt hat, daß da etwas zer¬
1971 2406 3003 2470 junge, liebe. bescheidene Geschöpf das seine
89 2389 935 2470 verweht. vergangen ist, das wir noch
1025 2392 1953 2464 Am Anfange seines Weges stand Anatol.
1971 2452 3006 2524 Jugend. seinen Liebreiz freudig opfert, um dem
75 2455 928 2535 em blühend und kraftvoll wähnten.
935 2458 1959 2519 Anatol. der junge, gutmütige, leichtberzige und
1976 2507 3004 2565 geliebten Mann ein kurzes Glück zu verschaf¬
88 2504 927 2588 te sehen wir rückblickend, daß dieser
936 2506 1960 2569 elegante Wiener Lebema an. Anatol liebt die
1970 2557 3012 2628 fen. war in Wien nie zu Hause. Dennoch ist es
931 2558 1963 2624 Behaglichkeit seiner Junggesellenwohnung, die
100 2558 932 2625 starken und fruchtbaren Bewegung.
1967 2598 2992 2656 zum Schlagwort geworden, zur Etikette der
88 2603 919 2674 twa fünfundzwanzig Jahren von Wien
932 2606 1960 2669 Tleganz seiner Kleidung. die vornehme Lässig¬
1975 2641 2996 2720 Schnitzlerschen und überhaupt der Wiener
92 2659 920 2717 und Deutschland im Sturme eroberte.
932 2660 1960 2727 keit seiner Bewegungen, die Soupers bei Sacher,
1962 2683 3001 2765 Dichtkunst. Als literarische Figur ist es kein
88 2706 937 2764 ze Lebensdauer zugemessen war, daß
936 2708 1953 2780 die Wagenfahrten im Prater, seine eigene
1975 2748 3007 2816 urwienerisches Erzeugnis, sondern der Pariser
88 2751 927 2819 od im Herzen trug. als sie im Jugend¬
946 2753 1957 2817 „nachdenkliche“ Seele, seir Wienertum, und er
1969 2800 2994 2868 Midinette, der Geliebten des Quartier Latin¬
711 2814 780 2882 40
940 2798 1954 2872 lieht die entzückenden, süßen Wienerinnen.
91 2808 737 2878 änge dem Leben zujauchzte.
1975 2837 3003 2913 Bewohners nachgebildet. Auch Anatol hat sein
929 2852 1961 2927 Ihnen zuliebe ist alles andere da. Ihnen opferter
105 2852 919 2925 Schnitzler ist fünfzig Jahre alt. Er
1973 2901 2994 2970 weltmännisches Wesen aus Frankreich bezo¬
930 2907 1958 2965 sein Leben, sein Vermögen und schließlich sein
119 2904 936 2976 AAlter eingegangen, in dem man die
1966 2947 2997 3008 gen. Beide Gestalten sind in der französischen
930 2947 1958 3012 Glück. Denn schließlich, — nach einer Reihe
126 2957 936 3037 Führers gern mit der des von ferne
1966 3001 3001 3055 Literatur schon lange heimisch und aus dem
932 2991 1967 3078 von leichtfertigen, graziösen, ein bischen me¬
115 3005 932 3078 üden vertauscht. Lange Zeit war er
1962 3052 3008 3113 Leben der französischen Hauptstadt in sieg
933 3037 1976 3116 lancholischen Dialogen, — heiratet er. Natür¬
104 3065 931 3129 nelle Führer der jungen Wiener Dich¬
114 3106 3015 3197 an bereitwillig als ihren Repräsenlan- lich eine andere. Nicht eines der süßen Ge- übergegangen. Von Schnitzler wurden sie ins
