3392 4384
1614 236 2062 333 box 3972
232 219 1452 346 n55Birthdar
1558 1375 1765 1562 —
2280 1465 3140 1567 (Eiumentag in Biein.) und Belin, 14. 0.
1999 1417 2156 1563 —
2130 1509 3131 1604 wird uns geschrieben: Gestern waren 50 deutsche
218 1518 1227 1613 Ruf wurde, so verdrießlich mußte dem ernsten
1280 1537 3133 1643 Diese grüblerischen Erkenntnisse sind bei Frauen und Mädchen damit beschäftigt, zu Gunsten
219 1576 1206 1665 Manne die Aussicht sein ewig nur für den klassischen
1195 1595 3120 1683 Schnitzler durch vielfältige Formen gegangen, jdes deutschen Schulvereines Blumen zu verkausen.]
220 1631 1205 1708 Vertreter einer spielerischen Erotik zu gekten. Das
1190 1647 3126 1716 haben sich, im Ernst und Scherz, mannigsach ge= Dank ihrer eBmühungen gelang es, e 4000 Hecken¬
221 1668 1201 1748 Erscheinen der „Liebelei“ machte ihn in einem
1187 1695 3123 1766 staltet. Der Dichter ist der weltmännische Ironikerrosen abzusetzen und einen Erlös von 512 K 87 h
210 1711 1204 1784 höheren Sinne volkstümlich. Er hatte nnn eine
1188 1736 2157 1797 geblieben, als der er ausgezogen war, oder hat
2135 1741 2410 1812 zu erzielen.
221 1758 1204 1829 Tragödie geschrieben, die nicht nur echt wienerisch
1183 1779 2158 1845 sich in ein pathetisches Wogen von Handlungen
2247 1777 3125 1859 * (Die Wahlen in den Pensionsverein der deut¬
208 1796 1195 1875 war, sondern in ihrer Mischung von gemütvollem
1192 1823 3125 1908 zu stürzen gesucht oder hat. namentlich in seinerischen Sparkassen.] Am 4. Juni findet die diesjährige
212 1846 3122 1969 Humor, Sentimentalität und erschütternder Tran= letzten Zeit, in einem ganz seinen, abgeklärten Hauptversammlung statt. Da bei derselben wichtige
219 1897 1206 1982 rigkeit von überschwenglichen Beucteilern für das
1186 1910 2147 1977 Stil der Erzählung, die Seltsamkeiten inneren
2138 1931 3114 1990 Beschlüsse gesaßt werden sollen, sowie Neuwah¬
223 1932 1029 2008 beste zeitgenössische Drama erklärt wurde.
1166 1963 3113 2049 und äußeren Geschehens zergliedert und wieder zu=Ien in den Verwaltungsrat und Revisionsaus huß
321 1993 1181 2062 Aber schon hatte er früher, in der Novelle
1185 1997 2157 2074 sommengesügt, in jeiner klugen Art lieber Fragen
2136 2018 3112 2092 stattfinden, werden alle Mitglieder dieser Anstalt er¬
1185 2035 2146 2109 gestellt als Antworten gegeben. In dem Roman
216 2019 1192 2118 „Sterben“, ein Thema angeschlagen, das ihn dann
2140 2057 3120 2120 sucht, ihre Legitimation unverzüglich an den „Deut¬
1174 2098 2161 2163 [„Der Weg ins Freie“ hat er zum erstenmal in
222 2079 1191 2154 imt wieder beschäftigt hat und in dessen
2140 2096 3098 2171 schen Wahlausschuß“ Prag II., Tisch¬
212 2131 1181 2196 Variation sich seine Künstlerschaft in weit weri¬
1178 2139 3107 2203 einer großen erzählenden Komposition an Pro-llergasse 14, unterschrieben einzusenden. Die
193 2168 3115 2240 vollerer Eigenart offenbarte: das Problem von bleme seines Landes und seiner Zeit gerührt. Aber Legitimationen sind bereits von der Anstalt ausge¬
201 2219 3112 2273 Leben und Tod in seiner metaphysisch=pinzchologi= den Helden dieses Romanes selbst rühren die schickt und es ist daher unbedingt notwendig, daß
209 2265 1196 2327 schen Zusammensetzung. Dem Schauspiel „Frei¬
1181 2261 3114 2341 Probleme wenig, er bleibt ein Unentschiedener, einjedes Mitglied, welches Interesse an dem Gedeihen!
205 2300 1185 2373 wild“ gibt dann wieder dieses Problem seine über
1184 2301 3105 2393 Silettant. Auch Medardus Klähr ist kein Held, dieser Institution hat, seine Legilimation nur obiger
1173 2339 2148 2412 son ern ein Narr. So unerbittlich ist der Dichter
204 2357 1180 2409 eine spannende Theatralik ragenden Höhen. Und
2126 2360 2933 2416 Sammelstelle (Tischlergasse 14) zuwendet.
1168 2372 2143 2452 gegen seine Menschen; und darin liegt seine Stärke
202 2392 1181 2457 wieder durchzittert es die angstvoll=naiven Ge¬
2265 2399 3115 2474 (Landessanitätsrat.) In der letzten Sitzung
190 2424 3112 2497 dankengänge des Leutnants Gustl, um endlich in und Schwäche zugleich. Hätte er Naivität und gelangten nachstehende Gegenstände zur Verhand¬
190 2482 3108 2553 schaurigem Glanz im „Ruf des Lebens“ aufzu= Gutgläubigkeit genug, einen Helden für eine mög=lung: Verwertung einiger Quellen in Oberreuth
193 2510 3115 2607 leuchten. Und diese traurige Erkenntnis, daß dem liche Erscheinung zu halten, selbst auf die Gefahr (pol. Bez. Asch) zu Heilzwecken; Errichtung eines
196 2556 3106 2639 Menschen das Leben der Güter höchstes ist, führt hin, daß dieser Held sich als Narr entpuppt, dann Ridium=Emanaloriums im Sanatorium Franki¬
192 2605 3107 2678 den Dichter zu seiner unerbintlichen Beurteilung der würde sein Pathos vielleicht noch tragfähiger wer¬ stein (pol. Bez. Rumburg); Besetzung der Vize¬
1162 2647 3098 2694 den. Aber dann wäre er viefleicht auch nicht mehr direktorstelle für das allgemeine öffentliche Kranken¬
187 2649 1188 2718 Menschen, zu der Entfernung alles dessen, was
2130 2684 3098 2743 haus in Prag; Errichtung von Emanationskammern
1162 2680 2126 2750 Arthur Schuitzter, der feinste Künstler der dem¬
192 2680 1182 2759 die Tatsache verschleiert, daß ihnen das Wichtigst¬
2127 2720 3095 2779 im Fürstenbade in Teplitz; Füllung und Versendung
196 2720 1789 2801 das Lebew ist und das Nächstwichtigste die Be- schen Literatur in Oesterreich.
2099 2733 3096 2820 von Mineralwässern in Podebrad; Errichtung von
190 2788 714 2867 quemlichkeit des Lebens.
1679 2796 3117 2871 tudwig Steiner.— neuen öffentlichen Apotheken in Weinberge, Böhm.=I
