3344 4384
1212 317 1442 440 040
760 384 1178 494 G G
710 587 1594 712 Arthur Schnitzler
484 850 1641 916 0 In seinem schönen und ernsten Buch: „Vom Leben
422 906 1636 957 und vom Tode“, hat uns Wilhelm Fließ an einigen Bei¬
436 934 1631 1002 spielen gezeigt, wie in der Natur scheinbar selbständige
434 978 1625 1030 und getrennte organische Gebilde unter gewissen Um¬
439 1015 1627 1085 ständen zusammen doch nur eine einzige Persönlichkeit
425 1064 1631 1114 bilden und trotz der räumlichen Trennung plötzlich und zu
432 1112 1634 1163 gleicher Zeit einen gemeinsamen Tod erleiden. Fast will
439 1154 1639 1221 es scheinen, als wenn auch im geistigen Leben der Völker
437 1203 1633 1256 ähnliche Gesetze wirksam sind, als wenn die verschieden¬
431 1242 1642 1294 artigsten Erscheinungen einer Zeit doch nichts anderes
437 1285 1640 1358 sind als die verzweigten Aeste eines Stammes, die ihre
444 1326 1632 1382 Wurzeln in gleicher Stunde und in gleichem Boden haben,
443 1372 1638 1450 so daß auch sie zusammen nichts anderes sind als eine
447 1435 1649 1497 einzige, alle Säfte der Zeit in sich tragende Persönlichkeit.
535 1463 1647 1519 Das neunzehnte Jahrhundert hat genügend Beispiele
447 1502 1649 1571 hierfür. Ein guter Jahrgang war schon 1813. Auf seinem
446 1558 1640 1612 Boden entstand die große Dreieinigkeit von Wagner,
912 1595 1650 1659 Auf dem frischen, durchfurchten
439 1602 913 1662 Hebbel und Ludwig.
451 1640 1651 1693 Acker des befreiten Preußens erwuchsen 1815 seine beiden
447 1681 1650 1755 größten Bekenner: Bismarck und Menzel. 1819 brachte
451 1724 1643 1781 mit ebenso erstaunlichem Zusammenhang die größten Fabu¬
451 1773 1651 1824 lierer: Fontane und Gottfried Keller; und auch die ver¬
445 1811 1642 1868 zweigten Aeste des modernen Lebens haben ihre gemein¬
452 1859 1643 1918 same Wurzel im gleichen Jahre 1862. Den Zug der nun¬
451 1898 1641 1967 mehr Fünfzigjährigen, der so verschiedenartig geformte
444 1941 1649 2008 Köpfe der modernen Kunst wie Gerhart Hauptmann und
454 1990 1649 2063 Fulda, Johannes Schlaf, Maeterlinck und Otto Ernst um¬
453 2042 1159 2112 faßt, beginnt Arthur Schnitzler.
547 2071 1654 2152 Schnitzler hat uns über ein Dutzend Dramen, eine
447 2133 1650 2184 Anzahl Novellen=Bände und den Roman: „Der Weg ins
457 2170 1657 2227 Freie“ geschenkt. Fast alles ist modern, und wo der
449 2208 1658 2271 Dichter historisch kommen will, selbst in der Renaissance¬
451 2252 1630 2314 Tragödic vom „Schleier der Beatrice“ oder im
459 2292 1649 2364 „Paracelsus“, ist das historische Kolorit meist doch nicht
460 2349 1648 2404 waschecht genug als daß man hinter der schönen Ein¬
462 2388 1652 2451 rahmung und dem Fluß seiner Sprache nicht die moderne
454 2434 1656 2485 Seele mit ihren Problemen hervorlugen sähe. Nur ein¬
466 2465 1656 2534 mal ist ihm ein historischer Vorwurf restlos gelungen.
462 2532 1667 2572 nur in einem Einakter zwar, aber in einem von uner¬
454 2555 1658 2619 hörter Meisterschaft. Der Dichter nennt den „grünen
459 2595 1671 2675 Kakadu“ eine Groteske, und wird dadurch ungerecht
450 2643 1667 2713 gegen sein bestes Stück. Wir sind in einer Verbrecher¬
458 2688 1658 2751 kneipe in Paris am Abend vor der Erstürmung der
464 2729 1663 2786 Bastille. Ein entnervter Adel, hochmütig und blasiert,
463 2770 1658 2849 peitsch, dort sein Blut am Anhören fingierter Greuel¬
468 2814 1661 2885 tate auf, während unterirdisch schon das dumpfe Grollen
465 2857 1661 2931 des kommenden Tages hörbar ist, an dem ein gedrücktes
468 2919 1671 2967 Volk sich seine Freiheit raubt. Das ist mit einer Meister¬
475 2947 1670 3015 schaft ohnegleichen geformt, und in einer für Schnitzler
466 3000 1073 3066 seltenen Kraft durchgeführt.
565 3033 1673 3104 Die modernen Dramen Schnitzlers sind leidenschafts¬
466 3074 1671 3148 loser; sie schildern weniger die Leidenschaften selbst, als ihr
469 3125 1668 3193 Verklingen, nicht so sehr Verwirrungen als Entwirrungen,
468 3164 1664 3216 Entfremdungen. Bei Schnitzler kommen die Menschen nur
475 3222 1671 3282 sehr selten zu einander. Sein Thema ist mehr das Ent¬
473 3244 1667 3335 gleiten, das Entsagen, das Altern. Was sonst den drama¬
464 3296 1680 3351 tischen Dichter locken mag: Der Kampf des Menschen mit
471 3338 1673 3409 der Außenwelt, mit den Menschen, mit den Dämonen in
472 3380 1679 3449 ihm, mit dem Sittengesetz, alles, was den Lebensnerv
462 3426 1678 3487 des dramatischen Schaffens bei Shakespeare, Schiller,
470 3470 1673 3526 Hebbel, Ibsen, Hauptmann, ja selbst Wedekind ausmacht.
467 3526 1681 3573 davon klingt wenig in Schnitzlers Dramen. Er rührt
473 3565 1675 3618 an keinen Mythos, er kennt außer in seinem Roman kaum
482 3602 1683 3668 die Fragen der Zeit. Aber seine Kunst klingt nach, sie
471 3642 1686 3724 greift leise ans Innerlichste und macht bedenklich. Schnitzler
475 3708 1690 3764 gehört zu den ganz wenigen Dichtern, die ihre Bekennt¬
478 3731 1683 3802 nisse nicht wie ein eifervoller Gott als oberste Noi# hinaus¬
485 3776 1683 3851 rufen, morsche Welten zerstören und neue aufbauen wollen.
480 3820 1680 3878 Hierzu fehlt ihm der priesterliche Mut. Seine Menschen
476 3863 1684 3916 erkennen sich dafür selbst. Sie tun es mit Bitterkeit und
479 3930 1694 3986 Ironie, bisweilen mit liebenswürdigem Entsagen, aber
485 3949 1697 4026 ihre Sehnsucht greift nur selten zur Tat. In dem reifsten
491 3991 1695 4069 seiner modernen Dramen, dem „einsamen Weg“ blitzt
487 4062 1695 4110 es in der dunklen Musik einer fast lyrisch zu nennenden
493 4083 1692 4156 Prosa oft vor unendlichen Ahnungen von Schuld und
1605 4122 1679 4166 seht
1627 613 2563 710 Su seinem 50. Seburtstage.
1652 818 2852 893 nüssen des Lebens greifen dürfen, ironische, ein wenig
1649 893 2851 938 müde Menschen ohne Illusion, die einander so gut kennen,
1653 915 2856 977 daß sie sich gegenseitig die „Stichworte“ geben. Aber doch
1651 958 2862 1013 Menschen von Geschmack, die, ohne viel Worte zu machen,
1654 1008 2854 1058 mit weltmännischer Gelassenheit und Selbstverständlichkeit
1643 1050 2858 1119 zu sterben wissen, wenn es Zeit ist, nämlich wenn sie in
1648 1111 2860 1154 reifster Selbstkritik ihre Lebensbilanz gezogen haben. Sie
1657 1133 2864 1208 rufen keine Anklagen gegen die Welt aus, sie haben kein
1653 1171 2856 1245 Prophetenfeuer, aber sie tragen doch die Erkenntnis in
1663 1240 2864 1288 sich, wie arm und eng ihre Welt ist. Das Ethos Schnitzlers
1657 1277 2867 1320 wird nie pathetisch, aber es lebt als lebendiger Selbst¬
1662 1317 2871 1367 vorwurf in seinen Menschen. Und eine Selbstkritik des
1662 1353 2867 1411 Dichters über alle Verfeinerungen der Kultur seiner Welt
1656 1396 2864 1465 ist es, wenn er nur solche Männer, die vom Philiströsen
1658 1452 2876 1509 nicht ganz frei, sonst aber wohl „tüchtig“ im Sinne Goethes
1661 1491 2863 1556 sind (im „Einsamen Weg“ im „Paracelsus“ in
1664 1537 2866 1587 der „Gefährtin“), zur Herrschaft über sich kommen,
1663 1573 2811 1634 Liebe gewinnen, oder ein Ungemach überwinden läßt.
1761 1617 2871 1683 Was tuen seine Menschen? Sie lieben das Leben
1659 1675 2865 1744 als solches. Sie genießen es, und verstehen, aus Erinne¬
1672 1716 2873 1789 rungen früherer Zeiten und amoureuser Begebenheiten
1670 1760 2861 1831 eine schönere Welt sich zu erwecken. Sie sind Künstler
1662 1815 2879 1862 der Illusion, die sich am Fernen und Vergangenen so lange
1674 1847 2867 1916 berauschen, bis beides lebendige Gegenwart wird, aber
1663 1891 2866 1947 die Gegenwart selbst können sie nicht fassen. Dreimal
1669 1936 2875 2014 (im „weiten Land“ im „einsamen Weg“ und im „jungen
1671 2003 2880 2045 Medardus“) bieten sich bei Schnitzler junge Mädchen
1681 2022 2880 2088 Männern, die sonst nach allem Köstlichen zu greifen ge¬
1677 2092 2883 2140 wöhnt sind, zur Braut, zur Geliebten an, und keiner von
1679 2110 2872 2170 diesen weiß solch Glück, das ihm in der Erinnerung heilig
1675 2169 2875 2217 dünken würde, zu fassen und sich zu erhalten. Ueber¬
1683 2197 2875 2273 haupt sind bei Schnitzler die Frauen meist die Ueber¬
1672 2239 2882 2315 legeneren. Sie sind unkomplizierter als seine MMänner.
1677 2305 2888 2365 Ihre Gefühle sind lebenswärmer, ihre Sehnsücht läßt sie
1676 2326 2881 2390 nach Greifbarerem verlangen. Sie sind ganz  Aib, ob es
1684 2383 2895 2450 sich um die zweifelhaften Gestalten des „Reigens“ händelt,
2588 2411 2884 2470 wie in der
1683 2423 2578 2486 ob um rührend junge Mädchengestalten
1695 2460 2897 2523 „Liebelei“, oder um willensstarke Frauen, die den Mut
1692 2513 2897 2564 haben, ihr Schicksal selbst zu formen, wie im „Ruf des
1689 2557 2407 2624 Lebens“ oder im „Zwischenspiel“.
1792 2577 2875 2668 Worin besteht Schnitzlers Wert für uns? Zunächst
1681 2636 2882 2719 zweifellos im Künstlerischen. Er baut klug auf, er sieht
1683 2669 2894 2746 wahr und echt, er gestaltet mit Geschmack. Wer von allen
1699 2731 2894 2801 Modernen verfügt über eine ähnliche geistreiche Prosa,
1687 2781 2883 2841 wer beherrscht Witz und Anmut wie er und vermag
1692 2803 2894 2888 doch zugleich in Worten von dunkler Schwermut und in
1682 2859 2892 2915 einer Sprache, die tiefster Traurigkeit fähig ist, an
1695 2897 2875 2978 das Innerste zu rühren? Wie das Problem Weib“
1685 2927 2894 3021 aufgerollt wird, wie in einzelnen Stücken die Beziehungen
1685 2990 2896 3055 der Geschlechter zueinander kunstvoll verknüpft sind, be¬
1689 3033 2903 3106 sonders im „Weiten Land“ das ist meisterhaft, und keiner
1695 3074 2886 3141 kennt so wie er die „große Kunst des Hintergrundes und
1701 3112 2895 3199 das Geheimnis zweifelhafter Lichter“, wie es Hoffmanns¬
1703 3180 2273 3245 thal am Künstler rühmt.
1779 3205 2897 3288 In diesen Gesellschaftsdramen, die ein Minimum
1696 3259 2896 3324 von Pathos und sittlichem Handeln mit einem Maximum
1705 3307 2901 3378 von Selbsterkenntnis, Anmut und stiller Ironie verbinden,
1701 3368 2903 3423 steigen Bilder einer schöneren, männlicheren Welt auf,
1701 3403 2896 3455 wo es „weniger auf Geist als auf Haltung“ ankommt.
1696 3445 2910 3506 Diese Erkenntnisse, die da wach werden, sind zugleich das
1699 3480 2903 3554 dichterisch Wertvollste bei Schnitzler. Da wachen Träume
1697 3517 2906 3590 auf, und alles wird zum Spiel. Dem Arzt Schnitzler geht
1699 3587 2910 3632 Wachen oft in Traum und Wirklichkeit in Spiel über,
1706 3616 2899 3689 nur daß er selten die Kraft oder den Willen hat, seine
1698 3676 2912 3736 Träume zu deuten und zu merken, und im Spiel das
1702 3693 2904 3759 Symbol zu erfassen. So werden bei Schnitzler meist nur
1709 3749 2915 3810 die Konturen verwischt, ohne daß aus Traum und Spiel
1709 3787 2904 3860 das Gleichnis geboren und die Wirklichkeit zur Welt
1714 3848 2032 3916 geweitet wird.
1801 3893 2915 3942 Das sind die Möglichkeiten und Grenzen dieses feinen
1714 3950 2915 3995 Kopfes. Wer seine reifsten Früchte genießen will, der
1717 3992 2910 4039 greife, wenn ihm bei der Lektüre der demnächst erscheinen¬
1717 4014 2912 4086 den Gesammelten“ das Werk des Dichters zu zerflattern
1718 4064 2918 4127 droht, zum „Anatol“ und zur „Liebelei“ zum „Grünen
1901 4091 2922 4152 und zum Einsamen Weg“ Dort quillt die
1721 4121 1883 4176 talodn
