3296 4384
1966 154 2340 259 —
678 253 757 330 5
1575 250 2039 354 box 39/2
207 280 1440 370 ntBirthdar
841 1017 989 1104 n
525 1029 620 1102 —
98 1061 3012 1167 der Verzeihen, dazu kennt der alte Vorstadt= tausend Bücher und Theaterabende vollgestopft ]man von dort hinabsieht auf den Dunst der
103 1140 2994 1214 nusikus das Menschliche viel zu gut, und wie waren von der Sehnsucht nach dem Verführer, großen Stadt, und wie entrückt und verfeinert
105 1172 1073 1239 r zu seiner Tochter spricht, da ist Erbarmen
1064 1185 3002 1260 von dem Gewinsel um den Ehering, von man hier lebt, wie hier aus Liebeleien und
98 1238 1063 1302 nd Verstehen drinnen und die Angst, sie könne
1055 1242 3015 1321 Tiraden über Schande und Ehrlosigkeit, von fraschen Aventiuren der Sinne tiefsinnige Sym¬
107 1288 1064 1347 das Leben versäumen, das Leben, das ja alles
1052 1290 2038 1349 tränender weiblicher Ergebenheit, von lauter
2015 1297 2997 1362 bole werden, wie schwebend, voraussetzungsreich
95 1335 1055 1399 ist, was wir besitzen. Und er ist im Innersten
2026 1342 2993 1407 und beziehungsvoll die Geistigkeit jener kleinen
1053 1343 2035 1404 Dingen, die für uns nicht mehr sind. Die
103 1369 1067 1449 bekümmert, daß er früher seine Schwester so
1057 1382 2025 1448 Schnitzlerischen Frauen und Männer sie
2029 1391 3003 1455 Gesellschaft ist? Es ist sehr naheliegend zu be¬
3024 1340 3221 1469 nnnine
113 1432 1059 1490 treu vor der Verführung behütete, und vor dem
1055 1441 2033 1505 kassieren die Treue nicht wie eine Vertrags¬
2026 1440 2958 1502 merken, daß er seine Gestalten wiederholt —
117 1485 1059 1547 Sinnenrausche“, der „Gefahr“, dem „Laster“
2030 1493 3001 1559 aber diese scheinbare künstlerische Armut beweist
1058 1485 2026 1553 schuld ein, sie verstehen, sie erraten. Ja, es ließe
3031 1493 3305 1591 Nun ist au
144 1523 1058 1602 dem Leben. Er hat ihr ihre Schicksale ent¬
2023 1540 2995 1601 eben seinen hohen Reichtum, mit der er sie
1057 1534 2021 1599 sich erweisen, daß es noch niemals einen Dichter
2989 1557 3310 1630 ragenden no
107 1576 1063 1645 wendet, um papierenen Worten zu genügen,
2022 1586 2993 1644 immer wieder zu vertiefen und zu erweitern
1060 1590 2020 1648 gegeben hat, bei dem so viel erraten wird wie
3003 1610 3302 1675 Generation ge
108 1633 1069 1697 nd deshalb ist Dionysias Gatte jetzt auch klüger
2027 1634 2998 1696 versteht. Je kleiner der Spiegel, desto bewun¬
1064 1633 2032 1695 bei ihm. Alle seine Menschen haben eine beinahe
2989 1657 3313 1726 expansivste, s#
105 1686 1058 1755 nd treibt die Frau hinaus, daß sie allen
2021 1685 2988 1764 derungswürdiger die Kunst, in ihm unsere
1065 1685 2033 1746 beängstigende Klugheit, sie wissen immer das
2994 1698 3303 1773 Romantik sein
105 1724 1065 1793 Rufen ihres Blutes und ihrer Bestimmung
2023 1726 2530 1810 ganze Seele zu zeigen.
1063 1724 2031 1800 Unausgesprochene, und das gibt seinem Dialog
2996 1751 3313 1816 menschlich de
115 1785 1069 1842 folge. Was freilich auch seine Verantwortung
1069 1762 2037 1836 seine wundervolle, hie und da schon ermüdende
2058 1767 3004 1862 Unsere Seele — deshalb lieben wir alle ihn,
2984 1793 3290 1857 Weiberhasser,
113 1827 1062 1884 hat wie wir sehen... Es fällt ja unserem
1066 1834 2016 1894 Weitsicht. Vielleicht wäre man manchmal sogar
2025 1837 2992 1895 die Alten wie die Jungen, deshalb gewinnt
2992 1834 3298 1899 Klischee bezei
105 1871 1065 1932 Dichter nie ein, die Wahrheit geben zu wollen,
1060 1882 2024 1939 dankbar für ein bißchen Zurückgebliebenheit.
2994 1879 3286 1946 Frauenseele z
2023 1882 2998 1954 sein Ruhm aus jedem neuen Menschenjahrgang
108 1924 1065 1978 azu ist er zu klug, zu sehr ein Mann von heute
1053 1931 2021 1992 für Beschränktheit, die aufschreit und jammert,
2990 1923 3311 1995 der Ersten, ni
2035 1932 3003 1993 auch neue Säfte und Triebe. Unser ist sein
111 1975 1061 2038 und morgen, aber er belästigt uns nie mit dem
2999 1974 3312 2044 Erfüllung sei
1058 1984 2026 2035 für ein weniger sanftes kühles Begreifen, das
2022 1964 3004 2046 Abscheu vor dem wilden Bumbum der donnern¬
2995 2007 3308 2086 eine Ehe gelö
110 2021 1063 2082 Gestrigen. Schon viele verlassenen und verrate¬
1052 2023 2031 2083 vor jeder ungebrochenen, herzhaften Gefühls¬
2021 2029 3003 2105 den Phrasen, unser jene Mischung aus Komödie
2999 2068 3286 2123 ist auch von
113 2072 1063 2126 hen Mädchen haben vor uns in der moralischen
1059 2077 2023 2138 dummheit nicht ironisch zurückschauderte. Doch
2023 2068 3001 2140 und Tragödie, die alle Ereignisse so beweglich
2985 2110 3302 2172 Ein Ahasver
102 2118 1069 2184 Anstalt gejammert, und es war immer bloß
1070 2130 2020 2185 da besinnt man sich, wo früher unsere Gesell¬
2022 2119 3004 2183 und schillernd und gleitend werden läßt, unser
3000 2146 3303 2223 Wanderer du
104 2173 1058 2238 kine sentimentalische Ergötzung für die Hinter¬
1064 2172 2024 2244 schaftskomödie stand, bei welchen läppischen
2025 2169 3007 2248 die sanfte Verhaltenheit, die in ein leises Wort
2997 2199 3310 2276 fühles, das ih
108 2219 1065 2287 kreppe, die ja sehr oft über Marmorstufen führt.
1062 2225 2029 2282 Problemen, wie die Menschen aussahen, mit
2025 2228 3004 2285 und einen begreifenden Blick die erschütternd¬
2988 2246 3284 2312 schlug und d
110 2270 1063 2327 Das süße Mädel in der „Liebelei“ jedoch packt
1056 2270 2034 2353 deren Schicksalen sie uns behelligte, und sofort
2023 2278 3001 2337 sten Erlebnisse preßt, unser die Zweifel in die
3003 2288 3287 2359 in ihm war.
109 2320 1066 2370 ns sofort, denn sie klagt ja nicht so sehr über
1065 2320 1853 2392 schämt man sich seiner Undankbarkeit.
2027 2320 2994 2389 dummen, robusten Tatsachen, unser das Pochen
2995 2333 3312 2403 ihm je gelan
97 2361 1075 2429 den Tod ihres Liebsten, als daß er für eine
2020 2353 2995 2440 an die dunklen Pforten des Möglic en, unser
1094 2373 2030 2442 Derart geht es ja allen mit ihm; was sie auch
2994 2378 3311 2453 Dichtung von
109 2420 1066 2483 #ndere starb; sein Tod beweist ihr, daß er nie
2027 2411 3005 2494 die edle Liobe zum Schicksalsspiel mit Men¬
3035 2427 3309 2496 Denn dies
1066 2430 2030 2483 gegen ihn zu sagen hätten, wie vor. elbst wird
106 2455 1059 2523 rkannte, was sie ihm war, zwei sehr verschiedene
2035 2463 2992 2528 schen, jene zugleich erhabenste und gefährlichste
2998 2467 3296 2532 seine — verm
1069 2466 2033 2546 der Tadel zum Lob. Nicht als ob er nicht reich
110 2518 1060 2572 Schmerzen sind hier unlöslich zusammen¬
2029 2510 3001 2579 Form des Besitzes. Gegen ihn streiten, das hieße
2997 2518 3295 2583 bracht hat: sich
1065 2528 2029 2582 genug wäre, um alle Einreden gegen seinen
2994 2566 3311 2634 nicht miteinau
103 2568 1067 2619 eknüpft, im Pathos liegt ein herzzerreißend
2025 2567 2993 2628 die Wallungen unseres eigenen Blutes leugnen.
1066 2566 2034 2638 Besitz stolz zu überdauern; aber wir spüren,
2996 2607 3313 2678 Wort von gra
107 2619 1057 2669 komisches Mißverständnis, und diese Viel¬
2031 2610 3002 2682 Daß er unser repräsentativer Mann in Europa
1056 2628 2031 2682 daß bei ihm, wie bei allen gewachsenen Wesen,
2990 2652 3299 2718 dichterisch dar
115 2662 1061 2719 fältigkeit und Verwicklung, dies Ineinander¬
2033 2668 2993 2722 ward — nicht seine Kunst, so hoch und so fein
1060 2672 2031 2733 seine Fehler nur die Schatten seiner Tugenden
2992 2704 3301 2765 eine Klammen
112 2695 1065 2786 ließen von Gefühlen, das ist eben das Fühlen
2031 2718 2992 2772 sie ist, erklärt dies; wir haben andere, die
1070 2719 2030 2784 sind. Wohl, man könnte sagen, in seiner Welt
2988 2733 3273 2811 vom Mann
113 2762 354 2838 von heute.
2020 2749 3002 2817 neben ihm stehen. Aber keiner von jenen ande¬
1068 2767 2036 2832 treiben sich müßiggängerische Selbstsüchtige
2997 2778 3264 2864 „Liebeshaß“
1071 2819 2999 2879 herum, Kalte und Verzärtelte, die sich selbst ren ist so sehr mit unserer Art des Fühlens!
122 2797 1057 2885 Wir sind nicht mehr einfach, und auch die
2999 2828 3312 2900 Wort, und e
2024 2858 2995 2912 verwachsen, keiner sprach unser Selbst so deut¬
1057 2864 2039 2928 allzu wichtig nehmen. Aber sind jene Geschöpfe
93 2842 1064 2938 Menge ahnt schon, daß sie viele große Worte
2995 2886 3304 2944 Exaltationen,
2022 2901 3001 2976 lich — gerade, indem er uns erraten, nachdenken
1054 2906 2029 2974 nicht die reinste Ausbildung eines neuen Typ,
109 2915 1059 2980 und Dinge nur mehr als abgestorbene Larven
2991 2919 3312 2991 und Niederzen
2028 2946 3002 3014 und schweigen ließ. Darin steckt wohl die ver¬
1060 2962 2027 3020 der sich gebildet hat und den er zuerst künst¬
106 2966 1059 3031 nit sich schleppt. Keiner hat nun das alte melo¬
2994 2975 3292 3033 gen von der T
2025 3016 3313 3093 borgenste Macht des Verborgenen, und deshalb hat. Am Man
1059 3012 2027 3070 lerisch eingefangen hat? Mag sein, daß ihr
99 3007 1067 3079 dramatische „Ha!“ so weit hinter sich gelassen
2022 3049 3302 3129 grüßen wir alle heute in herzlicher Dankbar=  Weibe der M
1048 3061 2029 3119 geistiger Bezirk allzu gepflegt und künstlich ist
106 3058 1070 3126 wie Schnitzler. Seine jungen Mädche sind ein
2024 3104 3297 3163 keit den verehrten und geliebten Puppenspieler, zeichen, das e
117 3112 2033 3174 freies Geschlecht, sie ängstigen sich nicht um denwie ein schmaler Cottagegarten mit weißen
117 3155 2059 3233 Trauschein. Und man erinnert sich, wie viele Wegen, doch wie dürften wir vergessen, wie weit
2638 3162 3311 3235 Ludwig Bauer. nissen vorang
