3344 4320
1583 299 2021 384 box 39/2
673 311 765 375 5
977 308 1473 403 Birthdav
478 314 1011 410 and
218 315 536 423 5oth
1161 743 2250 819 Jahrelang ist Schnitzler der Dichter des Anatol und
1070 792 2239 854 des süßen Mädels gewesen, viel mehr wußte man von
1075 844 2240 895 ihm und von dem ganzen jungen Wien nicht. Sind diese
1072 887 2247 969 beiden Gestalten nicht schattenhaft geworden? Zwei Wiener
1076 942 2236 999 Typen, die es vielleicht bald nicht mehr geben wird. Das
1080 979 2238 1043 süße Mädel hat längst nicht mehr die berühmte Träne
1080 1026 2243 1069 im Augenwinkel, sondern ist ein ernstes, selbständiges
1077 1077 2241 1123 Bureaufräulein, eine nüchterne Schreibmaschinistin. Auch
1076 1121 2243 1170 der Jüngling Anatol spielt nicht mehr mit selbstgefälligen
1071 1174 2232 1218 Schmerzen und frühgereiften zarten und traurigen Ge¬
1071 1210 2243 1287 fühlen, sondern ist jetzt meistens ein vernünftiger junger
1070 1259 2231 1311 Mann, der es vorwärts bringen will, oder ein abge¬
1072 1307 2238 1360 härteter Sportsman. Der Anatol, der Max, der Theodor,
1064 1351 2244 1416 der Fritz, die Christine und die Mitzi und wie sie alle
1071 1396 2244 1465 heißen, sie passen absolut nicht mehr in das Wien
1069 1444 1298 1509 von 1912.
1157 1470 2238 1552 Es hat aber eine Zeit gegeben, da war wirklich bei¬
1068 1540 2229 1605 nahe jeder zweite junge Mensch ein Anatol; wo es den
1073 1580 2228 1655 Anschein hatte, als ob sich die Wiener Wirklichkeit nach
1067 1629 2231 1692 der Jungwiener Literatur richten würde. Oskar Wilde
1060 1676 2236 1735 hat einmal in seiner paradoxen Weise gesagt, daß die
1065 1733 2240 1778 englische Natur die Präraffaeliten nachahme. So haben
1070 1776 2235 1830 auch damals manche Wiener Gesellschaftskreise Artur
1746 1815 2232 1883 seiner Dialoge, seiner
1066 1819 1746 1878 Schnitzler kopiert und im Ton
1061 1857 2239 1919 Novellen geplaudert, geflirtet, verliebt, zärtlich und
2240 1912 2300 1964 *
1054 1921 2226 1974 melancholisch getan. Das war die Zeit, in der Schnitzler
2252 1948 2295 1997 1
1066 1950 2230 2008 sozusagen als Dichter des amourösen Wien, der
1069 2005 2235 2061 Separees, der Rendezvous, der Garconwohnungen galt.
1066 2052 2227 2117 Aber auf diese galanten Zeiten folgt bald die natürliche
1075 2094 2230 2154 Reaktion, die Bitterkeit des „Freiwild“, des „Vermächtnis“,
1071 2142 2240 2195 die Satire des „Lieutenant Gustl“ den jeder einmal kennen
1065 2196 2233 2249 gelernt hat. Allmählich taucht dann in Schnitzlers Dichtungen
2255 2189 2312 2253 a
1059 2244 2233 2295 das wirklich ernste Wien auf. Die Berta Garlan ist die erste
1062 2285 2305 2344 der modernen Wiener Wirklichkeit nachgezeichnete Frauen¬ in
1060 2324 2238 2388 gestalt, während die Margarete in „Literatur“ ein ironisch
1067 2380 2219 2436 gesehener Typus ist. Die Menschen des „Einsamen Weg“
1060 2383 2298 2496 sind eine Kreuzung von Ibsentum und Wienertum: die1#
2237 2459 2311 2510 u
1055 2467 2235 2518 um zwanzig Jahre älter und bitterer gewordene Anatol¬
2235 2499 2310 2546 L
1065 2518 2223 2579 Generation. Nach und nach bilden die Gestalten Schnitzlers
2233 2543 2299 2602 K
1067 2570 2232 2619 eine Art besonderer geschlossener Wiener Gesellschaft, und
1066 2604 2231 2673 im „Weg ins Freie“, im „Weiten Land“ glaubt man oft
1061 2650 1623 2726 die Vorbilder zu erkennen.
2244 2711 2319 2764 ve
1151 2696 2230 2773 Schnitzler hat auch einiges geschrieben, was in
1062 2760 2225 2823 historischer Zeit spielt, in Bologna und Paris. Aber sein
2231 2792 2307 2846 D#
1058 2801 2222 2869 eigentliches Gebiet ist doch das heutige Wien. Er selbst
1063 2828 2298 2904 entstammt ja zwei alten Wiener Familien. Sowohl vom 3
1067 2893 2229 2968 Vater her, dem berühmten Laryngologen Johann
1050 2945 2230 3009 Schnitzler, wie von der Mutter, deren Vater ebenfalls ein
1064 2986 2303 3068 angesehener Wiener Arzt war. Und die Eindrücke dieser u.
1063 3040 2225 3098 Jugend werden namentlich in den allerersten Büchern und
1064 3100 2299 3153 Stücken lebendig. Bunte Eindrücke aus der Theatersphäre, w¬
1059 3148 2235 3194 denn sein Großvater war ja Arzt des Carl=Theaters und
1065 3162 2305 3234 mag dem Enkel manches erzählt haben, Dann ernstere Er¬ jit
1061 3231 2215 3286 fahrungen aus der Welt des Allgemeinen Krankenhauses,
1058 3274 2226 3335 wo Schnitzler als Student und Sekundararzt manches
1053 3312 2235 3386 Jahr verbracht hat. Und auch die Beobachtungen, die er
1051 3381 2223 3432 in der Wiener Gesellschaft gemacht hat, kehren alle wieder,
2226 3383 2320 3441 be
1063 3414 2223 3473 in einer veränderten durchgeistigten Gestalt. Jawohl, aus
1057 3464 2224 3524 jeder Zeile, die Schnitzler geschrieben hat, erkennt man
1063 3509 2224 3568 den mit seinem ganzen Fühlen und Sinnen nach Wien
2275 3561 2314 3620 8
1059 3556 2229 3617 Zuständigen. Das schablonenhafte, gerührte und fidele
1070 3605 2229 3660 Duliäh= und Heurigen=Wienertum wird man freilich in den
1064 3653 2222 3709 Werken dieses Wiener Dichters vergebens suchen. Es ist
1058 3693 2224 3749 mehr ein Wienertum der inneren intellektuellen Bezirke.
1064 3739 2214 3807 Seine Menschen sprechen selten im Dialekt, sondern in
1067 3792 2218 3855 einem legeren Hochdeutsch von wienerischer Diktion. Es
1063 3833 2226 3892 sind moderne Wiener von ganz besonderer Art. Diese
1064 3885 2222 3938 Männer und Frauen sind alle ein wenig melancholisch
1047 3931 2221 3991 und grüblerisch angehaucht, haben komplizierte Gemüter,
1047 3986 2223 4035 empfindliche und überreizte Nerven und quälen sich gern
1062 4037 2227 4104 mit spitzfindigen seelischen Konflikten, und namentlich die
1054 4072 2215 4126 Frauengestalten des reifen Schnitzler sind wunderliche Ge¬
1056 4126 2218 4181 schöpfe, keine Spur mehr vom harmlosen süßen Mädel.
1062 4176 2209 4213 Aber wer genauer binsieht, erkennt doch die gebeimen
2215 3915 2262 3989 1
2220 3984 2274 4036 k
