3392 4384
2071 211 2238 278 —
1617 269 2075 373 box 39/2
265 281 1533 376 5oth and 55th Birthday
752 1034 2505 1099 den geistigen Mittelpunkt festgelegt und hat seinem wüsten Untergangsthema
741 1122 2503 1171 Zug um Zug, Beispiel auf Beispiel, Beleg auf Beleg, Fall auf Fall zugeführt.
750 1180 2497 1229 Mit einem Reichtum des Witzes, einer Straffheit des Gefüges, einer Klarheit
755 1224 2502 1294 der Steigerung, daß ein fortreißender Sieg der Grundarbeit zustande kommt,
749 1290 2496 1352 wie er kaum einen Franzosen so rein und scharf je gelang. Gewiß, es
754 1356 2493 1406 bleibt mehr im gallischen Genre als andere Werke Schnitzlers; die Gestalten
762 1409 2500 1464 des „Einsamen Weg“ sind uns menschlich näher als Henri und der Herzog,
764 1450 2502 1529 die doch nur bunte Fäden im Gespinst sind. Aber das ganze Netz ist
745 1506 2503 1569 unzerreißlich und groß gewoben, fängt und hält uns sicherer als irgend eine
761 1567 2508 1636 andere Arbeit Schnitzlers; es nimmt uns und reißt uns in alle Schauer
767 1646 2506 1708 der eigentlich Schnitzlerschen Tragödie, der Tragödie des Komödiantentums.
1125 1885 2170 1989 GLOCKWUNSCH. VON HERMANN BAHR.
979 1988 2505 2102 imm dies, lieber Arthur, von mir auf, wie's Dir gebracht wird:
1010 2075 1395 2143 reinen Herzens!
1089 2111 2514 2193 Zwanzig Jahre leben wir jetzt an einander her, oft lief der eine
961 2181 2509 2261 — wunderlich vom Wege querfeldein, doch nie so weit, daß wir uns
753 2253 2509 2311 aus den Augen kamen. Vielleicht weißt Du drum mehr als ich selbst von
757 2320 2517 2386 mir; und ich vielleicht von Dir. So gewähre, daß ich Dir sagen darf, was
763 2372 1729 2442 mit Dir ist: laß mich Dich Dir deuten!
889 2438 2520 2504 Wahrheit spricht: werde was Du bist! Welt spricht: Mir diene, mir!
769 2489 2525 2549 Wien spricht: Nur nix übertreiben! Wer, in dieses Land gebannt, hatte je
765 2567 2514 2618 den Mut zu wählen? Wir sind hier vom Schlag der Menschen, denen der
769 2604 2518 2671 Meister Seuse nachsagt, daß sie wollen und wollen doch nicht. So gehts allen;
774 2695 2521 2744 nur merkt man es an anderen mehr als an sich. Und auch Du, mein Arthur,
765 2719 2521 2798 hast zuweilen Wien erhört, auch Du hast Dich von Dir selbst, von der
775 2773 2525 2870 Entscheidung zu Dir selbst wegschmeicheln lassen! Dann schreibst Du Gie
778 2835 2519 2916 Stücke, die nicht von Dir sind, sondern vom Anatol. Denn, Arthur, der Wiener
765 2896 2532 2968 in Dir ist Anatol. Den werden sie heute kränzen. Nimm den Kranz, heb
763 2964 2523 3032 Dir ihn gut auf, aber leg ihn weg! Leg ihn weg und laß ihn weg, dann
772 3039 2526 3091 aber geh getrost auf den Sechziger los. Den Anatol laß bei dem Wiener Kranz,
770 3088 2532 3147 er ist kein Begleiter zu dem, was Deiner harrt! Schöneres kann, wer Dir
774 3135 1896 3220 gut ist, Dir am heutigen Tage nicht wünschen.
879 3190 2531 3286 Erinnerst Du Dich, was Kürnberger über Grillparzer schrieb? Moses
774 3263 2522 3352 flehte zum Herrn: schicke einen anderen, Herr, schicke meinen Bruder
779 3337 2531 3412 Aron! Aber der Herr hat ihn nicht erhört. Sonst wäre Moses gestorben
783 3385 2551 3462 „als ein alter loyaler Hofrat des Pharao.“ Grillparzer aber hat der Herr
774 3459 2534 3534 erhört. „Grillparzer packte seine großen Fähigkeiten und starken Leidenschaf¬
1598 3533 1733 3628 334
