<?xml version="1.0" encoding="UTF-8" standalone="yes"?>
<PcGts xmlns="http://schema.primaresearch.org/PAGE/gts/pagecontent/2013-07-15" xmlns:xsi="http://www.w3.org/2001/XMLSchema-instance" xsi:schemaLocation="http://schema.primaresearch.org/PAGE/gts/pagecontent/2013-07-15 http://schema.primaresearch.org/PAGE/gts/pagecontent/2013-07-15/pagecontent.xsd">
    <Metadata>
        <Creator>prov=University of Rostock/Institute of Mathematics/CITlab/Gundram Leifert/gundram.leifert@uni-rostock.de:name=ONB_Newseye_GT_M1+(htr_id=10810)::::v=2.4.2
prov=University of Rostock/Institute of Mathematics/CITlab/Tobias Gruening/tobias.gruening@uni-rostock.de:name=de.uros.citlab.module.baseline2polygon.B2PSeamMultiOriented:v=2.4.2
prov=University of Rostock/Institute of Mathematics/CITlab/Tobias Gruening/tobias.gruening@uni-rostock.de:name=/mnt/transkribus/LA/DEA/URO/LA_news_onb_att.pb:de.uros.citlab.segmentation.CITlab_LA_ML:v=2.4.2
Transkribus</Creator>
        <Created>2019-10-07T20:31:20.856+02:00</Created>
        <LastChange>2019-10-09T06:36:57.161+02:00</LastChange>
        <TranskribusMetadata docId="224437" pageId="9574357" pageNr="35" tsid="16624476" status="IN_PROGRESS" userId="40391" imgUrl="https://files.transkribus.eu/Get?id=YKVIDBXJYOIJFQAEKJMYPSZI&amp;fileType=view" xmlUrl="https://files.transkribus.eu/Get?id=XYKTEEVVVFQFANNTBXQZSNWQ" imageId="6206591"/>
    </Metadata>
    <Page imageFilename="224437_0035.jpeg" imageWidth="3204" imageHeight="4384">
        <ReadingOrder>
            <OrderedGroup id="ro_1711442796984" caption="Regions reading order">
                <RegionRefIndexed index="0" regionRef="r1"/>
            </OrderedGroup>
        </ReadingOrder>
        <TextRegion orientation="0.0" id="r1" custom="readingOrder {index:0;}">
            <Coords points="243,187 243,4176 2361,4176 2361,187"/>
            <TextLine id="r1l1" custom="readingOrder {index:0;}">
                <Coords points="1795,233 1848,225 2079,256 2312,236 2312,171 2297,169 2212,198 2090,167 2041,192 1978,171 1796,185"/>
                <Baseline points="1806,218 1832,217 1858,217 1884,217 1910,217 1936,217 1962,218 1988,218 2014,219 2040,219 2066,220 2092,220 2118,221 2144,221 2170,221 2196,221 2222,220 2248,219 2274,218 2301,216"/>
                <TextEquiv>
                    <Unicode>—</Unicode>
                </TextEquiv>
            </TextLine>
            <TextLine id="r1l2" custom="readingOrder {index:1;}">
                <Coords points="1597,323 1658,332 1692,355 1751,328 1829,357 1874,336 1927,358 2050,336 2050,276 1995,248 1947,261 1849,251 1798,276 1648,251 1597,263"/>
                <Baseline points="1607,307 1632,308 1657,309 1683,309 1708,310 1734,311 1759,312 1784,312 1810,313 1835,313 1861,314 1886,314 1911,314 1937,313 1962,313 1988,312 2013,311 2039,309"/>
                <TextEquiv>
                    <Unicode>box 39/2</Unicode>
                </TextEquiv>
            </TextLine>
            <TextLine id="r1l3" custom="readingOrder {index:2;}">
                <Coords points="1242,315 1268,317 1278,310 1293,316 1321,315 1318,251 1306,252 1281,272 1268,272 1251,256 1240,256"/>
                <Baseline points="1253,314 1281,312 1309,312"/>
                <TextEquiv>
                    <Unicode>d</Unicode>
                </TextEquiv>
            </TextLine>
            <TextLine id="r1l4" custom="readingOrder {index:3;}">
                <Coords points="232,331 540,365 1479,330 1479,286 1407,265 1269,310 1104,248 994,297 888,251 497,298 431,254 232,272"/>
                <Baseline points="243,329 304,329 365,329 426,329 488,329 549,328 610,328 672,327 733,327 794,326 856,326 917,325 978,325 1039,324 1101,324 1162,324 1223,324 1285,324 1346,324 1407,324 1469,324"/>
                <TextEquiv>
                    <Unicode>Soth and 55th Birtmnay</Unicode>
                </TextEquiv>
            </TextLine>
            <TextLine id="r1l5" custom="readingOrder {index:4;}">
                <Coords points="2180,925 2191,924 2199,915 2210,923 2248,915 2267,915 2278,923 2295,920 2291,842 2274,840 2256,854 2241,846 2228,849 2201,867 2178,870"/>
                <Baseline points="2191,909 2221,906 2252,905 2283,905"/>
                <TextEquiv>
                    <Unicode>297</Unicode>
                </TextEquiv>
            </TextLine>
            <TextLine id="r1l6" custom="readingOrder {index:5;}">
                <Coords points="1082,920 1922,909 1922,883 1778,842 1695,880 1653,859 1560,889 1435,859 1372,891 1270,862 1082,873"/>
                <Baseline points="1093,912 1136,912 1179,913 1222,914 1265,914 1308,914 1351,915 1394,915 1437,915 1480,915 1524,915 1567,915 1610,915 1653,914 1696,914 1739,913 1782,912 1825,911 1868,910 1912,909"/>
                <TextEquiv>
                    <Unicode>Alexander v. Weilen, Arthur Schnitzler.</Unicode>
                </TextEquiv>
            </TextLine>
            <TextLine id="r1l7" custom="readingOrder {index:6;}">
                <Coords points="638,1076 2346,1043 1857,992 638,1038"/>
                <Baseline points="649,1061 733,1061 817,1061 901,1061 986,1061 1070,1060 1154,1059 1239,1059 1323,1058 1407,1057 1492,1056 1576,1055 1660,1055 1744,1054 1829,1054 1913,1054 1997,1054 2082,1054 2166,1055 2250,1056 2335,1058"/>
                <TextEquiv>
                    <Unicode>zu achten, meldet sich hier zum Worte und Schnitzler selbst klagt für diese Un¬</Unicode>
                </TextEquiv>
            </TextLine>
            <TextLine id="r1l8" custom="readingOrder {index:7;}">
                <Coords points="642,1124 2335,1128 2335,1071 642,1097"/>
                <Baseline points="653,1116 736,1118 820,1119 903,1120 987,1120 1071,1121 1154,1121 1238,1120 1321,1120 1405,1120 1489,1119 1572,1119 1656,1118 1739,1117 1823,1117 1907,1116 1990,1116 2074,1116 2157,1116 2241,1116 2325,1117"/>
                <TextEquiv>
                    <Unicode>einheitlichkeit seines Fühlens, die ihn in seiner Jugend zur falschen Dramatik</Unicode>
                </TextEquiv>
            </TextLine>
            <TextLine id="r1l9" custom="readingOrder {index:8;}">
                <Coords points="641,1167 2338,1190 2338,1129 2247,1121 641,1125"/>
                <Baseline points="651,1178 734,1178 818,1178 902,1178 986,1178 1070,1179 1153,1179 1237,1179 1321,1179 1405,1178 1489,1178 1572,1178 1656,1177 1740,1177 1824,1176 1908,1175 1991,1174 2075,1173 2159,1171 2243,1169 2327,1168"/>
                <TextEquiv>
                    <Unicode>gleicher Berechtigungen geführt hat, seine Abkunft vom Judentum an. Aber</Unicode>
                </TextEquiv>
            </TextLine>
            <TextLine id="r1l10" custom="readingOrder {index:9;}">
                <Coords points="642,1232 2297,1253 2341,1204 642,1213"/>
                <Baseline points="653,1238 736,1238 820,1238 904,1238 988,1238 1072,1238 1156,1237 1240,1237 1324,1236 1408,1235 1492,1235 1575,1234 1659,1233 1743,1233 1827,1232 1911,1232 1995,1231 2079,1231 2163,1231 2247,1231 2331,1232"/>
                <TextEquiv>
                    <Unicode>die eigentliche Ursache ruht meines Erachtens in einem Mangel an Tem¬</Unicode>
                </TextEquiv>
            </TextLine>
            <TextLine id="r1l11" custom="readingOrder {index:10;}">
                <Coords points="647,1300 2340,1312 2340,1255 2228,1240 647,1266"/>
                <Baseline points="657,1299 740,1297 824,1296 907,1295 991,1295 1075,1294 1158,1293 1242,1293 1325,1293 1409,1293 1493,1293 1576,1293 1660,1293 1743,1293 1827,1293 1911,1293 1994,1292 2078,1292 2161,1292 2245,1292 2329,1291"/>
                <TextEquiv>
                    <Unicode>perament, das in ihm wohl aufflammen, aber nicht ruhig fortlodern kann.</Unicode>
                </TextEquiv>
            </TextLine>
            <TextLine id="r1l12" custom="readingOrder {index:11;}">
                <Coords points="649,1351 2020,1373 2329,1364 2342,1324 648,1313"/>
                <Baseline points="659,1354 742,1354 826,1354 909,1354 993,1353 1077,1353 1160,1353 1244,1353 1328,1353 1411,1353 1495,1353 1579,1353 1662,1353 1746,1353 1830,1352 1913,1352 1997,1352 2081,1351 2164,1350 2248,1350 2332,1349"/>
                <TextEquiv>
                    <Unicode>Selbst rasch ernüchtert wirkt er auch oft ernüchternd auf den Leser, der den</Unicode>
                </TextEquiv>
            </TextLine>
            <TextLine id="r1l13" custom="readingOrder {index:12;}">
                <Coords points="647,1436 2321,1431 2344,1368 647,1383"/>
                <Baseline points="657,1419 740,1418 824,1417 908,1416 992,1415 1076,1415 1159,1414 1243,1414 1327,1414 1411,1414 1495,1414 1578,1414 1662,1413 1746,1413 1830,1413 1914,1413 1997,1412 2081,1412 2165,1411 2249,1410 2333,1409"/>
                <TextEquiv>
                    <Unicode>plötzlichen Abfall wohl fühlt. So hat er auch sein Höchstes bis heute in</Unicode>
                </TextEquiv>
            </TextLine>
            <TextLine id="r1l14" custom="readingOrder {index:13;}">
                <Coords points="642,1476 2337,1471 2254,1416 641,1438"/>
                <Baseline points="653,1475 736,1474 820,1473 903,1472 987,1472 1071,1471 1154,1471 1238,1471 1321,1470 1405,1470 1489,1470 1572,1470 1656,1470 1739,1469 1823,1469 1907,1469 1990,1468 2074,1467 2157,1467 2241,1466 2325,1465"/>
                <TextEquiv>
                    <Unicode>kleinen novellistischen Skizzen, und auf der Szene mit einem virtuos dahin¬</Unicode>
                </TextEquiv>
            </TextLine>
            <TextLine id="r1l15" custom="readingOrder {index:14;}">
                <Coords points="650,1546 2161,1552 2349,1531 2349,1480 650,1495"/>
                <Baseline points="661,1534 744,1532 828,1531 912,1530 996,1530 1080,1529 1164,1529 1248,1529 1332,1529 1416,1529 1500,1529 1583,1529 1667,1529 1751,1529 1835,1529 1919,1529 2003,1529 2087,1529 2171,1529 2255,1529 2339,1528"/>
                <TextEquiv>
                    <Unicode>jagenden Momentbilde, dem „Grünen Kakadu“ gegeben, während alle größeren</Unicode>
                </TextEquiv>
            </TextLine>
            <TextLine id="r1l16" custom="readingOrder {index:15;}">
                <Coords points="644,1594 2328,1598 2341,1553 644,1562"/>
                <Baseline points="654,1590 737,1590 821,1590 905,1590 989,1590 1073,1590 1157,1589 1240,1589 1324,1589 1408,1588 1492,1588 1576,1588 1660,1587 1744,1587 1827,1587 1911,1587 1995,1586 2079,1586 2163,1586 2247,1587 2331,1587"/>
                <TextEquiv>
                    <Unicode>Arbeiten, selbst die „Liebelei“ im letzten Teile, ein Nachlassen der Kraft, ein</Unicode>
                </TextEquiv>
            </TextLine>
            <TextLine id="r1l17" custom="readingOrder {index:16;}">
                <Coords points="645,1654 2347,1652 2276,1589 645,1614"/>
                <Baseline points="656,1651 744,1651 832,1651 921,1651 1009,1651 1097,1651 1186,1650 1274,1650 1362,1649 1451,1649 1539,1648 1628,1648 1716,1647 1804,1647 1893,1646 1981,1646 2069,1645 2158,1645 2246,1644 2335,1644"/>
                <TextEquiv>
                    <Unicode>Versagen der Phantasie verraten, die er gelegentlich durch theatralische Ex¬</Unicode>
                </TextEquiv>
            </TextLine>
            <TextLine id="r1l18" custom="readingOrder {index:17;}">
                <Coords points="642,1717 2256,1725 2341,1672 641,1670"/>
                <Baseline points="653,1709 736,1709 820,1708 904,1708 988,1708 1072,1707 1156,1707 1240,1707 1324,1707 1408,1707 1492,1707 1575,1706 1659,1706 1743,1706 1827,1706 1911,1706 1995,1705 2079,1705 2163,1705 2247,1704 2331,1704"/>
                <TextEquiv>
                    <Unicode>plosionen, wie sie seinem innersten Wesen widersprechen, vergebens decken will.</Unicode>
                </TextEquiv>
            </TextLine>
            <TextLine id="r1l19" custom="readingOrder {index:18;}">
                <Coords points="744,1768 2313,1784 2353,1723 744,1732"/>
                <Baseline points="756,1768 835,1768 914,1768 993,1769 1073,1768 1152,1768 1231,1768 1311,1767 1390,1767 1469,1766 1549,1765 1628,1765 1707,1764 1786,1764 1866,1763 1945,1763 2024,1763 2104,1763 2183,1763 2262,1763 2342,1764"/>
                <TextEquiv>
                    <Unicode>Dieses Jagen seiner Helden von Abenteuer zu Abenteuer ist bedingt durch</Unicode>
                </TextEquiv>
            </TextLine>
            <TextLine id="r1l20" custom="readingOrder {index:19;}">
                <Coords points="651,1817 2317,1842 2350,1778 651,1796"/>
                <Baseline points="662,1828 745,1827 829,1826 913,1825 997,1825 1081,1824 1165,1824 1248,1824 1332,1824 1416,1824 1500,1823 1584,1823 1668,1823 1752,1823 1835,1823 1919,1822 2003,1822 2087,1821 2171,1820 2255,1819 2339,1818"/>
                <TextEquiv>
                    <Unicode>ihr rasches Vergessen. Wie der schuldig gewordene Wergenthin sein Haupt in</Unicode>
                </TextEquiv>
            </TextLine>
            <TextLine id="r1l21" custom="readingOrder {index:20;}">
                <Coords points="645,1879 2260,1898 2351,1846 645,1850"/>
                <Baseline points="657,1883 741,1885 825,1887 909,1888 993,1888 1078,1889 1162,1888 1246,1888 1330,1887 1414,1886 1499,1885 1583,1884 1667,1883 1751,1882 1835,1881 1920,1880 2004,1879 2088,1878 2172,1878 2256,1878 2341,1879"/>
                <TextEquiv>
                    <Unicode>Annas Schoß birgt, ist ihm dieser Augenblick, den er gerade durchlebt, schon</Unicode>
                </TextEquiv>
            </TextLine>
            <TextLine id="r1l22" custom="readingOrder {index:21;}">
                <Coords points="647,1942 2346,1945 2145,1887 647,1914"/>
                <Baseline points="658,1945 741,1945 825,1946 909,1946 993,1946 1077,1946 1161,1946 1245,1945 1329,1945 1413,1944 1497,1943 1580,1942 1664,1942 1748,1941 1832,1940 1916,1940 2000,1939 2084,1939 2168,1939 2252,1940 2336,1940"/>
                <TextEquiv>
                    <Unicode>Vergangenheit. „Gegenwart? Was heißt das eigentlich?“ fragt Schnitzler.</Unicode>
                </TextEquiv>
            </TextLine>
            <TextLine id="r1l23" custom="readingOrder {index:22;}">
                <Coords points="653,2012 2351,2001 2325,1955 1992,1944 653,1989"/>
                <Baseline points="665,2012 748,2011 832,2010 916,2009 1000,2007 1084,2006 1167,2005 1251,2004 1335,2003 1419,2002 1503,2000 1586,2000 1670,1999 1754,1998 1838,1997 1922,1997 2005,1996 2089,1996 2173,1996 2257,1997 2341,1997"/>
                <TextEquiv>
                    <Unicode>„Ist das Wort, das eben verklang, nicht schon Erinnerung?“ So wird in</Unicode>
                </TextEquiv>
            </TextLine>
            <TextLine id="r1l24" custom="readingOrder {index:23;}">
                <Coords points="657,2079 2350,2058 2262,1993 657,2030"/>
                <Baseline points="667,2067 750,2067 834,2067 917,2067 1001,2066 1085,2065 1168,2065 1252,2064 1335,2063 1419,2062 1503,2061 1586,2060 1670,2059 1753,2058 1837,2057 1921,2057 2004,2056 2088,2056 2171,2056 2255,2056 2339,2056"/>
                <TextEquiv>
                    <Unicode>seinem Drama, noch mehr als bei Ibsen, die Vorgeschichte oft die eigentliche</Unicode>
                </TextEquiv>
            </TextLine>
            <TextLine id="r1l25" custom="readingOrder {index:24;}">
                <Coords points="651,2123 2351,2111 2208,2063 651,2089"/>
                <Baseline points="663,2128 746,2127 830,2125 914,2124 998,2123 1082,2122 1166,2121 1250,2120 1334,2119 1418,2119 1502,2118 1585,2118 1669,2117 1753,2116 1837,2116 1921,2115 2005,2115 2089,2114 2173,2113 2257,2113 2341,2112"/>
                <TextEquiv>
                    <Unicode>Handlung seines Schauspiels, der „Einsame Weg“ ist nichts als das Trauer¬</Unicode>
                </TextEquiv>
            </TextLine>
            <TextLine id="r1l26" custom="readingOrder {index:25;}">
                <Coords points="657,2181 2344,2181 2282,2118 657,2143"/>
                <Baseline points="667,2192 750,2190 833,2187 916,2185 1000,2183 1083,2181 1166,2180 1250,2178 1333,2178 1416,2177 1500,2176 1583,2176 1666,2175 1749,2175 1833,2174 1916,2174 1999,2173 2083,2173 2166,2172 2249,2171 2333,2169"/>
                <TextEquiv>
                    <Unicode>spiel des Erinnerns und Johannas Wort, es sei die Bestimmung mancher</Unicode>
                </TextEquiv>
            </TextLine>
            <TextLine id="r1l27" custom="readingOrder {index:26;}">
                <Coords points="655,2242 2086,2252 2346,2241 2346,2201 655,2221"/>
                <Baseline points="665,2245 748,2243 832,2241 915,2240 999,2239 1082,2238 1166,2237 1249,2236 1333,2236 1416,2235 1500,2235 1583,2235 1667,2234 1750,2234 1834,2233 1917,2233 2001,2232 2084,2231 2168,2230 2251,2229 2335,2228"/>
                <TextEquiv>
                    <Unicode>Menschen, einander nichts zu bedeuten als Erinnerung, der Grundgedanke des</Unicode>
                </TextEquiv>
            </TextLine>
            <TextLine id="r1l28" custom="readingOrder {index:27;}">
                <Coords points="654,2306 2351,2301 2300,2237 653,2268"/>
                <Baseline points="665,2301 748,2300 832,2299 916,2298 1000,2297 1084,2296 1167,2296 1251,2295 1335,2295 1419,2294 1503,2294 1586,2293 1670,2293 1754,2293 1838,2292 1922,2291 2005,2291 2089,2290 2173,2289 2257,2288 2341,2287"/>
                <TextEquiv>
                    <Unicode>ganzen Werkes. Aus dieser Vergegenwärtigung des Vergangenen entsprießt</Unicode>
                </TextEquiv>
            </TextLine>
            <TextLine id="r1l29" custom="readingOrder {index:28;}">
                <Coords points="663,2370 2288,2366 2356,2315 663,2328"/>
                <Baseline points="673,2359 756,2359 840,2359 923,2359 1007,2358 1091,2358 1174,2358 1258,2357 1342,2357 1425,2356 1509,2356 1593,2355 1676,2355 1760,2354 1844,2353 1927,2352 2011,2352 2095,2351 2178,2350 2262,2349 2346,2349"/>
                <TextEquiv>
                    <Unicode>Schnitzlers Kunst, historische Buder von seltener Kraft der Anschaulichkeit zu</Unicode>
                </TextEquiv>
            </TextLine>
            <TextLine id="r1l30" custom="readingOrder {index:29;}">
                <Coords points="663,2433 2149,2431 2312,2421 2356,2368 663,2397"/>
                <Baseline points="673,2422 756,2421 840,2421 923,2420 1007,2419 1091,2418 1174,2418 1258,2417 1342,2416 1425,2415 1509,2414 1593,2413 1676,2412 1760,2411 1844,2411 1927,2410 2011,2410 2095,2410 2178,2410 2262,2410 2346,2411"/>
                <TextEquiv>
                    <Unicode>geben und Renaissance, französische Revolution, Alt=Wien in vollster Ver¬</Unicode>
                </TextEquiv>
            </TextLine>
            <TextLine id="r1l31" custom="readingOrder {index:30;}">
                <Coords points="653,2482 1409,2495 1489,2480 1489,2433 732,2429 653,2451"/>
                <Baseline points="663,2473 703,2474 744,2474 785,2474 826,2474 867,2475 907,2475 948,2475 989,2475 1030,2476 1071,2476 1111,2476 1152,2476 1193,2475 1234,2475 1275,2474 1315,2474 1356,2473 1397,2472 1438,2470 1479,2468"/>
                <TextEquiv>
                    <Unicode>lebendigung auf die Szene zu stellen.</Unicode>
                </TextEquiv>
            </TextLine>
            <TextLine id="r1l32" custom="readingOrder {index:31;}">
                <Coords points="752,2552 2348,2537 2347,2492 2102,2470 752,2489"/>
                <Baseline points="763,2539 841,2538 920,2536 999,2535 1077,2535 1156,2534 1235,2533 1313,2533 1392,2532 1471,2532 1550,2531 1628,2531 1707,2530 1786,2529 1864,2528 1943,2527 2022,2526 2100,2524 2179,2522 2258,2520 2337,2517"/>
                <TextEquiv>
                    <Unicode>In diesen inneren Stürmen bietet sich für Schnitzler ein Halt in dem</Unicode>
                </TextEquiv>
            </TextLine>
            <TextLine id="r1l33" custom="readingOrder {index:32;}">
                <Coords points="659,2595 2316,2609 2356,2558 658,2557"/>
                <Baseline points="669,2590 752,2592 836,2593 920,2594 1004,2594 1088,2594 1171,2594 1255,2593 1339,2591 1423,2590 1507,2588 1590,2587 1674,2585 1758,2584 1842,2583 1926,2582 2009,2581 2093,2581 2177,2582 2261,2583 2345,2584"/>
                <TextEquiv>
                    <Unicode>Glauben an ein Schicksal. Je älter er wird, desto fester klammert er sich an</Unicode>
                </TextEquiv>
            </TextLine>
            <TextLine id="r1l34" custom="readingOrder {index:33;}">
                <Coords points="652,2653 2267,2661 2354,2649 2354,2603 652,2632"/>
                <Baseline points="663,2652 747,2653 831,2653 915,2653 999,2653 1083,2652 1167,2652 1251,2651 1335,2650 1419,2649 1503,2648 1587,2647 1671,2646 1755,2645 1839,2644 1923,2644 2007,2643 2091,2643 2175,2642 2259,2642 2343,2643"/>
                <TextEquiv>
                    <Unicode>die ihm zur Religion gewordene Überzeugung, es gebe keine Wahl und keinen</Unicode>
                </TextEquiv>
            </TextLine>
            <TextLine id="r1l35" custom="readingOrder {index:34;}">
                <Coords points="656,2711 2356,2710 2228,2648 656,2682"/>
                <Baseline points="666,2713 754,2713 842,2713 931,2712 1019,2712 1107,2711 1196,2711 1284,2710 1372,2709 1461,2709 1549,2708 1638,2707 1726,2706 1814,2705 1903,2704 1991,2702 2079,2701 2168,2700 2256,2699 2345,2698"/>
                <TextEquiv>
                    <Unicode>Widerstand: der „Frau mit dem Dolche“, die dem Begehren des Jünglings</Unicode>
                </TextEquiv>
            </TextLine>
            <TextLine id="r1l36" custom="readingOrder {index:35;}">
                <Coords points="661,2766 2071,2783 2356,2767 2356,2716 661,2728"/>
                <Baseline points="672,2773 755,2773 839,2773 922,2773 1006,2772 1090,2772 1173,2771 1257,2770 1341,2769 1424,2768 1508,2766 1592,2766 1675,2764 1759,2763 1843,2762 1926,2762 2010,2761 2094,2761 2177,2761 2261,2761 2345,2762"/>
                <TextEquiv>
                    <Unicode>widerstrebt, macht eine Vision klar, daß sie ihrer Bestimmung, in seinen Armen</Unicode>
                </TextEquiv>
            </TextLine>
            <TextLine id="r1l37" custom="readingOrder {index:36;}">
                <Coords points="660,2837 2218,2837 2366,2788 660,2816"/>
                <Baseline points="670,2837 754,2835 838,2833 922,2831 1007,2830 1091,2829 1175,2828 1259,2827 1344,2826 1428,2826 1512,2825 1596,2824 1681,2824 1765,2823 1849,2822 1933,2821 2018,2820 2102,2819 2186,2818 2270,2816 2355,2814"/>
                <TextEquiv>
                    <Unicode>zu liegen, nicht entfliehen könne, für Georg Wergenthin ist sein ganzes Schicksal</Unicode>
                </TextEquiv>
            </TextLine>
            <TextLine id="r1l38" custom="readingOrder {index:37;}">
                <Coords points="665,2903 2360,2878 2141,2823 664,2856"/>
                <Baseline points="676,2895 759,2893 843,2892 926,2891 1010,2890 1094,2889 1177,2888 1261,2887 1345,2886 1428,2885 1512,2884 1596,2884 1679,2883 1763,2882 1847,2881 1930,2880 2014,2879 2098,2878 2181,2878 2265,2876 2349,2875"/>
                <TextEquiv>
                    <Unicode>wie das Annas, ja auch der Tod des Kindes im Augenblicke, wo sie sich be¬</Unicode>
                </TextEquiv>
            </TextLine>
            <TextLine id="r1l39" custom="readingOrder {index:38;}">
                <Coords points="654,2960 2131,2957 2330,2944 2357,2898 654,2928"/>
                <Baseline points="665,2956 749,2954 833,2952 917,2950 1001,2948 1085,2947 1169,2945 1253,2944 1337,2943 1421,2942 1506,2941 1590,2940 1674,2939 1758,2939 1842,2938 1926,2938 2010,2938 2094,2938 2178,2938 2262,2937 2347,2937"/>
                <TextEquiv>
                    <Unicode>gegneten, entschieden gewesen und er trennt sich von ihr mit dem Bewußtsein:</Unicode>
                </TextEquiv>
            </TextLine>
            <TextLine id="r1l40" custom="readingOrder {index:39;}">
                <Coords points="664,3013 2351,2998 2350,2951 2096,2941 664,2994"/>
                <Baseline points="675,3015 758,3013 841,3011 924,3009 1008,3007 1091,3006 1174,3004 1258,3003 1341,3002 1424,3001 1508,3000 1591,3000 1674,2999 1757,2998 1841,2998 1924,2998 2007,2997 2091,2997 2174,2997 2257,2997 2341,2996"/>
                <TextEquiv>
                    <Unicode>„Was uns beiden gemeinsam bestimmt war, haben wir durchlebt.“ Und in einer</Unicode>
                </TextEquiv>
            </TextLine>
            <TextLine id="r1l41" custom="readingOrder {index:40;}">
                <Coords points="656,3073 2357,3076 2357,3008 655,3046"/>
                <Baseline points="667,3069 751,3069 835,3068 919,3068 1003,3067 1087,3066 1171,3065 1255,3064 1339,3063 1423,3062 1507,3060 1591,3060 1675,3059 1759,3058 1843,3057 1927,3056 2011,3056 2095,3056 2179,3056 2263,3056 2347,3057"/>
                <TextEquiv>
                    <Unicode>seiner letzten Dichtungen steigt ein Jüngling, warnender Stimme zum Trotze,</Unicode>
                </TextEquiv>
            </TextLine>
            <TextLine id="r1l42" custom="readingOrder {index:41;}">
                <Coords points="657,3130 2312,3133 2360,3080 657,3109"/>
                <Baseline points="668,3131 752,3130 836,3129 920,3128 1004,3127 1088,3126 1172,3124 1256,3123 1340,3122 1424,3120 1509,3119 1593,3117 1677,3116 1761,3115 1845,3114 1929,3113 2013,3113 2097,3113 2181,3113 2265,3113 2350,3114"/>
                <TextEquiv>
                    <Unicode>auf freie Bergeshöhe, was ihm die Gottheit prophezeite, er hat es gegen seinen</Unicode>
                </TextEquiv>
            </TextLine>
            <TextLine id="r1l43" custom="readingOrder {index:42;}">
                <Coords points="657,3191 2320,3194 2360,3145 656,3153"/>
                <Baseline points="668,3191 752,3190 836,3189 920,3188 1004,3187 1088,3185 1172,3184 1256,3183 1340,3181 1424,3180 1508,3179 1592,3177 1676,3176 1760,3175 1844,3174 1928,3173 2012,3172 2096,3172 2180,3171 2264,3171 2349,3171"/>
                <TextEquiv>
                    <Unicode>Willen begangen, er beugt sich endlich der Macht, welche die Abergläubischen</Unicode>
                </TextEquiv>
            </TextLine>
            <TextLine id="r1l44" custom="readingOrder {index:43;}">
                <Coords points="660,3247 2290,3248 2366,3202 660,3205"/>
                <Baseline points="672,3247 756,3247 840,3247 924,3246 1008,3246 1093,3245 1177,3243 1261,3242 1345,3241 1429,3240 1514,3238 1598,3237 1682,3235 1766,3234 1850,3233 1935,3232 2019,3231 2103,3231 2187,3231 2271,3230 2356,3231"/>
                <TextEquiv>
                    <Unicode>Bestimmung, die Toren Zufall, die Frommen Gott nennen, die aber den</Unicode>
                </TextEquiv>
            </TextLine>
            <TextLine id="r1l45" custom="readingOrder {index:44;}">
                <Coords points="664,3307 2359,3294 2358,3248 2216,3236 663,3262"/>
                <Baseline points="674,3307 757,3306 841,3305 924,3304 1008,3303 1092,3301 1175,3300 1259,3299 1343,3298 1426,3297 1510,3296 1594,3295 1677,3294 1761,3293 1845,3292 1928,3292 2012,3291 2096,3290 2179,3290 2263,3290 2347,3289"/>
                <TextEquiv>
                    <Unicode>Weisen die ewig wirkende Kraft ist. Vergebens fragt er vor seinem Unter¬</Unicode>
                </TextEquiv>
            </TextLine>
            <TextLine id="r1l46" custom="readingOrder {index:45;}">
                <Coords points="665,3371 2176,3372 2360,3355 2360,3308 665,3352"/>
                <Baseline points="675,3368 758,3367 842,3366 926,3365 1009,3364 1093,3362 1177,3361 1260,3359 1344,3357 1428,3355 1512,3354 1595,3352 1679,3351 1763,3350 1846,3349 1930,3348 2014,3348 2097,3348 2181,3349 2265,3350 2349,3351"/>
                <TextEquiv>
                    <Unicode>gange: Wenn alles so kommen mußte, wie es kam, warum ward ich gewarnt,</Unicode>
                </TextEquiv>
            </TextLine>
            <TextLine id="r1l47" custom="readingOrder {index:46;}">
                <Coords points="660,3420 2273,3425 2366,3373 660,3390"/>
                <Baseline points="670,3424 754,3423 838,3423 922,3422 1007,3420 1091,3419 1175,3418 1259,3417 1344,3416 1428,3415 1512,3413 1596,3412 1681,3411 1765,3409 1849,3408 1933,3407 2018,3406 2102,3405 2186,3404 2270,3404 2355,3403"/>
                <TextEquiv>
                    <Unicode>warum? Ein Hohnlachen antwortet dem Stürzenden. Diese höhere Macht</Unicode>
                </TextEquiv>
            </TextLine>
            <TextLine id="r1l48" custom="readingOrder {index:47;}">
                <Coords points="655,3484 2365,3473 2328,3412 654,3433"/>
                <Baseline points="665,3481 749,3481 834,3481 918,3480 1003,3480 1087,3479 1172,3478 1256,3477 1341,3475 1425,3474 1510,3473 1594,3471 1679,3470 1763,3469 1848,3468 1932,3467 2017,3466 2101,3465 2186,3464 2270,3464 2355,3464"/>
                <TextEquiv>
                    <Unicode>regiert über uns. Nicht der einzelne Mensch ist des anderen Schicksal. „Er ist</Unicode>
                </TextEquiv>
            </TextLine>
            <TextLine id="r1l49" custom="readingOrder {index:48;}">
                <Coords points="663,3537 2359,3528 2326,3475 663,3512"/>
                <Baseline points="674,3540 757,3540 841,3540 925,3540 1009,3540 1092,3539 1176,3539 1260,3538 1344,3537 1427,3536 1511,3534 1595,3533 1679,3532 1762,3531 1846,3529 1930,3528 2014,3527 2097,3526 2181,3525 2265,3524 2349,3523"/>
                <TextEquiv>
                    <Unicode>nur das Mittel, dessen sich das Schicksal bedient.“ Und wir tanzen nur wie</Unicode>
                </TextEquiv>
            </TextLine>
            <TextLine id="r1l50" custom="readingOrder {index:49;}">
                <Coords points="668,3597 2364,3599 2363,3535 2308,3530 668,3572"/>
                <Baseline points="680,3600 763,3602 847,3603 930,3603 1014,3603 1098,3602 1181,3602 1265,3601 1349,3599 1432,3598 1516,3596 1600,3594 1683,3592 1767,3591 1851,3589 1934,3588 2018,3586 2102,3585 2185,3585 2269,3584 2353,3584"/>
                <TextEquiv>
                    <Unicode>Puppen an den Fäden, die uns lenken, selbst die Geschöpfe der Phantasie,</Unicode>
                </TextEquiv>
            </TextLine>
            <TextLine id="r1l51" custom="readingOrder {index:50;}">
                <Coords points="659,3660 2037,3673 2371,3614 659,3632"/>
                <Baseline points="669,3668 753,3667 838,3666 922,3665 1007,3665 1092,3664 1176,3663 1261,3661 1345,3660 1430,3659 1515,3658 1599,3656 1684,3654 1768,3652 1853,3650 1938,3648 2022,3646 2107,3643 2191,3640 2276,3637 2361,3633"/>
                <TextEquiv>
                    <Unicode>die ein Marionettenspiel vorführt, durchschneidet ein unbekannter Mäch¬</Unicode>
                </TextEquiv>
            </TextLine>
            <TextLine id="r1l52" custom="readingOrder {index:51;}">
                <Coords points="1125,4146 1242,4144 1322,4164 1392,4158 1413,4141 1426,4152 1441,4141 1521,4144 1521,4121 1405,4112 1373,4086 1284,4096 1200,4068 1126,4085"/>
                <Baseline points="1135,4157 1160,4158 1185,4158 1210,4158 1235,4158 1260,4159 1285,4159 1310,4159 1335,4159 1360,4159 1385,4159 1410,4160 1435,4160 1460,4160 1485,4159 1511,4159"/>
                <TextEquiv>
                    <Unicode></Unicode>
                </TextEquiv>
            </TextLine>
            <TextLine id="r1l53" custom="readingOrder {index:52;}">
                <Coords points="1873,4153 1900,4145 1934,4149 1966,4139 1983,4154 1994,4152 2013,4167 2034,4167 2034,4122 1968,4111 1903,4117 1890,4104 1873,4106"/>
                <Baseline points="1883,4160 1911,4161 1939,4162 1967,4161 1995,4161 2023,4162"/>
                <TextEquiv>
                    <Unicode></Unicode>
                </TextEquiv>
            </TextLine>
            <TextEquiv>
                <Unicode>—
box 39/2
d
Soth and 55th Birtmnay
297
Alexander v. Weilen, Arthur Schnitzler.
zu achten, meldet sich hier zum Worte und Schnitzler selbst klagt für diese Un¬
einheitlichkeit seines Fühlens, die ihn in seiner Jugend zur falschen Dramatik
gleicher Berechtigungen geführt hat, seine Abkunft vom Judentum an. Aber
die eigentliche Ursache ruht meines Erachtens in einem Mangel an Tem¬
perament, das in ihm wohl aufflammen, aber nicht ruhig fortlodern kann.
Selbst rasch ernüchtert wirkt er auch oft ernüchternd auf den Leser, der den
plötzlichen Abfall wohl fühlt. So hat er auch sein Höchstes bis heute in
kleinen novellistischen Skizzen, und auf der Szene mit einem virtuos dahin¬
jagenden Momentbilde, dem „Grünen Kakadu“ gegeben, während alle größeren
Arbeiten, selbst die „Liebelei“ im letzten Teile, ein Nachlassen der Kraft, ein
Versagen der Phantasie verraten, die er gelegentlich durch theatralische Ex¬
plosionen, wie sie seinem innersten Wesen widersprechen, vergebens decken will.
Dieses Jagen seiner Helden von Abenteuer zu Abenteuer ist bedingt durch
ihr rasches Vergessen. Wie der schuldig gewordene Wergenthin sein Haupt in
Annas Schoß birgt, ist ihm dieser Augenblick, den er gerade durchlebt, schon
Vergangenheit. „Gegenwart? Was heißt das eigentlich?“ fragt Schnitzler.
„Ist das Wort, das eben verklang, nicht schon Erinnerung?“ So wird in
seinem Drama, noch mehr als bei Ibsen, die Vorgeschichte oft die eigentliche
Handlung seines Schauspiels, der „Einsame Weg“ ist nichts als das Trauer¬
spiel des Erinnerns und Johannas Wort, es sei die Bestimmung mancher
Menschen, einander nichts zu bedeuten als Erinnerung, der Grundgedanke des
ganzen Werkes. Aus dieser Vergegenwärtigung des Vergangenen entsprießt
Schnitzlers Kunst, historische Buder von seltener Kraft der Anschaulichkeit zu
geben und Renaissance, französische Revolution, Alt=Wien in vollster Ver¬
lebendigung auf die Szene zu stellen.
In diesen inneren Stürmen bietet sich für Schnitzler ein Halt in dem
Glauben an ein Schicksal. Je älter er wird, desto fester klammert er sich an
die ihm zur Religion gewordene Überzeugung, es gebe keine Wahl und keinen
Widerstand: der „Frau mit dem Dolche“, die dem Begehren des Jünglings
widerstrebt, macht eine Vision klar, daß sie ihrer Bestimmung, in seinen Armen
zu liegen, nicht entfliehen könne, für Georg Wergenthin ist sein ganzes Schicksal
wie das Annas, ja auch der Tod des Kindes im Augenblicke, wo sie sich be¬
gegneten, entschieden gewesen und er trennt sich von ihr mit dem Bewußtsein:
„Was uns beiden gemeinsam bestimmt war, haben wir durchlebt.“ Und in einer
seiner letzten Dichtungen steigt ein Jüngling, warnender Stimme zum Trotze,
auf freie Bergeshöhe, was ihm die Gottheit prophezeite, er hat es gegen seinen
Willen begangen, er beugt sich endlich der Macht, welche die Abergläubischen
Bestimmung, die Toren Zufall, die Frommen Gott nennen, die aber den
Weisen die ewig wirkende Kraft ist. Vergebens fragt er vor seinem Unter¬
gange: Wenn alles so kommen mußte, wie es kam, warum ward ich gewarnt,
warum? Ein Hohnlachen antwortet dem Stürzenden. Diese höhere Macht
regiert über uns. Nicht der einzelne Mensch ist des anderen Schicksal. „Er ist
nur das Mittel, dessen sich das Schicksal bedient.“ Und wir tanzen nur wie
Puppen an den Fäden, die uns lenken, selbst die Geschöpfe der Phantasie,
die ein Marionettenspiel vorführt, durchschneidet ein unbekannter Mäch¬

</Unicode>
            </TextEquiv>
        </TextRegion>
    </Page>
</PcGts>
