3344 4384
1604 213 2047 315 box 39/2
227 231 1445 331 Soth and 55th Birthday
408 486 628 567 Seite 312
1296 506 1899 587 Dr. Blochs Wochenschrift
364 592 1578 675 im jüdischen Wien. Geschadet hat es ihm gerade nicht, und
1585 612 2819 685 unserer Zeit stehen bleiben. Aufrichtig möchte ich wünschen,
363 673 1580 730 der Dichter hat ja glücklicherweise Zeit, zu warten, bis ihm
1588 672 2812 728 daß es dem Autor, in dessen rotblonde Dichtermähne sich noch
369 716 1570 773 auch hier eine volle Anerkennung zuteil werden wird. Man
1598 719 2820 766 kein graues Haar mischt, gegönnt sein möchte, für sich und seine
371 770 1584 822 kann über den absoluten Wert seiner Dichtungen streiten,
1594 768 2819 819 Kinder eine Epoche zu erleben, wo sie nicht mehr gelten können.
375 813 1576 876 man kann einräumen, daß ihm die letzten tiefen und großen
1706 820 2815 892 Und noch in einem Punkt können wir, die Zollschan's
374 864 1584 915 Akzente des Tragikers, wie sie Hofmannsthal, Anzengruber
1596 882 2814 938 Werk mit Bewunderung für die darin aufgebotene Gelehr¬
367 916 1584 973 oder selbst Schönherr zu Gebote stehen, versagt sind, daß
1599 924 2819 983 samkeit, aber mit tiefer Trauer über die Schlußfolgerung,
371 958 1578 1016 seiner in das weite Land der Seile in ihren psychologischen
1601 974 2811 1034 die er ziehen zu müssen glaubte, gelesen haben, durch Schnitzler
369 1017 1585 1054 und physiologischen Untiefen so tief hinuntertauchenden und
1595 1031 2808 1082 Trost schöpfen. Die Schlußfolgerung, daß der europäische
371 1062 1570 1120 so vornehm herausholenden Kunst mehr die anmutige Sil¬
1595 1068 2819 1123 Jude, der drei Generationen der Bildungswelt angehört, sich
370 1111 1575 1163 honette als der große plastische Wurf gelingt, man mag
1591 1131 2814 1184 auch äußerlich vom Jndentum loslöst, Schnitzler ist ein Bei¬
375 1168 1582 1224 einräumen, daß ihn Naturwahrheit und Schaffenskraft oft
1596 1170 2810 1215 spiel, eine leuchtende Zukunftshoffnung für das Gegenteil.
373 1205 1577 1257 verlassen, wenn er seinen Nährboden, die obersten Schichten
1604 1218 2799 1263 Er lebt zufällig seit vier Generationen in Wien und sein Stamm¬
366 1259 1578 1303 der Wiener Bourgeoisie verläßt, man mag bedauern, daß
1588 1266 2812 1310 baum (Urgroßvater: baronisierter Bankier: Großvater hervor¬
378 1305 1583 1354 selbst da, wo er im „Vermächtnis“ und im „Freiwild“ tiefere
1598 1330 2815 1377 ragender Arzt und Fachschriftsteller; Vater: Universitäts¬
366 1350 1571 1415 Probleme auschneidet, es wieder nur Probleme der Schnei¬
1593 1359 2812 1426 professor und Arzt von Weltruf) widerlegt Zollschans Behaup¬
365 1404 1576 1444 dungsflächen dieser Kaste mit dem Kleinbürgertum oder der
1599 1417 2809 1461 tung von selbst. Hätten wir mehr Schnitzlers, daß heißt mehr
376 1446 1575 1501 Boheme sind, eines ist aber sicher, diese langsam versinkende
1599 1462 2823 1518 zu Mehrern deutscher Geisteskultur, deutscher Sprache, deutschen
372 1503 1582 1544 Welt, welche der wirtschaftlich= Aufschwung und der Liberalis¬
1590 1513 2816 1558 Weltruyms Gewordene, die ihr Judentum nicht verleugnen,
363 1551 1576 1595 mus herangezogen, diese Wiener Frau der jüngsten Ver¬
1602 1560 2813 1612 wahrlich, um das Ansehen unseres Volkes wäre es besser
367 1598 1574 1656 gangenheit, die von einem stärkeren „dritten“ Geschlecht ab¬
1603 1609 2813 1656 bestellt. Und so möge der Dichter diesen bescheidenen Fest¬
367 1641 1581 1712 gelöst wird, und deren geheimen Leiden und noch geheimeren
1607 1658 2806 1717 gruß einer durch drei Generationen bestandenen Familien¬
367 1701 1577 1749 Freuden der gewesene Nervenarzt so wundervoll nachgegangen
1605 1706 2805 1771 freundschaft mit der ihm eigenen Liebenswürdigkeit und
377 1747 1585 1792 ist, dieser Rebenduft der Wiener Landschaft, der in der wach¬
1606 1763 2045 1827 Nachsicht aufnehmen.
2628 1757 2764 1820 C. B.
367 1795 1592 1852 senden Großstadt verschwinden wird, dieses vornehme, dekadente
2606 1809 2683 1897 Z
378 1842 1591 1900 Aesthetentum einer alternden Hyperkultur, alles das, was
365 1894 1580 1944 die spezielle Wiener Note ausmacht, wird für den Kultur¬
373 1941 1272 1993 historiker in Schnitzler's Werken weiterleben.
497 1978 1597 2041 Der Dichter, der einst ein Stürmer und Dränger in
374 2040 1594 2094 Glacéhandschuhen und Gamaschen war und jeden Zusammen¬
373 2093 1582 2143 hang mit der Tradition ableugnen wollte, ist sich heute wohl
374 2135 1591 2182 selbst bewußt, daß seine Bertha Garlan eine Tochter der
373 2186 1583 2249 Hero, viele seine von Frauengunst getragenen und von Frauen
367 2237 1592 2291 vorwärts geschobenen jungen Männer Abkömmlinge des
367 2282 1588 2329 Phaon und Jason, ja selbst sein junger Medardus im
374 2330 1587 2377 Innersten mit dem greisen Kaiser Rudolf II. wahlverwandt
373 2375 1601 2427 ist. Und wie die Form bei ihm oft den Inhalt überragt,
366 2428 1595 2470 ist er seit Walter von der Vogelweide der erste Oesterreicher,
380 2477 1595 2531 dessen Sprache von Deutschen als mustergiltig empfunden
370 2526 1594 2577 wird, eine Sprache, über die ein deutscher Literarhistoriker
378 2586 1591 2634 mit Recht die Devise: Goethe gesetzt hat, und deren wir
378 2623 1588 2671 uns umso mehr erfreuen können, als uirgends auf unsere
372 2673 1594 2717 österreichische Literatursprache hochmütiger herabgeblickt
368 2714 1051 2781 wurde, als im deutschen Norden.
503 2773 1597 2817 Da spricht es nun Bände für die ganze Tragik des
378 2816 1591 2863 Judentums, daß dieser Mann, der jüdischen Sitten, jüdischem
371 2864 1586 2916 Ritus, jüdischem Volkscharakter ganz ferne steht, dem seiner
376 2917 1592 2969 Erziehung nach das Indentum nicht einmal ein pieux
384 2968 1594 3026 souvenir de famille, wie Theodor Gomperz von sich sagte,
371 3029 1599 3074 sein konnte, der noch dazu, wie sein Dichter Bermann, die
382 3061 1595 3109 im harten Daseinskampf erworbenen Fehler und Vorzüge
372 3113 1598 3155 des Jnden gleich abstoßend empfindet, ihm, der nie einen
378 3163 1595 3221 Daseinskampf geführt, der im praktischen Leben von rührender
372 3215 1595 3261 Unbeholfenheit ist und eines am wenigsten versteht,
371 3262 1594 3304 sich vorzudrängen und zur Geltung zu bringen, einer
379 3303 1600 3358 der wenigen, der wohl in keiner Sekunde an sich den
374 3342 1593 3419 Fluch erfahren, Jude zu sein unNm von germanischen
378 3418 1593 3470 Volksgenossen vielleicht zuerst und am aufrichtigsten zugejubelt
383 3456 1595 3515 worden ist, da ist es nun tief tregisch, wenn selbst
385 3500 1599 3558 ein solcher Mann die aus tiefster Seele kommenden Worte
383 3559 1596 3623 im Weg ins Freie gesagt hat: Glauben Sie, daß es einen
374 3598 1586 3648 Christen auf Erden gibt, und wäre es der edelste und ge¬
384 3650 1591 3701 rechteste und treueste, einen einzigen, der nicht in irgend
386 3701 1600 3765 einem Augenblick des Grolls, des Unmuts, des Zorns selbst
373 3764 1591 3809 gegen seinen besten Freund, gegen seine Geliebte, gegen seine
383 3809 1590 3857 Frau, wenn sie Juden oder jüdischer Abkunft waren, deren
375 3854 1599 3908 Judentum, innerlich wenigstens, ausgespielt hätte?" Diese
385 3898 1607 3944 Worte, die eine so tief tragische Wahrheit enthalten und
385 3945 1599 4005 noch wahrer wären, wenn Schnitzler statt Christ Deutscher
377 3980 1591 4055 gesagt hätte, denn vom Italiener und Engländer möchte ich
390 4043 1598 4112 das gleiche nicht behaupten, werden als trauriges Denkmal
