3344 4320
1494 349 1998 450 box 39/2
166 389 1404 469 Soth and 55th Birthdav
1927 1477 1992 1546 M
1515 1502 3268 1589 zu lenken glaubte, erfährt es in dem Augenblick, indem seine! Buches. Traf sie sein Aug
619 1448 1251 1634 Ardhur Schnitster.
1522 1550 3257 1630 Traumwelt niederbricht. Mit fast theoretischem Witz hatsauch zu umfassen, und hi
1523 1597 3264 1677 Schnitzler das Zusammenfließen von Ernst und Spiel, Wirk- gütigen Ironie leben sie sich
340 1606 1501 1686 Zi des Dichters 50. Geburtstag, 15. Mai.
1521 1644 3280 1720 lichkeit und Traum in der Groteske „Zum großenlvollen Wiener Bürgertypen
349 1676 1477 1745 Ein Schattenriß von Hermann Kienzl=Berlin.
2720 1681 3276 1758 dardus“.) Aber Fleisch
1526 1711 2727 1770 Wurstel“ behandelt. Dasselbe Thema fand den frappan¬
2719 1720 3282 1792 sind die feinbenervten in
387 1742 1519 1789 Arthur Schnitzler gab seinem fünfzigsten Geburtstag
1519 1738 2730 1819 testen Ausdruck in dem grandiösen Einakter „Der grüne
2724 1775 3277 1849 ohne Antwort, die Untreu
293 1773 1527 1832 das rechte Symbol, indem er gerade jetzt das Buch erscheinen
1522 1779 2741 1863 [Kakadn“, der am 14. Juli 1789, dem Tag der Bastillen¬
304 1829 1534 1883 ließ, das im letzten Jahre entstanden ist. Damit brachte er
2729 1824 3274 1880 Tod Geküßten, die das L#
1517 1821 2737 1895 lerstürmung, in der wüsten Kneipe Prosperes spielt, wo sich
301 1869 1524 1929 sich selbst das einzige Festgeschenk dar, das seiner würdig ist.
1526 1868 3272 1949 Sanskulotten, Komödianten und ahnungslose, neugierige Sein und Wesen hat Schni
307 1914 1526 1976 Wir sagen von einem Wohltäter, er lebe zu der Menschen
1527 1904 3276 2000 Aristokraten bunt vermischen. Die hochgeborenen Gästel rischen Innenlebens gegebe
2727 1957 3279 2020 heißt — wohl gerade darum
295 1960 1532 2037 Freude; aber er lebt im Ersprießlichen sich seibst zur Freude.
1522 1959 2749 2038 lapplandieren noch dem amüsanten Theaterspiel, als der eifer¬
2726 1998 3274 2069 schen einen solchen Wegn
306 2009 1532 2075 Dichterisches Schaffen ist stärkstes Vitalitätsgefuhl. Wir
1522 2011 2738 2078 süchtige Schauspieler den leibhaftigen Herzog wirklich er¬
2724 2046 3269 2104 Heim= und Fremdsein, de
307 2052 1541 2123 glauben uns vom Dichter beschenkt; aber er beschenkt sich, in¬
1530 2061 2736 2126 stochen hat und vor den Türen die Revolution ausgebrochen
2728 2095 3275 2146 Schicksal übernahm, wird i
311 2095 816 2174 dem er sich ausschenkt.
1526 2092 2749 2178 ist. Aber der blutige Täter selbst gab sich nicht Rechenschaft,
2738 2132 3253 2213 heitlichen Schicksal, und
380 2117 1534 2202 Das neue Buch des Dichters: „Masken und
1526 2134 2739 2229 als die rote Woge der Leidenschaft ihn aus dem Spiel in die
2733 2189 2949 2259 Symbol.
311 2178 1537 2255 Wunder“ ist auch deshalb von Bedeutung, weil seine sechs
1528 2183 2744 2270 grause Wirklichkeit trug. Und wieder in der „Hirten¬
317 2229 1537 2298 Novellen die tiefen Grundakkorde aller Schnitzlerschen Dich¬
2798 2219 3259 2296 Auch „Der Weg ins
1526 2226 2761 2306 Iflöte“, einer wundervollen Novelle des letzten Buches, geht
2978 2266 3040 2322 70
318 2279 1541 2341 tungen sammeln. Wieder horcht er hinab zu dem leisen,
2731 2261 3275 2351 „Alles fließt“. Auch hier
1534 2275 2746 2353 Dionysia, die ein holdes, keusches Weib war, wie im Traum
307 2322 1548 2375 dunklen Rauschen eines Lebens in uns, das mächtiger ist,
2737 2319 3274 2397 der Lenz Ewigkeit geloge
1537 2315 2746 2399 durch die außerordentlichen Ruchlosigkeiten ihres Lebens¬
316 2372 1539 2435 als unsere klaren Erkenntnisse, Pläne und bewußten
2742 2357 3279 2436 diese Unfähigkeit des trei
1528 2365 2745 2439 Was hat sie verwandelt? Nein, eine Wandlung war es nicht!
309 2400 1536 2471 Folgerungen: dieses in uns verborgene Leben, das mit.
2734 2417 3271 2490 halten, ist ein Leitmotiv f#
1538 2426 2747 2493 Aber der selbstquälerische Gatte, sinnbildlich zum ewig un¬
315 2466 1538 2519 unserem Traum und Wachen ein verwirrendes Spiel treibt,
2734 2458 3260 2526 Schnitzlers. Und meist i
1533 2460 2749 2540 befriedigten astronomischen Forscher gemacht, hatte sie mit
312 2501 1539 2574 führt uns, indes wir uns selbst zu führen meinen. Schnitzlers
2743 2501 3244 2570 Mannes furchtbar. In
1542 2514 2743 2581 dem Frevelmut seines Skeptizismus ihren eigenen, noch
2745 2538 3276 2621 knaben „Anatol“ fallen
315 2536 1546 2617 erstem Buche, dem „Anatol“, jenen skeptisch=frivolen Szenen
1535 2546 2747 2630 schlummernden Trieben übergeben die er wachrief, indem er
2751 2600 3270 2670 „Liebelei“ jedoch, Schi
316 2595 1546 2674 aus dem Leben eines jungen Wiener Epikuräers, hatte Hof¬
1533 2602 2752 2671 sein argloses Weib verpflichtete, rücksichts= und reuelos jedem
2746 2637 3258 2715 dieser Schatten schwarz
313 2634 1029 2726 mannsthal das Motto gegeben:
1541 2649 2753 2720 in der Tiefe erlauschtem Wunsche nachzugehen. Befreit von
611 2678 1130 2753 „Also spielen wir Theater
1534 2686 3272 2766 allen Hemmungen, treibt nun das Leben mit Dionysia ein Schatten. Der junge Fritz
604 2720 1155 2797 Spielen unste eignen Stücke,
2731 2728 3275 2811 als Anatol, doch kann er
1533 2755 2362 2817 wildes, brausendes, vernichtendes Spiel.
607 2744 1283 2840 Frühgereift und zart, und traurig,
2743 2765 3266 2835 eine Dame der großen B
1609 2765 2758 2859 „Sicherheit ist nirgends. Da wir nicht Herren unserer
602 2804 1139 2866 Die Komödie unster Seele.
2746 2827 3268 2890 Lebensstunde begreifen, da
1535 2833 2755 2912 selbst sind, entgleiten wir uns, wie uns das Leben, der Be¬
602 2827 1270 2900 Unsres Fühlens Heutz und Gestern,
2750 2855 3276 2926 schöpf ihm, beschieden gewe
604 2886 1170 2948 Böser Dinge hübsche Formel,
1535 2867 2751 2960 sitz der Seele, die Liebe entgleiten.“ Arthur Schnitzler, als
2753 2917 3283 2972 das seiner flüchtigen Laun
607 2914 1166 2977 Glatte Worte, bunte Bilder.
1545 2920 2762 2997 Wiener ein feinstes Zuchtwahlprodukt überreifer, herbstlicher
607 2947 1202 3035 Halbes, heimliches Empfinden,
2751 2958 3285 3029 Leben entgegengebracht h
1548 2977 2756 3044 Kultur; als deutscher Denker und Schwärmer ein Probiema¬
613 3001 993 3072 Agonien, Episoden
1541 3004 3272 3093 tiker, der, wenn es Rätsel zu lösen gibt, sein mildes Gemüt,llischt die Liebe, oder sie
412 3039 1453 3119 Und Schnitzler selbst spricht in dem nachdenklichen
1549 3084 3258 3139 sein eigenes Mitleid nicht schonen kann; als Jude mit mordet. (Nur einmal,
328 3082 1080 3179 akter „Paracelsus“ die Worte:
1540 3094 3273 3185 einem unendlichen Heimweh, mit dem melancholischen Drama „Der Schleie
527 3123 1338 3210 „Es fließen ineinander Traum und Wachen,
1539 3136 3288 3242 Zweifel begabt, der selbst die Stunde des Taumels und Ge¬Herz des Mannes an der
514 3178 1358 3242 Wahrheit und Lüge. Sicherheit ist nirgends.
1542 3188 3276 3273 nusses trübt; dieser aus kostbaren Elementen zu einer Eigen=Beatrice in die wilden A
526 3213 1381 3286 Wir wissen nichts vom Andern, nichts von uns.
1543 3232 3267 3313 heit ohne Gleichen erwachsene Dichter hat selten in seinen innere Unbeständigkeit, ist
517 3264 1320 3322 Wir spielen immer; wer es weiß, ist klug.“
1549 3277 3277 3356 Schöpfungen die robusten, gesund=animalischen Menschen ge=ldie Brunst nach dem Leh
415 3296 1554 3375 Wer es nicht weiß, wie sein „Puppenspieler“ der
323 3326 3279 3440 die Drähte des eigenen und fremden Seins mit festen Händenlsucht. Doch wohl in einzelnen Einaktern des „Neigen"=Christine (nebenbei ein
642 3442 1356 3651 Katner 1
