3344 4384
207 226 2058 329 Soth and 55th Birthday box 39/2
1217 1438 2434 1489 kehrt der Zug in die Moschee zurück, und die ganze Nacht
1218 1484 2419 1536 darauf hört man die frommen Gesänge der Araber, die
1222 1529 2430 1583 auf den Dächern ihrer Häuser knien, zum Himmel empor¬
1227 1567 2424 1632 steigen, während der Chefmarabu unter gräßlichen Schmerzen
1217 1617 1874 1692 meist seinen Geist aushaucht.
1318 1674 2430 1729 Vom rein menschlichen Standpunkt schadet es gewiß
1216 1719 2426 1776 nichts, wenn die Italiener angesichts der stetig fortschreiten¬
1218 1761 2426 1829 den Kultur diesen Unfug verboten haben. Ob es freilich
1222 1808 2426 1870 politisch klug war, darüber wird man anderer Meinung sein
1220 1852 1542 1926 dürfen als sie.
1314 1939 1517 2032 Gaze.
1519 1948 2276 2040 Arthur Schnitzler.
1437 2004 1557 2048 —
1278 2017 2273 2115 FuTeITI NV. WrhIFrewid- Mat.-
1334 2088 2423 2167 Den Reigen der 50jährigen Dichterjubilare in diesem Jahre
1225 2149 2424 2208 eröffnet der Wiener Arzt Arthur Schnitzler, der dramatisierende
1229 2194 2426 2256 Novellist. Als ausgeprägte Persönlichteit steht er in der deutschen
1218 2247 2431 2292 Literatur; die ferneren Jahre werden nicht mehr viel dazu zu geben
1221 2292 2434 2339 und nicht mehr viel davon wegzunehmen haben. Er besitzt in ge¬
1230 2327 2418 2380 steigertem Maße jene Wiener Art, die mit der sinnlichen Genuß¬
1224 2363 2436 2432 freudigkeit des Aestheten, mit einer Dosis Skepsis und einem bißl
1227 2415 2423 2473 Frivolität und liebenswürdig=grober Offenheit im Leben steht.
1221 2460 2420 2509 Es ist nicht ein Uebermaß von Temperament, das ihn wie z. B.
1227 2495 2428 2555 Hermann Bahr bald in diese, bald in jene Richtung trieb und ihn
1226 2543 2427 2600 in leidenschaftlicher Brauseköpfigkeit für Hinz und Kunz und stän¬
1224 2586 2425 2644 dig wechselnde Götter Partei ergreifen ließ. Mit dem ersten Werke
1221 2623 2434 2697 schon stand er bereits mit beiden Füßen auf seinem Weg, und es
1233 2676 2429 2731 war ein ständiges, dem Anschein nach tändelndes, im Grunde aber
1230 2715 2433 2775 energisch zähes Fortschreiten. In sein weiches, leichtes Wiener
1232 2762 2440 2816 Blut mischte sich die Schwermut des Stimmungsmenschen. Arthur
1228 2802 2430 2855 Schnitzler ist ein Stimmungsmaler von tausendfältiger Nuance,
1226 2844 2436 2913 von wollüstig feinen. Uebergängen, von spielerischer Anmut und
1224 2892 2434 2949 erlesenem Kunstgeschmack. Aber er versinkt nicht in die Stimmung,
1226 2944 2431 2993 er schautelt auf dem leisen Wellenspiel. Sein Verstand hält die
1223 2980 2385 3031 Ruder, damit ihn die Woge nicht überrascht. Er liebt sie nicht —
1226 3026 2424 3076 Wogen und Sturm. Er ist zu müde, zu gefühlskühl dazu. Er
1226 3063 2429 3114 bangt nicht vor der Leidenschaft, weil sie ihn niederringen könnte,
1223 3110 2440 3174 sie ist ihm kein drohendes Element, das er sucht, weil sein Blut
1225 3164 2431 3211 es braucht. Er steht immer so ein wenig außerhalb von allem.
1230 3195 2431 3243 Seine Gestalten sind nicht so eigentlich Fleisch von seinem Fleische,
1229 3236 2440 3285 Blut von seinem Blute. Er ruft sie in den Dämmerstunden seiner
1167 3292 2430 3358 1 1 Stimmungsträumereien, nicht um sich mit ihnen zu verschmelzen,
