3296 4384
1890 158 2417 249 ———
687 252 774 319 55
1576 237 2015 339 box 39/2
197 243 1468 350 Sothand th Birthdar
687 1087 2436 1174 winkel gebracht und solch zwingendes Erzählen sonderbarer Dinge, daß man
679 1166 2430 1245 gar nicht wünschen möchte, sie wären nie an ihn herangetreten. Einen grill¬
675 1232 2421 1294 parzerisierenden Grundzug seiner Dichtung, ein rebellionsloses Sichbescheiden¬
685 1307 2429 1361 und Begrenzenwollen, hat Schnitzler bald besiegt. Ob seine Hingabe ans
690 1362 2434 1419 Grenzenlose, an die übersinnlichen Mächte der Welt der Preis dieses Sieges
682 1424 2432 1468 ist? Oder auch dies nur Stufe und Weg? Man möchte es hoffen. Denn zur
700 1477 2433 1537 „Dämmerseele“ taugt er nicht. In seinem Werk lebt so viel von unsrem
680 1549 2422 1593 Jetzt, wird so viel von unsrer Vergangenheit laut, spricht so viel Zukünftiges,
686 1580 2443 1655 daß es nicht vom Kenrbesen der Zeit beiseite gefegt werden kann. Darin
694 1629 2438 1711 liegt auch die Lösung der seltenen Erscheinung, daß hier zwei, ja drei
692 1688 2431 1769 Generationen einer Meinung über ihn sind. Sonst wird vom Heute weg¬
684 1755 2437 1820 gestoßen, was vom Gestern geliebt war — weil es vom Gestern geliebt war.
696 1808 2440 1892 Bei Arthur Schnitzler sind alle in der Liebe einig. Weil in seinem Werke
694 1877 2447 1951 eben mehr ist als bloß die Dinge des Gestern. Er gehört zu den Seltenen,
688 1934 1858 2008 die immer wieder ein „Morgen“ vor sich haben.
1540 3610 1640 3706 356
