3392 4384
2107 166 2416 263 —.—
1687 233 2136 347 box 39/2
313 243 1549 362 5oth and 55th Birthday
863 1007 2634 1130 lichkeiten der Landschaft und der geistigen Atmosphäre; aber in Wahrhei:
871 1097 2621 1184 hat sich kaum einer weniger wiederholt als er, ist kaum einer so entschieden
860 1159 2605 1216 aus engstem Kreis ins Weite geschritten. Sein Hauptwerk? Der „Medardus“
896 1231 2611 1293 — vielleicht; hier sind alle Elemente seines Wesens am reinsten beisammen.
852 1279 2610 1356 Aber kaum ist dies ausgesprochen, so drängen sich als Einwände seine
856 1339 2610 1408 anderen Stücke und seine Erzählungen heran und zeugen für anderen Reichtum.
860 1387 2607 1467 Er hat begonnen wie ein Franzose, der zufällig in Wien geboren war,
865 1441 2617 1536 Hat all diese pikante Dialoggrazie bald weggestreift, ist aus den Bezirken
861 1515 2619 1581 enger und kleinbürgerlicher Erotik (die er freilich in der „Liebelei“ in
873 1563 2622 1612 wundervolles Allgemein-Menschliches hinaufzutreiben wußte) ins weite Land
863 1646 2617 1702 gegangen, in dem nur mehr die Wichtigkeiten des Menschentums Gesetz
870 1687 2617 1744 sind. Von den Anatolabenteuern und all' den großen und kleinen Schmerzen
862 1735 2607 1800 der Liebe — die er in Meisterwerken von Maupassantscher Klarheit und
864 1810 2618 1873 Reife dargestellt hat — ist er längst fort, hat nach allen bedeutsamen
856 1869 2610 1949 Problemen des gesellschaftlichen Lebens gegriffen, hat die Fragen des Duells
858 1925 2603 1987 (Freiwild), des Militarismus (Leutnant Gustl), des gebildeten Großstadtjuden
865 1975 2603 2037 („Der Weg ins Freie“ — sein persönlichstes und anziehendstes Bekenntnis)
865 2045 2619 2113 ebenso scharf gepackt, wie manche Fragen der Ehe (Zwischenspiel), hat
857 2081 2612 2154 von allen möglichen Verlogenheiten und Grausamkeiten den Schleier gehoben
862 2152 2602 2221 („Vermächtnis“, „Reigen“), hat in der „Beatrice“ seinen großartigsten Dichter¬
862 2213 2611 2285 und Schönheitstraum geträumt, hat das bedenkliche Verhältnis des Schaffenden
854 2269 2610 2332 zu seinen Anlässen, anders als Ibsen in seinem „Epilog“ in den „Lebendigen
863 2323 2612 2392 Stunden“ mit bestrickendem Geist und unbarmherziger Offenheit gestaltet
862 2388 2598 2427 und ist im „Einsamen Weg“, im „Ruf des Lebens“ in den „Marionetten“
850 2463 2613 2522 zu den tiefsten Aufschlüssen vom Puppenspiel des Lebens gelangt. Uberall
855 2515 2604 2577 ganz er selbst und doch überall anders, von neuen Perspektiven aus die
860 2563 2611 2631 alten Gesichter betrachtend. Aber keines dieser Werke spricht seine Totalität
847 2629 2611 2695 aus. Nicht einmal sein erstes: während die großen Dichter sonst gerade in
847 2677 2594 2731 ihren Anfängen ihr ganzes Ich in ihr Werk pressen, hypertrophisch, über¬
846 2727 2608 2793 laden und übertrieben, aber aufschlußreich für ihr ganzes späteres Sein, hat
850 2793 2608 2846 Schnitzler schon im „Anatol“ genau so artistisch gearbeitet, wie zur Zeit
851 2848 2604 2908 seiner schönsten Meisterschaft, hat in ungemein besonnener Gewissenhaftigkeit
847 2914 2605 2967 alles aufdringliche ausgeschieden, hat fast altklug alles vermieden, was sein
855 2965 2600 3045 eigentliches Wesen verkünden könnte, hat sich in diesen anmutvoll geist¬
842 3034 2594 3102 reichen, melancholisch skeptischen Szenen in die reinste Form und in eine
847 3090 2598 3153 kühle Ironie geflüchtet, die nichts von der Wärme der nachfolgenden Werke
852 3151 2603 3208 hatte. Niemals geht sein Temperament hier mit ihm durch; alles selbst¬
858 3207 2598 3266 verräterische fehlt. Woher kommt, daß alles was er nachher gemacht hat,
843 3269 2595 3339 jugendlicher wirkt, als gerade seine ersten Sachen: der „Anatol“, das
849 3327 2600 3384 „Märchen“. Jugendlicher, voller — auch voller von ihm selbst. Er hat eine
849 3376 2618 3442 Reihe von Meisterwerken vollendet. Aber sein eigentliches Erstlingswerk ist
846 3434 1476 3513 er noch schuldig geblieben.
1655 3514 1801 3608 354
