3436 4384
176 1373 271 1447 es
221 313 1538 433 50th and 55th Birthday
245 1495 1428 1558 das gütigste Verstehen. Denn er spricht nicht über Men¬
244 1541 1423 1605 schen, um sie zu verlachen, oder um seinen Geist glänzen
240 1590 1418 1646 zu lassen, oder um mit seiner Menschenkenntnis zu para¬
239 1642 1415 1705 dieren, sondern er spricht über sie, weil es ihn interessiert,
241 1681 1417 1743 weil ihn, im Grunde, nichts anderes interessiert, und er
247 1739 1425 1808 tut es ruhig, gelassen, wissenschaftlich ernst und doch mit
248 1774 1415 1836 einer gewissen akademischen Heiterkeit. Diese Methode be¬
249 1828 1416 1879 hält er auch im Literarischen bei, nur daß ihm dann seine
241 1867 1430 1943 Phantasie zu Hilfe kommt, die, mehr kombinatorisch als
250 1932 1422 1985 frei schöpferisch, Charaktere verbindet und Schicksale ver¬
249 1972 1425 2027 knüpft. Das Herz seiner Dichtung ist Menschenkenntnis,
247 2018 1414 2076 und sie ist auch das letzte Geheimnis seines Dialogs, der
247 2066 1421 2128 oft, aber meist gedankenlos gerühmt, in seinem eigent¬
242 2106 1420 2168 lichen Wesen nur selten ersußt wird. Denn nicht die An¬
242 2151 1414 2216 mut, die auch andere haben, noch auch der für Schnitzler
245 2210 1407 2273 charakteristische gutartige Witz und eine seltene Wortkultur
242 2256 1418 2307 machen den Wert dieses Dialogs aus, sondern die tiefe
245 2299 1422 2367 Menschenkenntnis, die sich auf die liebenswürdigste Art
237 2355 1415 2414 darin aufschließt. Schnitzler schreibt, in der ihm eigentüm¬
243 2400 1413 2462 lichen Sphäre des Gesellschaftsstückes, einen besseren Dialog
246 2442 1408 2503 als irgend ein anderer deutscher Autor, weil er diese seine
249 2492 1409 2548 Menschen besser kennt und mehr von ihnen weiß als
236 2545 1407 2603 irgend ein anderer Dichter. Es ist seine besondere Kunst,
247 2590 1413 2654 die er nachgerade bis zur Virtuosität ausgebildet hat, das
241 2632 1417 2719 ganze Leben eines Menschen in das Gespräch einzu¬
247 2685 1414 2749 beziehen. Angewandte Menschenkenntnis, auf den ein¬
238 2726 1419 2812 zelnen und auch auf die Allgemeinheit angewandt, das
234 2783 587 2865 ist sein Dialog.
318 2833 1418 2897 Schnitzler wäre jedoch, trotz aller Erfahrung und aller
242 2878 1420 2953 Bemühung — er hat sich das Dichten nie leicht gemacht
297 2939 1420 2999 nicht der Menschenkenner, der er ist, wenn er nicht
249 2987 1407 3045 selbst ein Mensch wäre. Nur ein Mensch lernt Menschen
243 3043 1405 3094 kennen und nur die wenigsten sind es. Schnitzlers reifes
241 3080 1415 3142 Menschentum, das uns aus seinen Schriften anspricht,
245 3138 1417 3201 tritt uns auch im Leben leibhaftig entgegen; wir
242 3178 1402 3238 haben bei ihm das im Verkehr mit Künstlern nicht all¬
245 3222 1421 3284 tägliche Gefühl, daß es stimmt, daß Leben und Kunst sich
185 3274 1437 3369 d decken, ohne Rest ineinander aufgehen. Das erzeugt von
1543 302 2103 410 box 39/2
1483 1421 3348 1535 Anfang an eine gewisse Atmosphäre von Vertrauen, die; auch in der Literatur be behalten?
2640 1498 2877 1575 Patienten.
1475 1499 2628 1580 sich jedem mitteilt, der in seine Nähe tritt. Selbst¬
2722 1531 3353 1613 Es ist beliebt, auch eine ander
1484 1545 2638 1635 beherrschung die ihn auch ils Künstler adelt, ist seine
2637 1591 3351 1666 Schnitzlerschen Wesens, jenes innig
1473 1600 2638 1684 hervortretenoste Eigenschaft. Aus ihr und einer gewissen
2639 1650 3332 1710 Tode, der in allen seinen Werken
1493 1651 2635 1727 inneren Gutmütigkeit ergibt sich seine besondere Art von
2646 1689 3351 1763 Anspruch nimmt, mit dem früher
1486 1711 2635 1780 Vornehmheit, die sich niemals kalt abschließt, aber ihre
2644 1735 3320 1816 Verbindung zu bringen. Jedoch
1492 1751 2640 1825 Abgeschlossenheit auch in der Wärme behauptet. Seine
2647 1787 3347 1847 Schnitzler, auch wenn er in seiner
1487 1786 2643 1874 Maxime im Verkehr mit Menschen ist die Aufrichtigkeit,
2647 1812 3357 1920 Schullehrer gewesen wäre, in viele
1491 1838 2634 1921 aber es ist die gedämpfte Aufrichtigkeit des Arztes, der,
2649 1882 3348 1942 Lebens an den od hätte denken
1489 1885 2629 1966 was er zu sagen hat, auf eine schonende Art mitteilt.
2652 1928 3344 1992 cholie ist die Krankheit der großen
1497 1934 2642 2014 Schnitzler lügt nie (von wie wenigen Menschen kann man
2642 1972 3347 2042 Wort, und Hypochonder gibt es a
1496 1979 2636 2063 das sagen!) und er weiß die Wahrheit fast immer in eine
2651 2025 3326 2104 nicht nur unter den Dedizinern.
1499 2029 2640 2112 angenehme orm zu bringen. Ich erinnere mich in diesem
2642 2058 3368 2152 über den Tod sind nur ein Kor#
1494 2071 2639 2151 Zusammenhung eines kleinen, persönlich erlebten Zuges.
2653 2120 3349 2198 ein notwendiges, das sein Talent
1495 2122 2640 2201 Es war bei der Generalprobe eines neuen Stückes von
2659 2164 3353 2240 hütet hat. In Wahrheit neigt sein
1486 2169 2641 2242 Max Burchard. Das Stück war schlecht, das wußten wir
2647 2217 3350 2296 Grübelsucht und Selbstquälerei, eh
1503 2215 2641 2297 alle, die wir zuhörten, die Schauspieler wußten es, der
2655 2265 3349 2350 fühlt jeder, der ihn einmal lachen
1500 2262 2640 2345 Direktor, vermutlich auch der allverehrte Autor selbst.
2651 2318 3361 2388 wie ein Kind, bezaubert und bezat
1495 2311 2644 2396 Nichtsdestoweniger wendete er sich nach dem letzten Akt,
2656 2361 3359 2436 herzerquickend. Und auch in seinen
1495 2372 2644 2443 der, wie es schon bei schlechten Stücken zu gehen pflegt,
2651 2402 3353 2484 Lachen, „das zu seiner Natur gehö
1495 2410 2645 2489 der schlechteste war, an den neben ihm sitzenden Schnitzler,
2659 2457 3346 2540 ein. Je mehr er sich über die Sph
1498 2454 2647 2535 der in ruhiger Haltung höflich zugehört hatte. „Wie ge¬
1503 2500 2648 2597 fällt Ihnen der Akt?“ fragte Burckhard etwas ängstlich;
2652 2505 3348 2587 hebt und zu einer freien Betrag
2660 2554 3350 2635 heitecer wird sein literarischer Gesi
1502 2547 2648 2622 und Schnitzler, nach einer ganz kleinen Pause, sehr freund¬
1616 2593 2638 2668 sehr artig: „Er hat mich nicht überzeugt.“
2651 2598 3340 2679 rielleicht schenkt er der deutschen
1488 2620 1613 2686 lich,
1492 2641 2640 2719 Ein anderer hätte vielleicht gesagt: „Sehr hübsch!“
2656 2650 3348 2734 noch das Lustspiel, das viele sein
1621 2692 2650 2784 es hätte wie eine Beleidigung geklungen,
2656 2694 3349 2762 ehrer von ihm erwarten. Seine
1503 2720 1603 2781 und
1509 2737 2653 2820 ein zweiter: „Interessant!“ und man hätte ihm die Lüge
2662 2735 3347 2816 ein virtuoses Charakterisierungsve
1495 2780 2640 2874 vom Gesicht abgelesen; ein dritter hätte grob: „Gar nicht!“
2655 2794 3358 2859 stand und das Produkt dieser bei
1495 2830 2642 2907 gesagt, und viele, die der Hofrat allerdings nicht fragte,
2652 2846 3361 2917 all das verfügt er in einem Maße
1499 2894 2644 2968 hätten mit einer coulanten Verbeugung erwidert: „Ausge¬
2664 2893 3355 2951 in Deutschland, und er hat diese
1499 2924 2651 3007 zeichnet, Herr Hofrat!“ Schnitzler neigte den Kopf und
2670 2937 3353 3008 schon wiederholt in heiteren Dialog
1508 2968 2659 3054 sagte: „Er hat mich nicht überzeugt.“ Das war die volle
2669 2992 3359 3058 spielen lassen. Daß er noch kein g#
1508 3019 2657 3106 Wahrheit, auf die liebenswürdigste Form gebracht. Wozu
2660 3031 3332 3098 würde nichts beweisen, denn das
1505 3072 2652 3147 verletzen? So antwortet ja auch der Arzt, wenn er es mit
2665 3058 3358 3155 bei den Berufenen spät und entwil
1503 3118 2652 3189 einem unheilbaren Kranken zu tun hat, auf seine besorgte
2663 3137 3350 3212 Schnitzler, der Fünszigjährige, w
1509 3171 2651 3242 Frage nicht direkt mit einem Todesurteil, sondern er
2670 3177 3359 3270 um mit dem Lustspiel Ernst zu m
1509 3205 2659 3294 sagt: „Sie sind recht krank!“ oder: „Sie müssen sich
3142 3231 3351 3320 Raou
1493 3257 2668 3369 schonen!“... Warum sollte man diese milden Sitten nicht
