3392 4384
1656 178 2095 273 box 39/2
281 191 1498 295 Sothand 55th Birthday
2509 735 2705 808 Nr. 20
1437 752 1830 820 Die Gegenwart.
551 758 684 831 314
1759 864 2719 935 Der vornehme Einzelne, der in dieser Zeit
566 882 1603 953 Bürgertums, des großstädtischen vor allem,
1677 943 2706 1002 nicht mehr für sich bestehen kann, und doch noch
560 954 1604 1016 die an Schnitzler einen lebendigen Anteil
1676 999 2702 1082 nicht gelernt hat, dienendes Glied zu sein, der
571 1007 1613 1082 nehmen. Und damit ist schon viel von seinem
1687 1052 2706 1123 junge Herr mit den Genießermanieren des
576 1061 1606 1136 Wesen ausgesagt und sein dichterischer Nang
1688 1114 2711 1179 Grandseigneur und den Gewissensskrupeln der
563 1144 1408 1203 begrenzt, nach oben und nach unten.
1684 1165 2715 1243 neuen Zeit, die etwas von der Pflicht und
654 1190 1610 1277 Denn Arthur Schnitzler ist ein Sohn des
1699 1222 2710 1303 Würde der Arbeit, und damit vom Menschen¬
564 1257 1603 1322 modernen Großstadtbürgertums. Zur Proble¬
1694 1281 2716 1350 recht aller verkündet hat, dies sind Schnitzlers
575 1320 1606 1397 matik des allzu aufgeklärten Gegenwarts¬
1686 1339 2713 1408 wesentlichste, liebste Gestalten. Das Zittern
575 1384 1615 1452 menschen, der unsicher zwischen alten und neuen
1697 1400 2707 1476 dieser Ungewißheit, die Melancholie dieses Da¬
563 1438 1612 1515 Göttern steht, brachte dieser Wiener Arzt (das
1696 1476 2723 1533 hingleitens, sie klingt in der „Liebelei“, wo
570 1517 1612 1587 war Arthur Schnitzler von Haus aus) noch die
1699 1518 2714 1586 dem jungen Herrn und dem süßen Mädel aus
578 1561 1617 1628 dreifach besondere Belastung des Großstädters,
1695 1573 2726 1650 lässigem Getändel tödlicher Ernst erwächst. Und
581 1615 1625 1683 des Juden und des Wieners. Der Wiener
1691 1638 2724 1716 sie klingt fort bis zu jenem Herrn von Sala,
579 1670 1618 1741 aber ist der mächtigste unter ihnen. Was den
1693 1706 2725 1772 der mit so viel Haltung, so viel Geist und so
576 1744 1616 1803 Kampf des modernen Juden ausmacht, der
1689 1772 2737 1830 viel Grazie den „Einsamen Weg“ hinabschreitet.
586 1803 1620 1865 aus seiner theologischen Ghettokultur hinaus¬
1716 1819 2735 1904 „Und wenn uns ein Zug von Bachanten be¬
579 1851 1622 1925 geworfen, um den Zugang in die innersten Ge¬
1703 1876 2734 1959 gleitet, den Weg hinab gehen wir allein...
575 1904 1615 1973 mächer europäischen Geistes= und Seelenlebens
1718 1952 2721 2024 wir, die selbst niemandem angehört haben.“ Die
584 1973 1624 2037 ringt, das hat Schnitzler in seinem Roman
1724 2001 2725 2083 selbst niemandem angehört haben... die inner¬
586 2033 1626 2106 „Der Weg ins Freie“ sehr gründlich dis¬
1719 2059 2718 2136 lich in keiner Gemeinschaft waren, keiner Men¬
576 2080 1624 2157 kutiert. (So gründlich, daß darüber die künst¬
1723 2114 2734 2201 scheneinung angehörten, an keiner sozialen
576 2164 1634 2218 lerische Form des Buches in Stücke gegangen
1718 2196 2740 2260 Arbeit teilhatten, die den Menschen eine über¬
588 2206 1630 2273 ist.) Was den Großstädter bedroht, der von
1719 2243 2734 2312 egoistische Befriedigung gewähren kann, die auch
587 2280 1624 2345 der Natur losgerissen, aus Steinen Brot
1726 2307 2730 2370 Gott nicht angehörten, und nur voll Gier und
578 2319 1617 2404 machen soll, und in der toten, fremden Mannig¬
1719 2353 2737 2432 Argwohn um das eigene Ich kreisten — die
590 2379 1624 2454 faltigkeit, die ihn umkreist, sich einsam wie in
1717 2422 2744 2499 finden sich furchtbar allein, hoffnungslos ver¬
588 2450 1626 2508 einer Wüste befindet, das ist das unterirdische
1713 2484 2735 2552 loren, wenn die betäubende Kraft des sinn¬
591 2511 1626 2583 Motiv vieler seiner Themen. Aber daß das
1715 2538 2737 2611 lichen Genusses abnimmt. Es sind Genuß¬
583 2556 1620 2616 Leid des Juden nicht in wilden Propheten¬
1720 2593 2736 2674 menschen, die Schnitzler darstellt, nicht Arbeits¬
597 2614 1632 2685 schreien altbiblischen Temperaments hervor¬
1708 2653 2735 2724 menschen, in irgendeinem Sinne, dessen das
597 2672 1635 2754 springt, daß in den Worten dieses Großstädters
1702 2717 2745 2783 große Wort „Arbeit“ fähig ist. Die aber sind
592 2730 1632 2812 nicht der Rhythmus der großen sozialen Kämpfe
1710 2767 2736 2853 in der neuen Zeit, die das rein repräsentative
598 2791 1635 2862 donnert, das hat Wien gemacht. Wien hat
1723 2828 2738 2909 aristokratische Ideal nicht mehr anerkennt, höchst
601 2848 1635 2924 die eigentliche Farbe seiner Dichtungen be¬
1725 2887 2751 2971 problematisch geworden; sie müssen an ihrem
603 2899 1642 2991 stimmt, diesen leisen, gedämpften, genußsüchtig
1717 2954 2748 3017 Recht zweifeln, ja, an ihrem Ernst, an ihrer
597 2982 1628 3046 zögernden, melancholisch spielerischen Grundton.
1729 3014 2742 3075 Wirklichkeit. Sie haben keinen festen Punkt
598 3018 1635 3088 Denn Wien ist die deutsche Stadt an der
1722 3064 2747 3134 draußen, an dem sie ihre Existenz messen
606 3082 1642 3163 Grenze der östlichen Passivität und der süd¬
1727 3139 2743 3205 können, — sie spielen ja nur  und vielleicht
603 3139 1639 3212 lichen Sinnlichkeit. In Wien hat sich eine alt¬
1728 3180 2746 3261 ist alles nur Spiel? Diese Selbstauflösung des
605 3196 1635 3279 idyllische Genußsucht und Spielfreude am läng¬
1729 3254 2751 3318 Menschen, diese Erschütterung und Vernich¬
605 3277 1642 3335 sten und hartnäckigsten gegen den furchtbaren
1733 3295 2746 3376 tung der Grenzen von Ernst und Spiel, Ko¬
606 3320 1640 3408 Ernst der neuen Zeit gewehrt, und der Unter¬
1730 3352 2754 3433 mödie und Wirklichkeit ist notwendige Kon¬
605 3378 1650 3456 gang patrizischer Eleganz und kleinbürgerlichen
1734 3421 2751 3498 sequenz für den niedergehenden Adelstypus,
615 3433 1643 3511 Behagens in den Massen der modernen De¬
1734 3487 2758 3549 den Schnitzler darstellt. Darum ist es sein
607 3505 1650 3566 mokratie, der Arbeit, der Technik, er ist hier
1739 3529 2743 3609 Lieblingsthema, die Schranken zwischen Ver¬
613 3553 1640 3626 langsamer, empfindsamer, widerwilliger ge¬
1725 3608 2753 3669 stellung und Wahrheit, bewußter Komödie und
600 3611 1654 3697 schehen als irgendwo sonst. Und von den Men¬
1723 3639 2751 3734 unwillkürlichstem Ernst zu versenken und spiele¬
604 3670 1508 3765 schen dieses Wien dichtet nun Schnitzler.
