3436 4384
1733 128 2258 227 —.——
740 216 865 285 55
1641 194 2089 314 box 39/2
1049 220 1123 283 B
270 210 1514 329 Sothandirthday
2197 768 2293 838 299
1073 761 1922 824 Alexander v. Weilen, Arthur Schnitzler.
642 907 2342 979 Diagnostik des Arztes gemein hat. Er hält geradezu Konsilium über Seelen,
648 985 2346 1046 seine Probleme werden zu naturwissenschaftlichen Experimenten, es ist bei ihm
637 1033 2335 1083 mehr als der traditionelle Behelf des Beraters, wenn er den medizinischen
651 1095 2332 1158 Hausfreund in wenigen seiner Stücke völlig entbehren kann. Und auch über jene
644 1146 2337 1207 Grausamkeit, die dem Herrn über Leben und Tod seiner Patienten inne
639 1211 2343 1263 wohnen muß, verfügt Schnitzler, der seine Marie, die den Ruf des Lebens
647 1272 2334 1331 vernimmt, den Vater hinmorden läßt, oder seinen Wergenthin durch unbarm¬
650 1325 2331 1409 herzige Sophismen von der Last Annas befreit. Und in der „Hirtenflöte“
643 1392 2335 1459 stößt der klügelnde Gatte das Weib rücksichtslos in ein Leben hinaus, dem
648 1450 2341 1505 sie sich nicht gewachsen erweist. Er baut sein Drama ganz auf den Dialog
638 1511 2335 1560 auf, im „Zwischenspiel“ wird er zum Stücke selbst und im „Weiten Land“ ist
641 1577 2343 1638 er zu einer Vollendung durchgebildet, die heute kein zweites Stück der
639 1621 2336 1683 deutschen Literatur aufzuweisen hat. Daß er mit den zartesten Nuancen der
648 1681 2344 1756 Analyse, der schärfsten Zergliederung von Gedanken, der wohlabgetönten Kunst
638 1742 2344 1796 der Stimmung echt dramatische Wirkungen erreicht, das liegt darin, daß bei
647 1813 2343 1880 aller Zwiespaltigkeit und Kompliziertheit seines geistigen Wesens doch ein
637 1859 2335 1909 wahrer Dichter, ein echter Künstler ihm die Feder führt. Über die Trostlosig¬
638 1922 2331 1982 keit seiner fatalistischen Lebensanschauungen siegt der offene, freie Blick für
640 1988 2333 2047 einen begrenzten, aber sicher in allen seinen Abstufungen und Varietäten er¬
649 2047 2334 2114 faßten Kreis von Menschen und Dingen, vergebens sucht Selbstpersiflage und
647 2098 2338 2149 Pose, wie sie wieder aus den Grundtiefen seiner Nationalität durchbrechen,
635 2174 2338 2235 die echte, dichterische Sentimentalität und die tief schlummernden Regungen
643 2210 2326 2275 kindlicher Naivität, ohne die kein wahrer Poet sein mag, zu unterdrücken.
646 2275 2338 2326 Gewiß — ein unbewußt schaffender, mit sich fortreißender Genius ist Arthur
644 2334 2323 2393 Schnitzler nicht, er bleibt ganz Kind unserer Zeit und der Kultur unserer Zeit.
648 2391 2325 2446 Aber aus dieser Kultur hat er einen vollendeten Geschmack, eine gewissenhaft
642 2463 2323 2522 gepflegte künstlerische Form, eine Grazie überkommen, die ihn zum vollen¬
634 2517 2342 2566 detsten Repräsentanten dessen machen, was eine artistisch angelegte Epoche
633 2570 1040 2641 nur geben kann.
731 2623 2330 2679 Und das Beste seiner Kunst hat ihm doch seine Heimat, hat ihm Wien
640 2692 2329 2743 geschenkt. Das schwere Blut seines Wesens und Denkens hat das Atmen in
636 2750 2330 2809 der süddeutschen Luft verdünnt, der herbe Fatalismus mildert sich zum weisen
639 2807 2334 2857 Quietismus eines Grillparzer, eines Saar, einer Ebner, seine literarischen Vor¬
638 2869 2334 2918 bilder formten sich um: die Frivolität des Romanen wurde zahmer, die elegische
629 2942 2333 2999 Klage Mussets weicher, die Bilderfülle d'Annunzios maßvoller, der Ernst
639 2989 2331 3060 Ibsens und die Grausamkeit Strindbergs sprachen in versöhnlicheren Tönen.
633 3042 2326 3102 Von seiner musikalischen Sprache, die sich gerne wiegt wie die Wipfel des
630 3103 2336 3158 Wienerwaldes im leisen Hauche, von seinem Zauber in Stimmungen der
635 3162 2326 3228 Großstadt wie der Ländlichkeit, die selten weitab vom Stephansplatze oder den
631 3215 2326 3290 von uns gerne heimgesuchten Sommerfrischen liegt, sind seine Menschen und
632 3285 2332 3356 Dinge so umflossen, daß sie oft in dünnen Nebel verfließen wie das Häuser¬
628 3340 2327 3404 meer, das man vom Kahlenberge überblickt. In seinen raschen Übergängen
640 3400 2342 3451 von Freude zum Schmerz, der nie so tief sich ausspricht als er vom Dichter
635 3462 2343 3519 gefühlt wird, in der Freude am Flitter des Theaters, in der ganzen Atmo¬
648 3512 2343 3574 sphäre der Kunst, die seinen zahlreichen Dichtern und Musikern notwendiger
