3344 4384
2100 120 2159 199 —
1603 195 2047 283 box 39/2
722 203 801 271 5
241 199 1476 299 nirthdar
2487 734 2615 800 313
1340 748 1735 815 Die Gegenwart.
461 756 660 829 Nr. 20
1576 874 2604 955 Ohne organische Abweichung läuft eine wunder¬
458 879 1505 947 gearbeitet wurde.“ „Etwas so Ueberzeugendes
1581 935 2611 998 volle Linie vom Scheitel über den Nasenrücken
464 954 1496 1011 lag in dem Anblick, daß mir kein Zweifel auf¬
1578 1010 2622 1058 und den leicht geöffneten Mund hinweg, die
464 1007 1500 1083 stieg.“ Gelehrte anderer Fakultäten, darunter
1576 1068 2620 1124 das Profil aufs edelste konturiert und zu¬
470 1075 1506 1128 der Anatom Owen, glaubten an sie. Künstler,
1583 1113 1870 1186 sammenhält.
472 1118 1507 1194 wie Natter, Lessing und andere haben nach ihr
1677 1172 2608 1242 Ich habe die Maske Dichtern und Schrift¬
474 1178 1515 1261 Köpfe modelliert. Läßt sich trotz allen diesen
1589 1247 2609 1317 stellern von Wert gezeigt, und bat sie, die
476 1235 1511 1319 Beweisen die Maske auch nicht dokumentarisch
1597 1295 2612 1355 Geistesrichtung des Toten zu bestimmen. Alle
473 1298 1514 1370 beglaubigen, so dürfen wir sie doch angesichts
1588 1358 2618 1429 errieten die gewaltige Persönlichkeit eines
473 1360 1511 1422 der großen Aehnlichkeit und des Ausdrucks mit
1590 1407 2613 1481 Künstlers und nannten zögernd oder ihrer
469 1412 1511 1494 Bildern und Büste als wahrscheinlichste
1587 1478 2613 1530 Sache sicher Shakespeare. Einer berief sich auf
480 1484 1413 1543 Physiognomie eines Shakespeare verehren.
1596 1537 2627 1595 die Aehmichkeit der Maske mit den ihm aus
577 1548 1503 1615 Ein Gefühl der ungeheuren Mannigfaltig¬
1593 1589 2615 1657 der Erinnerung bekannten Porträts, während
474 1624 1510 1679 keit menschlicher Naturen, die, in einer höheren
1601 1658 2620 1712 die physiognomische Analyse eines zweiten durch
473 1685 1511 1743 Einheit aufgehend, Shakespeares Seele bil¬
1586 1699 2618 1782 die Fülle des Widersprechenden und Ausein¬
471 1730 1520 1803 deten, spricht aus ihren Zügen. In der Vorder¬
1599 1758 2623 1829 anderliegenden so sehr Charakteristik des Dich¬
469 1780 1511 1844 ansicht hat der Kopf etwas Asiatisches und
1604 1828 2622 1885 ters Shakespeare war, daß sie notwendigerweise
479 1848 1514 1925 Ueberreifes. Stumpfheit der Wangen gegen die
1600 1879 2622 1940 mit der Behauptung, das ist Shakespeare,
477 1899 1511 1964 Nase zu und die dekadente Verbildung der
1594 1935 2625 2008 schließen mußte. Naturgemäß stärken solche
471 1960 1519 2054 rechten Stirnseite erinnern andeutungsweise an
1603 1996 2618 2064 Proben unseren Glauben an die Echtheit, ob¬
475 2014 1527 2104 einen Verbrechertyp. Dazu kontrastiert das
1606 2052 2624 2118 wohl wir wissen, daß gerade große Männer
474 2090 1516 2150 Weltkluge in der Unterlippe, das physisch
1610 2127 2621 2183 Doppelgänger haben und die Natur liebt, ihre
479 2138 1520 2221 Schmerzvolle der geschlossenen Augen, das Er¬
1596 2171 2618 2235 gelungenen Schöpfungen in Duplikaten wenig¬
474 2198 1520 2266 wartungsvolle, Sprechende um den Oberkiefer.
1605 2236 2623 2303 stens äußerlich zu wiederholen. Und mehr als
485 2268 1515 2321 Erschreckend ist die Physiognomie, weil dieser
1608 2287 2623 2354 Glauben, mehr als Gewißheit des Gefühls,
476 2309 1522 2389 Totenkopf spöttisch fortzuleben scheint. Das
1590 2362 2636 2417 den der Anblick dieses Hauptes einflößt, wird
480 2366 1527 2454 Profil ist von verehrungswürdiger Schönheit
1600 2414 2629 2472 die Wissenschaft nie erzeugen. Darum wird
482 2430 1531 2499 und Größe. Auf der Ansicht von rechts, die
1601 2466 2631 2533 der persönliche Eindruck auch fernerhin ent¬
486 2488 1526 2556 den Kopf ganz frei liegend wie auf einem
1603 2521 2634 2594 scheiden, wem diese Maske dauernd als ver¬
483 2564 1532 2617 Totenbette zeigt, ist das tief friedensvolle Antlitz
1610 2578 2556 2668 steinertes Antlitz Shakespeares gelten soll.
489 2607 1519 2671 von einem mystischen Lichte verklärt. Diese voll¬
489 2663 1538 2752 kommene Synthese wird wohl erst der Tod den
493 2731 1049 2803 Mienen gegeben haben.
589 2789 1534 2871 Die Züge sind von jenem Shakespeareschen
493 2848 1528 2932 Adel, der einen Zeitgenossen dichten ließ:
1847 2887 2386 2971 Arthur Schnitzler.
495 2911 1532 2991 „Wärest du nicht durch deinen Stand berufen
482 2970 1522 3050 gewesen, Könige zu spielen, so hättest du der
2057 2961 2171 3048 Von
487 3022 1528 3101 Genosse eines Königs sein können und selbst
1918 3038 2299 3120 Julius Bab.
487 3083 1527 3144 ein König in der niederen Menge.“ Auch ist
1774 3114 2643 3198 an feiert Arthur Schnitzlers fünfzigsten
485 3136 1533 3212 der Ausdruck gebietend bestimmt und kräftig
1833 3189 2630 3248 Geburtstag. Wer feiert? Das deut¬
488 3204 1534 3266 wie der eines Staatsmannes oder Condottieri.
1837 3240 2639 3319 sche Volk? Das wäre wohl zuviel
491 3265 1525 3339 Ein Leidenszug beschattet die etwas ausge¬
1612 3251 1839 3354 R
1822 3307 2643 3385 gesagt. Die Einzelnen und Einsamen
498 3322 1530 3404 höhlten Wangen, ohne das Gesicht entscheidend
1609 3376 2636 3432 im Lande, die Wenigen, die rebellischen
494 3389 1543 3461 zu bestimmen. Das Beherrschte der Leidenschaft
1611 3407 2631 3503 Geister? Das wäre nicht richtig. Aber die
498 3436 1543 3520 und das Ebenmaß des Antlitzes verraten den
1620 3485 2628 3547 Masse, der breite Lese= und Schaubuden¬
492 3500 1533 3562 Künstler. Auf dem Profil von links ist der
1613 3530 2648 3617 Pöbel? Das nun erst recht nicht! Es sind
487 3566 1539 3642 Totenschlaf tiefer. Das Herrscherartige weicht
1617 3609 2643 3661 in ganz ausgesprochenem Maße die sogenannten
495 3612 1541 3696 zurück und das Weltgefühl, das Allmenschliche
1610 3657 2657 3738 Gebildeten, die feiner kultivierten Kreise des
494 3670 1546 3773 der Empfindung breitet sich über die Züge aus.
