3436 4384
319 266 2143 384 5oth and 55th Birthday box 39/2
1394 826 1804 910 Die Gegenwart.
523 806 732 911 Nr. 20
2543 828 2681 914 315
525 936 1567 1050 rische Willkür in lächerliche Ohnmacht zu wan¬
1633 961 2682 1050 hundert leichten Variationen beplaudert. Die
524 1035 1573 1107 deln. Der Zweckgedanke schwindet, aus dem
1636 1041 2679 1107 Kette der „Anatol“=Szenen und des „Reigen“
523 1079 1567 1145 Tun dieser Menschen nicht weniger als aus
1650 1098 2683 1166 sind vielleicht das Originalste, was Schnitzler
522 1151 1580 1212 dem Erleiden. „Wir spielen alle, wer es weiß,
1646 1148 2688 1227 geschaffen hat, mit dem lässigen Humor ihrer ver¬
520 1210 1576 1277 ist klug.“ Das wird die Lebensdevise des
1652 1211 2694 1275 steckten und immer durchblitzenden Grundtriebe
532 1278 1579 1339 Schnitzlerschen Geschlechtes, das bleibt der
1658 1271 2681 1348 eine wirkliche Bereicherung deutscher Dialogkunst.
525 1326 1574 1389 Grundzug seiner Menschen, wenn die kleinen
1658 1326 2682 1398 Das Thema ist freilich monoton genug. Diese
534 1371 1565 1458 Größen der „Literatur“ ihre Gefühlchen ge¬
1654 1385 2690 1460 Leute, die sich ohne Ziel, Zweck, Sinn in der Welt
522 1438 1569 1522 schäftstüchtig aufbauschen, wenn der Zauberer
1652 1450 2688 1521 fühlen, die niemandem wahrhaft angehören,
1655 1516 2696 1579 keinem Menschen und keiner Sache, die haben
528 1500 1581 1573 „Paracelsus“ wider seinen Willen Wunder tut
1648 1564 2679 1642 nur ein Interesse, das ihre Lebensgeister zu¬
524 1563 1568 1635 und noch, wenn die „Letzten Masken“ fallen.
537 1621 1577 1685 Diese Tragödie des Komödiantentums gewinnt
1658 1622 2684 1693 sammenhält: die „Liebe“ wie sie sie verstehen,
537 1679 1581 1755 höchste Wucht in dem gefährlich blitzenden Akt
1654 1688 2686 1760 Frauengunst, Sinnengenuß, Gesellschaftsspiel,
1730 1750 2677 1816 Spiel mit allen ernsten und eitlen In¬
524 1735 1575 1817 vom „Grünen Kakadu“ wo sich die gespielten
1659 1793 2688 1872 stinkten, auch der eigenen Seele, Spiel mit
529 1800 1583 1852 Verbrechen der theatralischen Kneipe in echten
1666 1854 2689 1929 Wollust und Schmerz, Geld und Geist, Untreue
533 1853 1575 1925 Mord und wirklichen Aufstand wandeln, wäh¬
1649 1919 2682 1980 und Eifersucht, Leben und Tod. Wenn dies
532 1915 1575 1976 rend die hochadligen Zuschauer mit unver¬
1650 1978 2694 2039 Spiel, statt in kleinen sentimental =ironischen
535 1966 1578 2047 minderter Lüsternheit auch diesen Effekt hin¬
1641 2026 2677 2103 Szenen aufzuglitzern, mit schwachen Stim¬
530 2029 1510 2110 nehmen — genießerisch bis zur Guillotine.
1649 2078 2684 2150 mungskräften in einen breiten Fünfakter ver¬
619 2086 1571 2176 Nicht oft hat Schnitzler sein Thema zu so
1647 2148 2694 2218 sponnen wird, wie das jüngst im „weiten
535 2161 1582 2254 starker, geschlossener Wirkung zu ballen ver¬
1651 2205 2682 2282 Land“ geschah, so kann es uns gleichgültig und
534 2237 1576 2295 mocht wie in diesem Einakter mit dem außer¬
1653 2274 2687 2338 lästig erscheinen. Wenn aber Schnitzler in glück¬
528 2278 1586 2359 ordentlich glücklichen Handlungsmotiv. Sonst
1661 2317 2694 2411 licheren Stunden seine melancholischen Epikurae¬
523 2337 1579 2424 ist das Fabulieren nicht eben seine Stärke,
1650 2381 2694 2455 er untheatralisch, leicht und graziös, hinspielen
525 2412 1583 2484 und die Wucht geradlinigen Vortrags nicht
1648 2438 2688 2513 läßt, so klingt vom Leben und Leiden unserer
539 2457 1584 2536 seine Sache. Feine, raffinierte, weitgespannte
1653 2487 2695 2557 Zeit ein Ton an, dem sich keines Zeitgenossen
525 2527 1578 2588 Kombinationen alter Motive bilden seine Kunst.
1656 2554 2685 2629 Ohr wird fühllos verschließen können. Freilich,
525 2575 1588 2651 Deshalb liegt seine eigentliche Stärke nicht im
1659 2607 2690 2680 es ist der Ton einer Frage ohne Antwort,
540 2631 1578 2711 Erzählen. Auch die wenige Lyrik Schnitzlers,
1669 2667 2678 2744 die Melancholie eines Endes ohne neuen An¬
541 2706 1581 2760 die bekannt wurde, ist merkwürdig stumpf und
1655 2738 2699 2804 fang. Die starke Kraft, die aus dem Ewigen
539 2760 1588 2819 trocken; in seinen Versdramen (von denen doch
1665 2788 2691 2852 der Zeit Werte der Erneuerung, Antworten,
527 2812 1581 2880 vor allem „Der Schleier der Beatrice“ viel
1669 2841 2689 2914 Verheißungen zuführt, die Kraft ist nicht mächtig
535 2873 1588 2946 Schönes bietet) ist er ganz wesentlich von seinem
1668 2914 2685 2979 in Schnitzlers Werk; und weil sie kaum unter¬
529 2918 1580 3002 jüngeren Landsmann Hugo von Hofmannsthal
1663 2968 2691 3034 irdisch und scheu in ihm anklingt, weil er nur
533 2978 1582 3052 abhängig. Die mystische Melancholie seines
1668 3015 2688 3089 Rätsel und nicht Lösungen hat, darum wird er
543 3058 1590 3128 Tonfalls, die bedrückende Pracht seiner Bilder
1660 3083 2685 3168 in der Geschichte nicht bei den Großen, den
541 3105 1581 3179 wendet auch Schnitzler hier an, aber schwächer
1657 3140 2688 3218 Ewigen, den Menschheitsführern stehen. Aber
533 3156 1592 3226 als jener Meister der Neuromantik, hierin ein
1659 3216 2695 3274 weil er für seine Person doch eine Lösung fand,
538 3228 1594 3287 Zweiter, ein Mitläufer. Schnitzler hat wohl nicht
1668 3265 2694 3329 indem er der Frage Worte, dem Leid Musik,
531 3282 1580 3344 den schamlosen Schwung, die hemmungslose
1655 3321 2688 3404 der Not Gestalt gab, so bleibt uns sein Bild
530 3331 1596 3409 seelische Hingabe, die man braucht, um als
1664 3380 2704 3458 unter den echten und ernsten Künstlern stehen,
539 3388 1595 3460 Lyriker, als Verskünstler ganz ein Eigener zu
1663 3456 2703 3513 und in dieser Gegewart sind viele, die ihn mit
543 3451 1595 3526 sein. Skepsis bricht seine Gefühle, weltmännische
1666 3501 2713 3576 Grund verehren, und fast noch mehr, ihn lieben.
541 3507 1591 3582 Zurückhaltung verschleiert ihren Ausdruck. So
537 3577 1593 3654 ist er am eigensten und damit künstlerisch wohl
531 3622 1592 3698 am bedeutendsten in den kleinen, weltmännisch
539 3696 1597 3770 saloppen Dialogen, in denen er „als leicht¬
532 3750 1598 3842 sinniger Melancholiker“ sein großes Thema in
