3392 4384
1577 178 2097 328 box 39/2
727 257 790 317 5
247 256 1574 354 Sotn andsth Birthdan
266 1152 1424 1202 Leul. Li. ausgaden Der Veribattungorommission sotten reben,
1411 1226 2580 1290 der inzwischen auf unsere Veranlailung das Czernysche Kr##s¬
271 1248 1419 1298 seinem Leben offenbart, das so still und ruhig in der Wiener
1424 1278 2559 1349 heilinstitut aufgesucht hat, depeschiert uns jedoch jetzt daß
268 1282 1409 1339 Stadt dahingeflossen ist, wie das eines weltfernen Gelehrten.
262 1324 1405 1374 Kein Wunder, wenn er dann auch die breite epische Linie
1420 1325 2553 1389 ihm der Oberarzt Czernys Dr. Werner erklärt hat,
269 1362 1410 1410 pflegt, wenn er im Roman und in der Novelle eine neue
1423 1365 2564 1435 daß die Meldung von den günstigen Heilresultaten fal ich
277 1393 1417 1454 Meisterschaft zu bewähren vermag. Ja, man kann weiter
1422 1422 2553 1489 sei. Es sei bis jetzt kein Erfolg mit Salvarsan bei Haut¬
269 1436 1422 1501 gehen: im Grunde ist er überhaupt Novellist und
1419 1466 2552 1527 krebs erzielt worden. Es würden aber viel bessere Er¬
272 1472 1421 1547 bloß mit eiserner Energie behauptet er den Dramatiker. Er
279 1522 1417 1573 ist Novellist in seinen heimlichen Stunden, wo er der
1423 1511 2490 1581 folge mit Roentaenstrahlen zu Wege gebracht.
1492 1580 1544 1619 *
277 1555 1423 1605 dramatischen Kontraste nicht zu achten braucht, sondern wo
1544 1568 2562 1620 (Stuttgarter Hostheater.) Aus Stuttgar schreibt
279 1588 1430 1661 olles in einander fließt und die Seele mehr schwebt als
1427 1609 2565 1674 man uns: Die Uraufführung der neuen Oper von Richard
276 1626 1429 1694 wandert. So schrieb Schnitzler die nachtdunkle weiche No¬
1427 1649 2555 1710 Strauß, „Ariadne auf Naxos“ welche bekanntlich
289 1663 1429 1732 velle „Sterben“, so seinen chmerzlich süßen „Leutnant
1437 1679 2560 1743 unter Mitwirkung des Ensembles des Deutschen Theaters
283 1713 1419 1770 Gustl“ so seine „Frau Bertha Garlan“. „Der
1436 1722 2564 1784 und unter persönlicher Führung Max Reinhardts im
283 1753 1426 1809 Wegins Freie“ endlich bleibt ein trefflicher Roman und
1437 1767 2557 1819 neuen Stuttgarter Hoftheater stattfindet, ist nunmehr
281 1784 1427 1845 hervorzuheben ist folgendes: es wird viel diskutiert (wie
1436 1808 2559 1859 definitiv auf den 25. 26. und 27. Oktober 1912 ange¬
287 1834 1422 1891 so oft bei Schnitzler), es wird ein wehes Gefühl des Fremd¬
1438 1840 2566 1901 setzt. Die Intendanz des Königlichen Hoftheaters erklärte
293 1862 1431 1929 seins wach (der Jnde in der Donaustadt, die doch niemals
1441 1879 2564 1942 sich bereit, jetzt schon Bestellungen auf Karten entgegenzu¬
289 1908 1427 1962 vollkommen sein eigen werden wird — wie tief er sie auch ver¬
1428 1912 2565 1974 nehmen. Der Preis der Plätze im Parkett und ersten
294 1948 1420 2005 stehen möge!) und es wird dennoch und oftmals gelacht.
1440 1961 2044 2036 Rang ist auf 50 M. festgesetzt.
288 1989 1426 2036 Wenn wir mit einem Blick in die Zukunft schließen wollen, so
1515 2001 2571 2044 Frank Wedekind, der vor mehreren Jahren schon!
292 2013 1431 2088 können wir dem Glauben Ausdruck verleihen, daß dieser
1434 2026 2567 2095 im K. Wilhelmatheater als Darsteller in eigenen Stücken
289 2063 1424 2129 prachtvolle Poet, der so viel in Gedanken gerungen und ge¬
1436 2076 2566 2128 aufgetreten war. hat 'nun auch im Hoftheater (In¬
294 2106 1429 2168 zweifelt, doch noch einmal ein klassisches Lustspiel schreiben wird,
1433 2109 2571 2173 terimtheater) Enn#aß gefunden. Zusammen mit seiner Frau
289 2146 1427 2194 welches die eigenen Vorkämpfe belächelt und somit bereits
1437 2157 2539 2219 Tilly gastierte er in den letzten Tagen in „Erdgeist“
287 2180 1423 2237 in sich selbst die Lebensbedingungen des neuen Geschlechtes
1427 2193 2567 2247 und „Marquis von Keith“. Namentlich das letzte Stück
284 2225 1428 2297 trägt, von dem Schnitzler zuversichtlich sagt: „Mehr Hal¬
1429 2228 2572 2302 wirkte geradezu erschütternd, und hier durfte auch Wedekind
291 2273 774 2347 tuing und weniger Geist.“
1442 2277 2155 2338 als Darsteller Triumphe fetern.
904 2283 1397 2370 Gustav Werner Peters.
1552 2305 2578 2384 (Strindbergs Todeskampf.) Wie wir bereits melden
1432 2365 2573 2425 konnten, hat Strindbergs Agonie begonnen. Der
368 2374 1425 2433 Eben recht zum 50. Geburtstag des Dichters erscheint
1441 2406 2562 2478 Dichter ringt furchtbar! Die Pulsschläge setzen immer
291 2418 1422 2481 ein neuer Band Novellen von Arthur Schnitzler: „Mas¬
281 2468 1422 2524 ken und Wunder“ (wie alle seine Bücher in S.
1437 2459 2568 2529 länger aus — der Kampf'währt jetzt bereits 3°0 Stunden.
285 2493 1423 2552 Fischers Verlag zu Berlin erschienen). Es ist eines seiner
1444 2510 2567 2574 Ganz Stockholm bereitet sich auf das Ende des großen
295 2537 1428 2598 reifsten und im besonderen poetischen Sinne köstlichen Bücher.
1437 2568 1741 2638 Dichters vor.
299 2571 1434 2631 Der Dichter verläßt in diesen Erzählungen die enge Welt
1566 2591 2574 2665 (Einweihung des Radium=Instituts der Berliner
295 2606 1436 2672 der bürgerlichen Wirklichkeit, er hat die menschliche Seele
293 2655 1431 2708 und besonders die weibliche nackt gesehen und führt sie durch
1442 2641 2572 2723 Charité.) Montag wurde im Hause Luisenplatz 6 das
1442 2693 2572 2748 „Radiuminstitut der Charité für biologisch¬
292 2688 1438 2746 wunderbare Irrgärten phantastischer Schicksale. Eben da¬
1442 2722 2580 2798 therapeutische Forschung“ durch einen Festakt eik¬
293 2723 1433 2802 durch haben alle diese Novellen einen geheimnisvollen Zug
1448 2762 2571 2832 geweiht. Das aus neun Zimmern bestehende Institut
303 2776 1438 2834 von tiefer symbolischer Wahrheit bekommen, die aus dem
1454 2808 2569 2864 ist der ersten inneren Klinik der Charité angegliedert, deren
296 2804 1292 2888 reinen und edlen Stil noch einmal wiederscheint.
2427 2843 2575 2891 Ober¬
1447 2846 2438 2900 Leiter bekanntlich „Geheimrat Professor His ist.
1450 2880 2576 2951 grat Dr. Gudzent wird in der neuen Anstalt als medizi¬
391 2865 1440 2957 * (Hochschule für Musik in Mannheim.) Am Frei¬
1605 2921 2588 2988 Dr. Naumann als chemischer Abteilungsvorsteher
1445 2938 1606 2990 nischer,
286 2921 1443 2990 tag, den 17. Mai, abends 7½ Uhr, findet im Konzertsaal
310 2965 1438 3023 L 2, 9 die 6. Vortragsübung im Schuljahr 1911/12
1443 2972 1612 3034 wirken.
1526 2974 2580 3053 * (Kleine Theater=Chronik.) Enrico Caruso wird
301 3008 1445 3068 statt. (Klavierklassen Frau Anny Frentzel und Frl.
1459 3040 2579 3102 sein Oktober=Gastspiel im Königlichen Opernhaus zu Ber¬
303 3049 691 3120 Hedwig Franke.)
1451 3060 2594 3138 lin mit dem Ricardo in Verdis Oper „Der Masken¬
375 3066 1441 3169 * (Keine Heilerfolge mit Sakvarsan bei Hautkrebs.)
1453 3116 2583 3175 ball“ eröffnen; eine Rolle, die er bisher in Berlin noch
305 3134 1445 3203 Wie wir in der letzten Nummer unseres Blattes meldeten,
1447 3158 2587 3216 nicht gesungen hat. — Leo Falls „Lieber Augustin“ hatte
299 3187 1437 3246 soll es Geheimrat Czerny in Heidelberg gelungen sein,
1455 3202 2585 3251 bei der Londoner Erstaufführung im Shaftesvury=Theater
1453 3236 2583 3313 unter der Leitung des Komponisten bei glänzender Auf¬
299 3237 1439 3296 mit dem Ehrlich=Hataschen Salvarsan leichten Haut¬
314 3277 2375 3359 krebs schmerzlos zu beilen. Unser Heidelberger Vertreter, führung und Ausstattung einen großen Eriola.
2620 1369 3015 1442 reihrunger
2676 1422 3321 1480 Nach der schnellen Erledigung ei
2563 1470 3325 1524 von Rechnungsnachweisungen trat das H#
2570 1509 3332 1576 des Gesetzentwurfs betr. Schaffung eines
2557 1545 3334 1608 buchs ein. Als Sprecher der Sozia
2561 1580 3310 1644 Abg. Dr. v. Haller die Gelegenheit,
2562 1626 3316 1692 kratischen Geist der Finanzverwaltung
2563 1661 3281 1718 zu üben, worin ihn der Abg. Osel (
2563 1709 3327 1757 stützte. Abg. Winfauer (Lib.) begrüf
2573 1740 3329 1793 des Staatsschuldbuchs aufs wärmste und
2579 1776 3324 1840 sionen von Staatsanleihen auch die mitt
2576 1822 3327 1884 zuziehen. Auch er wünschte, daß der Bu#
2572 1859 3285 1921 gesunden kaufmännischen Geist weiche.
2575 1882 3315 1956 des Finanzministers Dr. v. Breun
2570 1941 3329 1992 namentlicher Abstimmung der Gesetzentn
2571 1977 3332 2025 geheißen. Um sieben Uhr vertagte sich
2575 2013 3324 2070 die morgige Beratung des Lotterie
2579 2056 3112 2128 frische Kräfte zu sammeln.
2953 2110 3085 2174 —
2568 2168 3322 2264 Volkswirtschaft und S
2689 2240 3328 2338 Bekämpfung des Schmiergeld
2656 2306 3316 2383 In der BerlinerHandelskammer
2579 2362 3320 2432 unter Beteiligung der Vertreter zahlreich
2578 2403 3319 2469 bände, Handelskammern und gewerblich
2582 2445 3323 2494 Hauptversammlung des vor Jahresfriss
2581 2483 3328 2533 bandes gegen das Bestechungsunwesen sta
2581 2519 3294 2573 Kommerzienrat Hüttenmüller vo
2572 2555 3268 2610 Anilin= und Sodafabrik, h
2584 2594 3338 2658 neuen Organisation für die nationale V#
2580 2633 3318 2688 und teilte mit, daß gemeinsam mit
2585 2667 3334 2730 der Kampf gegen das Bestechungsunwes#
2580 2714 3332 2775 staltet werden solle, da auch auf dem W
2585 2753 3336 2808 Elemente zurückgedrängt würden. Dem
2589 2793 3328 2851 ren Vorsitzenden, Geheimen Kommerzien
2582 2833 3325 2897 und dem verstorbenen Ausschußmitglied
2577 2864 3327 2926 nover) widmete der Vorsitzende warme
2579 2907 3336 2969 sekretär Dr. Pohle, Berlin erstattet
2588 2932 3327 2997 Weite Kreise, nicht nur aller Zweige von
2580 2985 3324 3053 del, sondern auch der städtischen und staat
2583 3019 3339 3092 zur Mitarbeit gewonnen worden und aus
2581 3061 3302 3125 schaft seien Beziehungen angeknüpft,
2587 3098 3336 3174 auf 1000 gestiegen, die mehr als 2500
2581 3145 2832 3219 aufbrächten.
2668 3156 3320 3243 Der zweite stellvertretende Vorsi
2579 3208 3321 3285 Fuld (Mainz) sprach sodann über
2590 3259 3336 3338 Auslegung der Strafbestimmung des
