<?xml version="1.0" encoding="UTF-8" standalone="yes"?>
<PcGts xmlns="http://schema.primaresearch.org/PAGE/gts/pagecontent/2013-07-15" xmlns:xsi="http://www.w3.org/2001/XMLSchema-instance" xsi:schemaLocation="http://schema.primaresearch.org/PAGE/gts/pagecontent/2013-07-15 http://schema.primaresearch.org/PAGE/gts/pagecontent/2013-07-15/pagecontent.xsd">
    <Metadata>
        <Creator>prov=University of Rostock/Institute of Mathematics/CITlab/Gundram Leifert/gundram.leifert@uni-rostock.de:name=ONB_Newseye_GT_M1+(htr_id=10810)::::v=2.4.2
prov=University of Rostock/Institute of Mathematics/CITlab/Tobias Gruening/tobias.gruening@uni-rostock.de:name=de.uros.citlab.module.baseline2polygon.B2PSeamMultiOriented:v=2.4.2
prov=University of Rostock/Institute of Mathematics/CITlab/Tobias Gruening/tobias.gruening@uni-rostock.de:name=/mnt/transkribus/LA/DEA/URO/LA_news_onb_att.pb:de.uros.citlab.segmentation.CITlab_LA_ML:v=2.4.2
Transkribus</Creator>
        <Created>2019-10-07T20:31:29.698+02:00</Created>
        <LastChange>2019-10-09T06:56:08.398+02:00</LastChange>
        <TranskribusMetadata docId="224437" pageId="9574721" pageNr="64" tsid="16624636" status="IN_PROGRESS" userId="40391" imgUrl="https://files.transkribus.eu/Get?id=PCVQVGIDIILGYXXCMZXDNBTM&amp;fileType=view" xmlUrl="https://files.transkribus.eu/Get?id=CAABGLZNWPZHJSTVZWLBWCRC" imageId="6206755"/>
    </Metadata>
    <Page imageFilename="224437_0064.jpeg" imageWidth="3436" imageHeight="4384">
        <ReadingOrder>
            <OrderedGroup id="ro_1711442810088" caption="Regions reading order">
                <RegionRefIndexed index="0" regionRef="r1"/>
            </OrderedGroup>
        </ReadingOrder>
        <TextRegion orientation="0.0" id="r1" custom="readingOrder {index:0;}">
            <Coords points="309,344 309,3424 3364,3424 3364,344"/>
            <TextLine id="r1l1" custom="readingOrder {index:0;}">
                <Coords points="757,368 775,368 783,375 819,375 822,371 855,375 855,310 833,310 826,303 797,314 779,307 757,307"/>
                <Baseline points="777,369 807,371 837,369"/>
                <TextEquiv>
                    <Unicode>55</Unicode>
                </TextEquiv>
            </TextLine>
            <TextLine id="r1l2" custom="readingOrder {index:1;}">
                <Coords points="290,396 2126,374 2125,298 2053,291 1563,351 1386,297 1033,353 874,296 290,305"/>
                <Baseline points="309,367 399,374 489,379 579,384 669,387 759,389 849,390 939,390 1029,390 1119,389 1209,387 1299,386 1389,383 1479,382 1569,380 1659,378 1749,376 1839,375 1929,375 2019,375 2109,376"/>
                <TextEquiv>
                    <Unicode>Soth and 55th Birthday box 39/2</Unicode>
                </TextEquiv>
            </TextLine>
            <TextLine id="r1l3" custom="readingOrder {index:2;}">
                <Coords points="1618,1549 3370,1575 3370,1485 3273,1467 1618,1484"/>
                <Baseline points="1634,1549 1720,1546 1806,1543 1892,1541 1978,1539 2064,1538 2150,1538 2236,1537 2322,1537 2408,1537 2494,1537 2580,1538 2666,1538 2752,1539 2838,1539 2924,1540 3010,1540 3096,1541 3182,1541 3268,1541 3354,1540"/>
                <TextEquiv>
                    <Unicode>betrachten. Im allgemeinen ist ja das Publitum gewohnt, heute noch, nachdem der S#</Unicode>
                </TextEquiv>
            </TextLine>
            <TextLine id="r1l4" custom="readingOrder {index:3;}">
                <Coords points="1610,1607 3229,1605 3344,1544 1610,1553"/>
                <Baseline points="1628,1597 1712,1594 1797,1592 1882,1590 1967,1588 2052,1587 2137,1586 2222,1586 2307,1586 2392,1585 2477,1586 2561,1586 2646,1586 2731,1586 2816,1587 2901,1587 2986,1587 3071,1587 3156,1587 3241,1587 3326,1586"/>
                <TextEquiv>
                    <Unicode>seine Autoren immer nur im Lichte ihres letzten Werkes und jeder seine eigenen</Unicode>
                </TextEquiv>
            </TextLine>
            <TextLine id="r1l5" custom="readingOrder {index:4;}">
                <Coords points="823,1596 903,1611 971,1586 996,1612 1043,1598 1061,1616 1148,1628 1188,1599 1260,1593 1261,1521 824,1523"/>
                <Baseline points="843,1596 869,1591 896,1588 922,1586 949,1585 976,1585 1002,1587 1029,1588 1055,1590 1082,1591 1109,1592 1135,1594 1162,1594 1188,1593 1215,1590 1242,1587"/>
                <TextEquiv>
                    <Unicode>Beilage</Unicode>
                </TextEquiv>
            </TextLine>
            <TextLine id="r1l6" custom="readingOrder {index:5;}">
                <Coords points="2777,1650 3022,1652 3119,1631 3260,1650 3383,1629 3381,1572 3231,1604 3169,1576 3101,1607 3032,1576 2938,1603 2776,1592"/>
                <Baseline points="2795,1643 2823,1641 2851,1639 2880,1637 2908,1636 2937,1635 2965,1634 2994,1634 3022,1633 3051,1633 3079,1632 3107,1632 3136,1632 3164,1632 3193,1632 3221,1631 3250,1630 3278,1630 3307,1628 3335,1628 3364,1626"/>
                <TextEquiv>
                    <Unicode>zusammenhält. Sein Wiene</Unicode>
                </TextEquiv>
            </TextLine>
            <TextLine id="r1l7" custom="readingOrder {index:6;}">
                <Coords points="1618,1658 2793,1641 2792,1583 1617,1611"/>
                <Baseline points="1637,1646 1693,1645 1750,1645 1807,1644 1864,1643 1921,1642 1978,1640 2035,1639 2092,1638 2149,1637 2206,1635 2262,1634 2319,1633 2376,1632 2433,1632 2490,1631 2547,1631 2604,1632 2661,1632 2718,1633 2775,1635"/>
                <TextEquiv>
                    <Unicode>zu sehen, und jederzeit geneigt, über dem jüngsten alle</Unicode>
                </TextEquiv>
            </TextLine>
            <TextLine id="r1l8" custom="readingOrder {index:7;}">
                <Coords points="956,1682 989,1683 996,1678 1007,1685 1057,1677 1076,1683 1104,1677 1098,1605 1080,1606 1068,1596 1055,1605 1047,1598 1029,1603 1014,1597 997,1610 974,1590 949,1592"/>
                <Baseline points="971,1659 999,1656 1027,1652 1055,1650 1083,1651"/>
                <TextEquiv>
                    <Unicode>zur</Unicode>
                </TextEquiv>
            </TextLine>
            <TextLine id="r1l9" custom="readingOrder {index:8;}">
                <Coords points="2785,1693 2908,1702 3023,1674 3074,1695 3157,1697 3196,1675 3265,1674 3290,1695 3319,1676 3370,1683 3369,1636 2785,1639"/>
                <Baseline points="2805,1685 2832,1685 2859,1685 2886,1685 2914,1685 2941,1684 2968,1684 2995,1683 3023,1683 3050,1682 3077,1682 3104,1681 3132,1681 3159,1680 3186,1680 3213,1679 3241,1678 3268,1678 3295,1677 3322,1677 3350,1677"/>
                <TextEquiv>
                    <Unicode>Programm erhoben, da es i</Unicode>
                </TextEquiv>
            </TextLine>
            <TextLine id="r1l10" custom="readingOrder {index:9;}">
                <Coords points="1611,1691 2653,1696 2790,1679 2789,1628 1610,1647"/>
                <Baseline points="1629,1691 1686,1691 1743,1691 1800,1690 1857,1689 1914,1688 1971,1687 2029,1685 2086,1684 2143,1683 2200,1681 2257,1680 2314,1679 2371,1677 2429,1677 2486,1676 2543,1676 2600,1676 2657,1676 2714,1677 2772,1679"/>
                <TextEquiv>
                    <Unicode>früheren zu vergessen. Das hat etwas Mißliches, zumal</Unicode>
                </TextEquiv>
            </TextLine>
            <TextLine id="r1l11" custom="readingOrder {index:10;}">
                <Coords points="2788,1735 3308,1739 3376,1717 3376,1677 3026,1674 2936,1694 2788,1678"/>
                <Baseline points="2805,1731 2832,1731 2860,1730 2887,1730 2915,1730 2943,1730 2970,1730 2998,1730 3025,1730 3053,1730 3081,1729 3108,1729 3136,1729 3163,1729 3191,1728 3219,1727 3246,1726 3274,1725 3301,1725 3329,1724 3357,1722"/>
                <TextEquiv>
                    <Unicode>er es eben darum weder zu</Unicode>
                </TextEquiv>
            </TextLine>
            <TextLine id="r1l12" custom="readingOrder {index:11;}">
                <Coords points="1620,1743 2778,1729 2777,1679 2687,1676 1620,1692"/>
                <Baseline points="1640,1737 1696,1736 1752,1736 1808,1735 1864,1734 1920,1733 1976,1732 2032,1731 2088,1730 2144,1729 2200,1728 2256,1727 2312,1726 2368,1725 2424,1725 2480,1724 2536,1723 2592,1723 2648,1722 2704,1722 2760,1722"/>
                <TextEquiv>
                    <Unicode>bei einem Dichter wie Schnitzter, dessen Produktion keine</Unicode>
                </TextEquiv>
            </TextLine>
            <TextLine id="r1l13" custom="readingOrder {index:12;}">
                <Coords points="524,1781 1519,1761 1518,1678 786,1663 693,1700 523,1669"/>
                <Baseline points="541,1736 589,1741 637,1746 685,1750 733,1752 781,1754 829,1755 877,1755 925,1755 973,1755 1021,1753 1069,1752 1117,1750 1165,1748 1213,1747 1261,1745 1309,1743 1357,1741 1405,1740 1453,1739 1501,1739"/>
                <TextEquiv>
                    <Unicode>Sonntagsnummer:</Unicode>
                </TextEquiv>
            </TextLine>
            <TextLine id="r1l14" custom="readingOrder {index:13;}">
                <Coords points="2778,1779 3369,1778 3368,1728 3346,1724 3296,1740 3213,1727 3188,1746 3018,1724 2777,1732"/>
                <Baseline points="2796,1784 2823,1782 2851,1780 2879,1778 2907,1777 2935,1777 2962,1776 2990,1775 3018,1775 3046,1774 3074,1774 3101,1774 3129,1774 3157,1773 3185,1773 3213,1773 3240,1772 3268,1772 3296,1770 3324,1770 3352,1768"/>
                <TextEquiv>
                    <Unicode>zu betonen suchte. Im Ge</Unicode>
                </TextEquiv>
            </TextLine>
            <TextLine id="r1l15" custom="readingOrder {index:14;}">
                <Coords points="1606,1813 2023,1770 2604,1790 2784,1776 2784,1726 1774,1756 1705,1729 1605,1759"/>
                <Baseline points="1625,1785 1682,1784 1739,1783 1796,1782 1853,1781 1910,1780 1967,1779 2024,1778 2081,1778 2138,1776 2195,1776 2252,1775 2309,1774 2366,1773 2423,1772 2480,1771 2537,1770 2594,1769 2651,1768 2708,1767 2765,1766"/>
                <TextEquiv>
                    <Unicode>mechanische ist und in dessen künstlerisches Gesicht jede</Unicode>
                </TextEquiv>
            </TextLine>
            <TextLine id="r1l16" custom="readingOrder {index:15;}">
                <Coords points="2778,1818 2865,1838 2900,1823 2958,1837 2980,1819 2994,1833 3369,1824 3369,1781 2777,1785"/>
                <Baseline points="2795,1823 2822,1823 2850,1822 2878,1822 2906,1822 2934,1821 2962,1821 2989,1821 3017,1820 3045,1820 3073,1820 3101,1820 3129,1819 3157,1819 3184,1818 3212,1818 3240,1817 3268,1817 3296,1816 3324,1815 3352,1814"/>
                <TextEquiv>
                    <Unicode>einzelnen seiner Novellen und</Unicode>
                </TextEquiv>
            </TextLine>
            <TextLine id="r1l17" custom="readingOrder {index:16;}">
                <Coords points="1618,1837 2783,1810 2782,1767 2699,1758 1617,1787"/>
                <Baseline points="1635,1831 1691,1831 1747,1830 1804,1830 1860,1829 1917,1828 1973,1827 2030,1826 2086,1825 2143,1824 2199,1823 2255,1822 2312,1821 2368,1820 2425,1819 2481,1818 2538,1817 2594,1816 2651,1815 2707,1814 2764,1814"/>
                <TextEquiv>
                    <Unicode>neue Arbeit auch einen neuen Zug einprägt. Die Oessent¬</Unicode>
                </TextEquiv>
            </TextLine>
            <TextLine id="r1l18" custom="readingOrder {index:17;}">
                <Coords points="459,1869 693,1869 794,1828 1620,1842 1619,1788 1561,1763 458,1786"/>
                <Baseline points="477,1844 533,1842 589,1840 645,1838 702,1836 758,1834 814,1833 870,1832 927,1831 983,1829 1039,1829 1095,1828 1152,1827 1208,1827 1264,1827 1320,1826 1377,1827 1433,1827 1489,1827 1545,1828 1602,1828"/>
                <TextEquiv>
                    <Unicode>In der Beilage auf Seite 31 und 32 bringen wir die</Unicode>
                </TextEquiv>
            </TextLine>
            <TextLine id="r1l19" custom="readingOrder {index:18;}">
                <Coords points="2783,1871 3324,1876 3370,1872 3370,1821 2991,1807 2977,1822 2782,1824"/>
                <Baseline points="2799,1869 2826,1868 2854,1867 2882,1867 2910,1866 2937,1866 2965,1865 2993,1865 3021,1865 3048,1864 3076,1864 3104,1864 3132,1864 3159,1864 3187,1864 3215,1864 3243,1863 3270,1863 3298,1862 3326,1862 3354,1861"/>
                <TextEquiv>
                    <Unicode>liche Region weit hinausgestr</Unicode>
                </TextEquiv>
            </TextLine>
            <TextLine id="r1l20" custom="readingOrder {index:19;}">
                <Coords points="737,1877 831,1905 910,1875 1123,1876 1210,1900 1268,1874 1347,1884 1346,1826 737,1827"/>
                <Baseline points="755,1871 783,1871 812,1872 841,1872 869,1872 898,1872 927,1872 955,1872 984,1871 1013,1871 1042,1870 1070,1870 1099,1869 1128,1869 1156,1868 1185,1867 1214,1867 1242,1867 1271,1866 1300,1866 1329,1866"/>
                <TextEquiv>
                    <Unicode>4. Fortsetzung der Komödie</Unicode>
                </TextEquiv>
            </TextLine>
            <TextLine id="r1l21" custom="readingOrder {index:20;}">
                <Coords points="1608,1882 2762,1876 2783,1811 1607,1835"/>
                <Baseline points="1626,1881 1683,1880 1740,1880 1797,1878 1854,1877 1911,1876 1968,1875 2025,1873 2082,1872 2139,1870 2196,1869 2253,1867 2310,1866 2367,1865 2424,1864 2481,1863 2538,1862 2595,1861 2652,1861 2709,1860 2767,1860"/>
                <TextEquiv>
                    <Unicode>lichkeit sieht dann nur diesen, sieht ihn womöglich unter</Unicode>
                </TextEquiv>
            </TextLine>
            <TextLine id="r1l22" custom="readingOrder {index:21;}">
                <Coords points="2783,1922 3352,1915 3374,1911 3373,1864 2861,1885 2781,1868"/>
                <Baseline points="2802,1917 2829,1917 2857,1917 2885,1917 2912,1917 2940,1917 2968,1917 2995,1917 3023,1916 3051,1916 3079,1915 3106,1915 3134,1914 3162,1913 3189,1912 3217,1912 3245,1910 3272,1909 3300,1908 3328,1908 3356,1907"/>
                <TextEquiv>
                    <Unicode>die, völlig frei von munda</Unicode>
                </TextEquiv>
            </TextLine>
            <TextLine id="r1l23" custom="readingOrder {index:22;}">
                <Coords points="1619,1933 2744,1925 2780,1917 2779,1866 1618,1890"/>
                <Baseline points="1638,1928 1694,1928 1750,1927 1806,1926 1863,1925 1919,1924 1975,1923 2031,1922 2088,1920 2144,1918 2200,1917 2256,1916 2313,1914 2369,1913 2425,1912 2481,1911 2538,1910 2594,1909 2650,1909 2706,1909 2763,1910"/>
                <TextEquiv>
                    <Unicode>dem Scheinwerfer des Erfolges, dessen greller Glanz auch</Unicode>
                </TextEquiv>
            </TextLine>
            <TextLine id="r1l24" custom="readingOrder {index:23;}">
                <Coords points="1392,1964 1420,1960 1423,1956 1436,1965 1446,1960 1454,1963 1475,1960 1465,1885 1447,1887 1427,1872 1424,1876 1416,1873 1404,1889 1382,1892"/>
                <Baseline points="1406,1938 1452,1932"/>
                <TextEquiv>
                    <Unicode>66</Unicode>
                </TextEquiv>
            </TextLine>
            <TextLine id="r1l25" custom="readingOrder {index:24;}">
                <Coords points="2778,1960 2995,1976 3016,1961 3207,1970 3229,1952 3337,1969 3362,1965 3362,1914 2778,1920"/>
                <Baseline points="2795,1960 2822,1960 2849,1960 2877,1961 2904,1961 2932,1961 2959,1961 2987,1961 3014,1961 3042,1961 3069,1961 3096,1960 3124,1960 3151,1959 3179,1959 3206,1959 3234,1958 3261,1957 3289,1956 3316,1955 3344,1954"/>
                <TextEquiv>
                    <Unicode>den Schriften anderer im Re</Unicode>
                </TextEquiv>
            </TextLine>
            <TextLine id="r1l26" custom="readingOrder {index:25;}">
                <Coords points="1626,1980 2787,1971 2786,1916 1625,1933"/>
                <Baseline points="1642,1974 1698,1974 1754,1974 1811,1973 1867,1973 1923,1972 1980,1971 2036,1970 2092,1969 2149,1968 2205,1966 2261,1965 2318,1964 2374,1963 2430,1962 2487,1961 2543,1960 2599,1959 2656,1958 2712,1957 2769,1957"/>
                <TextEquiv>
                    <Unicode>die stärksten Augen ein wenig blinzeln macht, und trägt</Unicode>
                </TextEquiv>
            </TextLine>
            <TextLine id="r1l27" custom="readingOrder {index:26;}">
                <Coords points="610,2011 928,2022 1042,1985 1169,2013 1305,1983 1425,2001 1421,1886 607,1939"/>
                <Baseline points="626,1998 665,1992 704,1988 743,1984 782,1981 821,1979 860,1977 899,1976 938,1975 977,1974 1016,1974 1055,1974 1094,1973 1133,1973 1172,1972 1211,1971 1250,1970 1289,1969 1328,1966 1367,1962 1407,1958"/>
                <TextEquiv>
                    <Unicode>„Der Lebenssport“</Unicode>
                </TextEquiv>
            </TextLine>
            <TextLine id="r1l28" custom="readingOrder {index:27;}">
                <Coords points="2787,2023 2863,2007 3105,2023 3123,2005 3368,2006 3367,1962 3306,1956 2787,1972"/>
                <Baseline points="2806,2010 2833,2008 2860,2007 2887,2006 2914,2006 2942,2005 2969,2005 2996,2004 3023,2004 3050,2004 3078,2004 3105,2004 3132,2004 3159,2004 3186,2004 3214,2004 3241,2003 3268,2003 3295,2002 3322,2002 3350,2000"/>
                <TextEquiv>
                    <Unicode>oft nur dadurch unterscheiden</Unicode>
                </TextEquiv>
            </TextLine>
            <TextLine id="r1l29" custom="readingOrder {index:28;}">
                <Coords points="1614,2026 2584,2026 2753,2016 2789,1972 1613,1976"/>
                <Baseline points="1631,2023 1688,2022 1745,2022 1802,2021 1859,2020 1916,2019 1973,2018 2030,2017 2087,2016 2144,2015 2201,2013 2258,2012 2315,2011 2372,2010 2429,2009 2486,2007 2543,2007 2600,2006 2657,2005 2714,2004 2771,2004"/>
                <TextEquiv>
                    <Unicode>so ein verzerrtes Bild nach Hause. Ein halbwegs ähn¬</Unicode>
                </TextEquiv>
            </TextLine>
            <TextLine id="r1l30" custom="readingOrder {index:29;}">
                <Coords points="953,2056 971,2056 992,2068 1018,2057 1028,2068 1047,2061 1072,2072 1111,2073 1112,2000 1055,1993 1044,1982 1015,1999 990,1977 954,1984"/>
                <Baseline points="971,2043 1001,2041 1031,2041 1061,2042 1092,2044"/>
                <TextEquiv>
                    <Unicode>von</Unicode>
                </TextEquiv>
            </TextLine>
            <TextLine id="r1l31" custom="readingOrder {index:30;}">
                <Coords points="2780,2068 2881,2077 2899,2058 3010,2049 3032,2067 3129,2050 3206,2077 3302,2050 3375,2063 3374,2006 2779,2021"/>
                <Baseline points="2798,2064 2827,2061 2856,2058 2886,2057 2915,2055 2945,2054 2974,2053 3003,2052 3033,2052 3062,2052 3092,2051 3121,2051 3151,2051 3180,2051 3209,2051 3239,2051 3268,2050 3298,2050 3327,2048 3357,2047"/>
                <TextEquiv>
                    <Unicode>geschrieben sind. Indessen o</Unicode>
                </TextEquiv>
            </TextLine>
            <TextLine id="r1l32" custom="readingOrder {index:31;}">
                <Coords points="1616,2072 2788,2056 2787,2002 1616,2043"/>
                <Baseline points="1633,2069 1689,2069 1746,2069 1803,2068 1860,2067 1917,2066 1973,2065 2030,2064 2087,2063 2144,2061 2201,2060 2257,2059 2314,2057 2371,2056 2428,2054 2485,2054 2541,2053 2598,2052 2655,2051 2712,2051 2769,2051"/>
                <TextEquiv>
                    <Unicode>liches wird sich nur gewinnen lussen, wenn man den</Unicode>
                </TextEquiv>
            </TextLine>
            <TextLine id="r1l33" custom="readingOrder {index:32;}">
                <Coords points="2776,2096 2913,2114 2949,2095 3050,2114 3367,2097 3366,2043 3193,2066 3131,2050 2774,2057"/>
                <Baseline points="2793,2109 2820,2107 2848,2105 2876,2103 2904,2102 2932,2101 2959,2100 2987,2099 3015,2099 3043,2098 3071,2098 3098,2098 3126,2098 3154,2097 3182,2096 3210,2095 3237,2095 3265,2093 3293,2091 3321,2089 3349,2086"/>
                <TextEquiv>
                    <Unicode>am ursprünglichsten und v#</Unicode>
                </TextEquiv>
            </TextLine>
            <TextLine id="r1l34" custom="readingOrder {index:33;}">
                <Coords points="1625,2118 2779,2106 2778,2052 1624,2075"/>
                <Baseline points="1642,2118 1700,2117 1759,2115 1818,2114 1877,2112 1936,2111 1995,2110 2054,2109 2113,2108 2172,2108 2230,2107 2289,2106 2348,2105 2407,2104 2466,2102 2525,2101 2584,2099 2643,2097 2702,2096 2761,2093"/>
                <TextEquiv>
                    <Unicode>Dichter im Zusammenhang mit allen seinen Werken und</Unicode>
                </TextEquiv>
            </TextLine>
            <TextLine id="r1l35" custom="readingOrder {index:34;}">
                <Coords points="820,2154 875,2164 950,2133 1001,2157 1080,2158 1101,2143 1116,2157 1260,2157 1258,2046 1189,2047 1154,2077 955,2053 818,2060"/>
                <Baseline points="839,2134 864,2131 889,2129 914,2127 940,2126 965,2124 990,2123 1015,2123 1041,2122 1066,2122 1091,2122 1116,2122 1142,2122 1167,2122 1192,2121 1217,2121 1243,2120"/>
                <TextEquiv>
                    <Unicode>Mar Nordau.</Unicode>
                </TextEquiv>
            </TextLine>
            <TextLine id="r1l36" custom="readingOrder {index:35;}">
                <Coords points="2783,2168 2963,2148 3187,2160 3204,2142 3255,2158 3367,2137 3366,2098 3315,2092 2782,2110"/>
                <Baseline points="2800,2154 2827,2152 2854,2151 2882,2149 2909,2149 2936,2148 2964,2147 2991,2147 3018,2146 3046,2146 3073,2145 3100,2144 3128,2144 3155,2143 3182,2143 3210,2142 3237,2141 3264,2140 3292,2139 3319,2137 3347,2135"/>
                <TextEquiv>
                    <Unicode>seiner Produktionen, die vol</Unicode>
                </TextEquiv>
            </TextLine>
            <TextLine id="r1l37" custom="readingOrder {index:36;}">
                <Coords points="1620,2164 2784,2148 2783,2105 2682,2096 1619,2121"/>
                <Baseline points="1637,2161 1693,2161 1749,2160 1806,2159 1862,2158 1919,2157 1975,2156 2032,2155 2088,2153 2145,2152 2201,2151 2257,2150 2314,2149 2370,2148 2427,2146 2483,2145 2540,2144 2596,2143 2653,2142 2709,2141 2766,2140"/>
                <TextEquiv>
                    <Unicode>in einem ruhigeren Augenblick betrachtet. Artur Schnitzler</Unicode>
                </TextEquiv>
            </TextLine>
            <TextLine id="r1l38" custom="readingOrder {index:37;}">
                <Coords points="1108,2193 1129,2194 1136,2202 1151,2195 1161,2200 1183,2201 1186,2150 1153,2149 1147,2141 1110,2143"/>
                <Baseline points="1126,2171 1168,2173"/>
                <TextEquiv>
                    <Unicode>—</Unicode>
                </TextEquiv>
            </TextLine>
            <TextLine id="r1l39" custom="readingOrder {index:38;}">
                <Coords points="2781,2201 3343,2196 3376,2188 3375,2148 2986,2147 2932,2166 2841,2150 2780,2169"/>
                <Baseline points="2800,2197 2827,2196 2855,2194 2883,2193 2911,2192 2939,2192 2966,2191 2994,2191 3022,2191 3050,2190 3078,2190 3105,2190 3133,2190 3161,2190 3189,2189 3217,2189 3244,2188 3272,2188 3300,2186 3328,2186 3356,2184"/>
                <TextEquiv>
                    <Unicode>rischen Aroma von der Wun</Unicode>
                </TextEquiv>
            </TextLine>
            <TextLine id="r1l40" custom="readingOrder {index:39;}">
                <Coords points="1630,2219 2369,2220 2433,2179 2740,2205 2787,2197 2786,2143 1629,2169"/>
                <Baseline points="1647,2210 1703,2209 1759,2208 1815,2206 1871,2205 1927,2204 1983,2203 2039,2202 2095,2201 2151,2199 2207,2198 2263,2197 2319,2196 2375,2195 2431,2194 2487,2193 2543,2192 2599,2191 2655,2190 2711,2190 2768,2190"/>
                <TextEquiv>
                    <Unicode>hat heute bereits ein Recht darauf, so angeschaut zu</Unicode>
                </TextEquiv>
            </TextLine>
            <TextLine id="r1l41" custom="readingOrder {index:40;}">
                <Coords points="2779,2250 2952,2238 3025,2258 3096,2227 3125,2248 3157,2229 3198,2246 3277,2248 3323,2225 3374,2238 3373,2191 3261,2183 2778,2196"/>
                <Baseline points="2798,2244 2825,2243 2853,2241 2881,2241 2909,2240 2937,2239 2964,2238 2992,2238 3020,2237 3048,2236 3076,2235 3103,2235 3131,2234 3159,2233 3187,2233 3215,2232 3242,2232 3270,2231 3298,2230 3326,2229 3354,2228"/>
                <TextEquiv>
                    <Unicode>Dieses Aroma ist bei ihm</Unicode>
                </TextEquiv>
            </TextLine>
            <TextLine id="r1l42" custom="readingOrder {index:41;}">
                <Coords points="708,2277 1148,2248 1368,2264 1415,2235 1414,2166 1392,2163 1223,2193 1169,2176 866,2193 797,2168 707,2187"/>
                <Baseline points="726,2240 759,2240 792,2240 826,2241 859,2241 893,2242 926,2242 960,2242 993,2242 1027,2242 1060,2242 1093,2241 1127,2241 1160,2241 1194,2240 1227,2239 1261,2238 1294,2238 1328,2236 1361,2234 1395,2233"/>
                <TextEquiv>
                    <Unicode>#thält die vorliegende Nummer:</Unicode>
                </TextEquiv>
            </TextLine>
            <TextLine id="r1l43" custom="readingOrder {index:42;}">
                <Coords points="1621,2259 2789,2250 2788,2189 1620,2226"/>
                <Baseline points="1639,2259 1695,2258 1752,2256 1808,2254 1865,2253 1921,2251 1978,2250 2034,2249 2091,2248 2147,2246 2204,2245 2261,2244 2317,2243 2374,2243 2430,2242 2487,2241 2543,2240 2600,2239 2656,2238 2713,2237 2770,2236"/>
                <TextEquiv>
                    <Unicode>werden. Ein bedeutender Dramatiker und hervorragender</Unicode>
                </TextEquiv>
            </TextLine>
            <TextLine id="r1l44" custom="readingOrder {index:43;}">
                <Coords points="2791,2293 3284,2277 3364,2294 3370,2236 3197,2246 3096,2226 3024,2253 2883,2234 2790,2246"/>
                <Baseline points="2810,2289 2837,2288 2864,2286 2891,2285 2918,2284 2945,2283 2972,2283 2999,2283 3026,2283 3053,2282 3081,2282 3108,2282 3135,2282 3162,2282 3189,2282 3216,2281 3243,2280 3270,2279 3297,2278 3324,2276 3352,2274"/>
                <TextEquiv>
                    <Unicode>Bauernfeld, der ja auch jed</Unicode>
                </TextEquiv>
            </TextLine>
            <TextLine id="r1l45" custom="readingOrder {index:44;}">
                <Coords points="1627,2309 2752,2298 2785,2294 2784,2240 1626,2269"/>
                <Baseline points="1646,2306 1702,2306 1758,2305 1814,2304 1870,2303 1926,2302 1982,2301 2038,2299 2094,2298 2150,2297 2206,2295 2262,2293 2318,2292 2374,2291 2430,2289 2486,2288 2542,2287 2598,2286 2654,2286 2710,2285 2767,2285"/>
                <TextEquiv>
                    <Unicode>Erzähler, steht er auf zwei Gebieten unter den Ersten</Unicode>
                </TextEquiv>
            </TextLine>
            <TextLine id="r1l46" custom="readingOrder {index:45;}">
                <Coords points="784,2314 885,2343 1267,2347 1361,2322 1411,2348 1620,2323 1620,2251 784,2263"/>
                <Baseline points="803,2306 842,2310 882,2314 922,2317 962,2319 1002,2320 1042,2321 1082,2322 1122,2322 1162,2322 1202,2321 1241,2321 1281,2320 1321,2319 1361,2318 1401,2317 1441,2317 1481,2316 1521,2316 1561,2317 1601,2317"/>
                <TextEquiv>
                    <Unicode>##rblatt“: „Deutsche Lyrik</Unicode>
                </TextEquiv>
            </TextLine>
            <TextLine id="r1l47" custom="readingOrder {index:46;}">
                <Coords points="2781,2349 3119,2326 3289,2340 3372,2317 3371,2281 3132,2272 3118,2287 2779,2295"/>
                <Baseline points="2799,2335 2826,2334 2854,2334 2882,2333 2910,2333 2937,2333 2965,2332 2993,2331 3021,2331 3048,2330 3076,2329 3104,2329 3132,2328 3159,2328 3187,2327 3215,2326 3243,2325 3270,2324 3298,2323 3326,2322 3354,2320"/>
                <TextEquiv>
                    <Unicode>und doch einen wienerischen</Unicode>
                </TextEquiv>
            </TextLine>
            <TextLine id="r1l48" custom="readingOrder {index:47;}">
                <Coords points="1620,2366 2792,2350 2790,2285 2754,2275 1619,2309"/>
                <Baseline points="1638,2354 1694,2353 1751,2350 1808,2349 1864,2348 1921,2346 1978,2345 2034,2344 2091,2343 2148,2342 2205,2341 2261,2340 2318,2339 2375,2338 2431,2337 2488,2336 2545,2335 2601,2334 2658,2332 2715,2331 2772,2330"/>
                <TextEquiv>
                    <Unicode>Deutschlands und ist überdies vermöge seiner Persönlich¬</Unicode>
                </TextEquiv>
            </TextLine>
            <TextLine id="r1l49" custom="readingOrder {index:48;}">
                <Coords points="668,2375 701,2365 715,2373 740,2363 765,2378 780,2367 798,2382 820,2369 834,2376 863,2355 896,2360 896,2331 871,2330 818,2307 807,2318 785,2317 771,2302 742,2305 714,2286 706,2293 670,2292"/>
                <Baseline points="686,2350 713,2352 740,2353 767,2353 794,2353 821,2354 848,2355 876,2358"/>
                <TextEquiv>
                    <Unicode>Burean</Unicode>
                </TextEquiv>
            </TextLine>
            <TextLine id="r1l50" custom="readingOrder {index:49;}">
                <Coords points="2791,2381 3310,2385 3371,2377 3370,2319 3190,2344 3122,2328 2790,2341"/>
                <Baseline points="2809,2384 2836,2382 2863,2381 2890,2379 2917,2378 2945,2378 2972,2377 2999,2377 3026,2377 3053,2377 3081,2377 3108,2376 3135,2376 3162,2376 3189,2376 3217,2375 3244,2374 3271,2373 3298,2372 3325,2370 3353,2368"/>
                <TextEquiv>
                    <Unicode>ersten Büchern, dem „Anatol</Unicode>
                </TextEquiv>
            </TextLine>
            <TextLine id="r1l51" custom="readingOrder {index:50;}">
                <Coords points="1620,2421 2791,2379 2790,2332 2437,2322 1619,2367"/>
                <Baseline points="1637,2405 1693,2403 1750,2402 1807,2400 1864,2399 1920,2397 1977,2395 2034,2394 2091,2392 2147,2391 2204,2390 2261,2388 2318,2387 2374,2386 2431,2384 2488,2383 2545,2382 2601,2381 2658,2380 2715,2379 2772,2378"/>
                <TextEquiv>
                    <Unicode>keit, in der sich seltene Gaben auf das liebenswürdigste</Unicode>
                </TextEquiv>
            </TextLine>
            <TextLine id="r1l52" custom="readingOrder {index:51;}">
                <Coords points="603,2434 941,2387 974,2416 1548,2415 1623,2399 1621,2320 1406,2350 922,2327 761,2377 601,2354"/>
                <Baseline points="622,2416 671,2411 720,2407 769,2404 818,2402 867,2400 916,2398 965,2397 1014,2396 1063,2395 1113,2395 1162,2394 1211,2394 1260,2394 1309,2394 1358,2394 1407,2393 1456,2392 1505,2392 1554,2390 1604,2389"/>
                <TextEquiv>
                    <Unicode>Berlir sch.“ Von Alberta v. Putt¬</Unicode>
                </TextEquiv>
            </TextLine>
            <TextLine id="r1l53" custom="readingOrder {index:52;}">
                <Coords points="2778,2442 2919,2422 2991,2439 3124,2418 3200,2435 3225,2413 3276,2430 3377,2421 3376,2364 3008,2392 2777,2374"/>
                <Baseline points="2797,2429 2825,2427 2853,2426 2881,2424 2909,2423 2937,2423 2965,2422 2993,2422 3021,2422 3049,2422 3077,2422 3105,2422 3133,2422 3161,2422 3189,2421 3217,2421 3245,2420 3273,2419 3301,2417 3329,2416 3357,2414"/>
                <TextEquiv>
                    <Unicode>junge Schnitzler diese heim</Unicode>
                </TextEquiv>
            </TextLine>
            <TextLine id="r1l54" custom="readingOrder {index:53;}">
                <Coords points="1629,2459 2786,2436 2785,2386 2727,2376 1628,2408"/>
                <Baseline points="1645,2450 1701,2449 1757,2448 1813,2447 1869,2446 1925,2445 1981,2444 2038,2442 2094,2441 2150,2440 2206,2438 2262,2437 2318,2436 2374,2434 2431,2433 2487,2431 2543,2430 2599,2429 2655,2427 2711,2427 2768,2426"/>
                <TextEquiv>
                    <Unicode>verbinden, in den letzten Jahren geradezu der repräsen¬</Unicode>
                </TextEquiv>
            </TextLine>
            <TextLine id="r1l55" custom="readingOrder {index:54;}">
                <Coords points="2786,2481 3366,2470 3365,2416 3120,2418 3062,2438 2784,2419"/>
                <Baseline points="2803,2475 2830,2474 2857,2473 2884,2472 2911,2472 2939,2471 2966,2471 2993,2470 3020,2470 3047,2469 3075,2469 3102,2468 3129,2468 3156,2467 3183,2467 3211,2465 3238,2465 3265,2463 3292,2462 3319,2461 3347,2458"/>
                <TextEquiv>
                    <Unicode>freilich aus einem anderen</Unicode>
                </TextEquiv>
            </TextLine>
            <TextLine id="r1l56" custom="readingOrder {index:55;}">
                <Coords points="434,2507 1527,2495 1620,2475 1619,2396 433,2428"/>
                <Baseline points="451,2479 508,2479 566,2478 623,2477 681,2476 738,2475 796,2474 853,2473 911,2473 968,2472 1026,2471 1084,2470 1141,2469 1199,2468 1256,2467 1314,2467 1371,2466 1429,2465 1486,2464 1544,2463 1602,2462"/>
                <TextEquiv>
                    <Unicode>ramer. „Ostwalds „Monistische Sonntags¬</Unicode>
                </TextEquiv>
            </TextLine>
            <TextLine id="r1l57" custom="readingOrder {index:56;}">
                <Coords points="1623,2502 2784,2483 2783,2439 2563,2452 2515,2421 2455,2451 1622,2458"/>
                <Baseline points="1640,2504 1696,2501 1752,2497 1809,2495 1865,2493 1921,2491 1978,2490 2034,2488 2090,2487 2147,2485 2203,2485 2259,2484 2316,2482 2372,2481 2428,2480 2485,2479 2541,2478 2597,2476 2654,2474 2710,2472 2767,2470"/>
                <TextEquiv>
                    <Unicode>tative Schriftsteller Oesterreichs geworden. Was er darüber</Unicode>
                </TextEquiv>
            </TextLine>
            <TextLine id="r1l58" custom="readingOrder {index:57;}">
                <Coords points="2797,2522 2881,2542 2938,2519 3162,2534 3176,2519 3371,2516 3370,2465 2797,2478"/>
                <Baseline points="2814,2520 2840,2518 2867,2517 2894,2516 2921,2515 2948,2515 2975,2514 3002,2514 3029,2514 3056,2514 3083,2514 3109,2514 3136,2514 3163,2513 3190,2513 3217,2512 3244,2512 3271,2511 3298,2509 3325,2508 3352,2506"/>
                <TextEquiv>
                    <Unicode>weniger zum Leichtsinn und</Unicode>
                </TextEquiv>
            </TextLine>
            <TextLine id="r1l59" custom="readingOrder {index:58;}">
                <Coords points="1624,2562 2792,2541 2790,2480 1622,2500"/>
                <Baseline points="1643,2549 1699,2547 1756,2545 1812,2543 1869,2541 1926,2539 1982,2537 2039,2536 2095,2534 2152,2533 2209,2532 2265,2530 2322,2529 2378,2528 2435,2527 2492,2526 2548,2525 2605,2524 2661,2523 2718,2522 2775,2521"/>
                <TextEquiv>
                    <Unicode>hinaus noch ist und werden kann, wäre unmöglich, heute</Unicode>
                </TextEquiv>
            </TextLine>
            <TextLine id="r1l60" custom="readingOrder {index:59;}">
                <Coords points="435,2568 864,2579 1246,2530 1585,2564 1628,2545 1627,2473 434,2507"/>
                <Baseline points="453,2559 510,2557 568,2554 626,2553 684,2551 742,2549 800,2547 857,2546 915,2544 973,2543 1031,2542 1089,2541 1147,2541 1205,2540 1262,2540 1320,2539 1378,2539 1436,2539 1494,2540 1552,2540 1610,2541"/>
                <TextEquiv>
                    <Unicode>predigten“.“ Von Rudolf Goldscheid.</Unicode>
                </TextEquiv>
            </TextLine>
            <TextLine id="r1l61" custom="readingOrder {index:60;}">
                <Coords points="2785,2596 2845,2566 3365,2566 3367,2515 3071,2507 2982,2534 2913,2503 2891,2522 2783,2514"/>
                <Baseline points="2801,2567 2828,2566 2855,2565 2883,2564 2910,2563 2938,2563 2965,2562 2992,2562 3020,2561 3047,2561 3075,2560 3102,2560 3129,2559 3157,2558 3184,2558 3212,2558 3239,2557 3266,2556 3294,2555 3321,2554 3349,2553"/>
                <TextEquiv>
                    <Unicode>ist, und in seinen letzten, d</Unicode>
                </TextEquiv>
            </TextLine>
            <TextLine id="r1l62" custom="readingOrder {index:61;}">
                <Coords points="1621,2614 2792,2581 2791,2520 1619,2553"/>
                <Baseline points="1639,2598 1695,2595 1752,2593 1809,2591 1866,2589 1923,2587 1979,2585 2036,2584 2093,2583 2150,2581 2207,2580 2263,2579 2320,2577 2377,2576 2434,2575 2491,2574 2547,2573 2604,2571 2661,2570 2718,2568 2775,2567"/>
                <TextEquiv>
                    <Unicode>zu entscheiden. In die Schneeregion der zeitlosen Literatur</Unicode>
                </TextEquiv>
            </TextLine>
            <TextLine id="r1l63" custom="readingOrder {index:62;}">
                <Coords points="2792,2623 2979,2630 3098,2595 3149,2627 3181,2604 3206,2622 3257,2603 3333,2616 3375,2597 3375,2557 2841,2568 2791,2590"/>
                <Baseline points="2809,2614 2836,2612 2863,2611 2891,2610 2918,2609 2946,2608 2973,2608 3001,2607 3028,2607 3056,2607 3083,2606 3110,2606 3138,2606 3165,2606 3193,2605 3220,2605 3248,2604 3275,2603 3303,2602 3330,2601 3358,2600"/>
                <TextEquiv>
                    <Unicode>„Weiten Land“ ist der reife</Unicode>
                </TextEquiv>
            </TextLine>
            <TextLine id="r1l64" custom="readingOrder {index:63;}">
                <Coords points="443,2638 1575,2648 1625,2626 1624,2550 442,2569"/>
                <Baseline points="461,2629 518,2628 575,2626 632,2625 690,2624 747,2623 804,2622 861,2622 919,2621 976,2620 1033,2619 1090,2619 1148,2618 1205,2618 1262,2617 1319,2616 1377,2616 1434,2615 1491,2614 1548,2613 1606,2612"/>
                <TextEquiv>
                    <Unicode>Literarische Notizen. Eingesendete Bücher.</Unicode>
                </TextEquiv>
            </TextLine>
            <TextLine id="r1l65" custom="readingOrder {index:64;}">
                <Coords points="1619,2652 2773,2642 2794,2591 1617,2583"/>
                <Baseline points="1638,2645 1694,2643 1751,2640 1808,2638 1865,2636 1922,2634 1979,2632 2035,2630 2092,2628 2149,2627 2206,2625 2263,2624 2320,2623 2377,2621 2433,2621 2490,2620 2547,2619 2604,2619 2661,2618 2718,2618 2775,2618"/>
                <TextEquiv>
                    <Unicode>ragt sein vorderhand noch blonder Scheitel nicht hinein,</Unicode>
                </TextEquiv>
            </TextLine>
            <TextLine id="r1l66" custom="readingOrder {index:65;}">
                <Coords points="2789,2658 2930,2663 2955,2684 2991,2654 3172,2672 3214,2649 3287,2673 3373,2649 3372,2613 3271,2601 3098,2594 3084,2609 2788,2622"/>
                <Baseline points="2807,2661 2834,2659 2861,2659 2889,2658 2916,2657 2944,2656 2971,2655 2998,2655 3026,2654 3053,2654 3081,2653 3108,2653 3135,2652 3163,2651 3190,2651 3218,2650 3245,2650 3272,2649 3300,2649 3327,2649 3355,2648"/>
                <TextEquiv>
                    <Unicode>gebogen, die ihn zu seinen</Unicode>
                </TextEquiv>
            </TextLine>
            <TextLine id="r1l67" custom="readingOrder {index:66;}">
                <Coords points="1630,2696 2791,2672 2732,2622 1629,2649"/>
                <Baseline points="1648,2694 1704,2691 1760,2688 1816,2686 1872,2683 1928,2682 1984,2679 2041,2678 2097,2676 2153,2675 2209,2674 2265,2672 2321,2672 2377,2671 2434,2670 2490,2669 2546,2668 2602,2667 2658,2667 2714,2666 2771,2665"/>
                <TextEquiv>
                    <Unicode>aber ein großer Schriftsteller seiner eigenen Zeit zu sein,</Unicode>
                </TextEquiv>
            </TextLine>
            <TextLine id="r1l68" custom="readingOrder {index:67;}">
                <Coords points="458,2702 483,2697 509,2722 534,2710 574,2727 595,2708 660,2695 707,2708 728,2696 790,2716 825,2693 847,2696 845,2638 456,2641"/>
                <Baseline points="476,2700 501,2698 526,2696 551,2695 576,2694 602,2692 627,2691 652,2691 677,2690 702,2690 728,2689 753,2688 778,2688 803,2688 829,2687"/>
                <TextEquiv>
                    <Unicode>Seite 31 bis 42.</Unicode>
                </TextEquiv>
            </TextLine>
            <TextLine id="r1l69" custom="readingOrder {index:68;}">
                <Coords points="2802,2722 2841,2707 3040,2700 3065,2714 3094,2696 3148,2709 3332,2692 3331,2656 3154,2641 3100,2670 3060,2649 3043,2664 2992,2654 2971,2676 2801,2665"/>
                <Baseline points="2820,2706 2845,2705 2871,2704 2897,2704 2923,2703 2949,2703 2975,2702 3001,2702 3027,2702 3053,2701 3078,2701 3104,2701 3130,2700 3156,2700 3182,2699 3208,2699 3234,2698 3260,2698 3286,2697 3312,2696"/>
                <TextEquiv>
                    <Unicode>scheint. Nicht in allen,</Unicode>
                </TextEquiv>
            </TextLine>
            <TextLine id="r1l70" custom="readingOrder {index:69;}">
                <Coords points="1622,2751 2418,2710 2642,2734 2797,2713 2796,2662 1621,2704"/>
                <Baseline points="1641,2737 1697,2735 1754,2733 1811,2731 1868,2730 1925,2728 1982,2727 2039,2726 2096,2725 2153,2724 2210,2723 2266,2722 2323,2721 2380,2720 2437,2720 2494,2718 2551,2717 2608,2716 2665,2714 2722,2712 2779,2710"/>
                <TextEquiv>
                    <Unicode>ist auch etwas, ist vielleicht alles, und diesen Ehrenplatz</Unicode>
                </TextEquiv>
            </TextLine>
            <TextLine id="r1l71" custom="readingOrder {index:70;}">
                <Coords points="2797,2742 3089,2768 3161,2745 3381,2753 3380,2710 3312,2693 2796,2703"/>
                <Baseline points="2816,2746 2843,2747 2870,2747 2898,2747 2925,2747 2953,2747 2980,2746 3007,2745 3035,2745 3062,2744 3090,2743 3117,2743 3144,2742 3172,2741 3199,2741 3227,2741 3254,2741 3281,2741 3309,2742 3336,2743 3364,2745"/>
                <TextEquiv>
                    <Unicode>charakteristis hesten Werken h#</Unicode>
                </TextEquiv>
            </TextLine>
            <TextLine id="r1l72" custom="readingOrder {index:71;}">
                <Coords points="551,2769 612,2765 649,2782 699,2756 746,2781 771,2763 836,2769 835,2704 799,2705 785,2694 767,2709 727,2698 702,2709 658,2696 604,2711 550,2697"/>
                <Baseline points="569,2752 594,2752 619,2751 644,2751 669,2751 694,2751 719,2751 744,2751 769,2750 794,2749 819,2746"/>
                <TextEquiv>
                    <Unicode>Schließlich:</Unicode>
                </TextEquiv>
            </TextLine>
            <TextLine id="r1l73" custom="readingOrder {index:72;}">
                <Coords points="1626,2800 2798,2775 2804,2702 1625,2739"/>
                <Baseline points="1645,2783 1702,2781 1759,2779 1816,2777 1873,2776 1930,2775 1987,2774 2044,2772 2101,2771 2158,2770 2215,2769 2272,2769 2329,2768 2386,2767 2443,2766 2500,2765 2557,2764 2614,2763 2671,2761 2728,2760 2786,2759"/>
                <TextEquiv>
                    <Unicode>wird man Schnitzler nicht abstreiten können. Seine Kunst</Unicode>
                </TextEquiv>
            </TextLine>
            <TextLine id="r1l74" custom="readingOrder {index:73;}">
                <Coords points="2789,2791 3070,2804 3095,2786 3222,2809 3362,2785 3362,2760 3318,2743 3088,2743 2789,2765"/>
                <Baseline points="2807,2796 2833,2796 2860,2796 2887,2795 2914,2795 2941,2795 2968,2795 2995,2795 3022,2795 3049,2794 3076,2794 3102,2794 3129,2793 3156,2793 3183,2792 3210,2791 3237,2790 3264,2790 3291,2789 3318,2788 3345,2786"/>
                <TextEquiv>
                    <Unicode>Wiener Leben dargestellt,</Unicode>
                </TextEquiv>
            </TextLine>
            <TextLine id="r1l75" custom="readingOrder {index:74;}">
                <Coords points="549,2818 719,2848 794,2818 1624,2808 1622,2746 1568,2729 548,2768"/>
                <Baseline points="567,2811 619,2812 671,2813 723,2813 775,2813 827,2813 879,2812 931,2812 983,2811 1035,2810 1087,2809 1139,2807 1191,2806 1243,2805 1295,2804 1347,2802 1399,2801 1451,2800 1503,2799 1555,2798 1607,2798"/>
                <TextEquiv>
                    <Unicode>Die 74. Fortsetzung des Romans „Die Götter</Unicode>
                </TextEquiv>
            </TextLine>
            <TextLine id="r1l76" custom="readingOrder {index:75;}">
                <Coords points="1622,2844 2798,2808 2796,2758 1621,2793"/>
                <Baseline points="1639,2832 1696,2830 1753,2829 1810,2828 1867,2827 1924,2825 1981,2824 2038,2823 2095,2821 2152,2819 2209,2818 2266,2817 2323,2815 2380,2814 2437,2813 2494,2811 2551,2810 2608,2809 2665,2808 2722,2806 2779,2805"/>
                <TextEquiv>
                    <Unicode>spricht heute schon zu vielen Tausenden, und ihre Gemeinde</Unicode>
                </TextEquiv>
            </TextLine>
            <TextLine id="r1l77" custom="readingOrder {index:76;}">
                <Coords points="2795,2847 2929,2859 3004,2836 3044,2857 3112,2841 3163,2855 3191,2833 3231,2850 3350,2837 3349,2790 2794,2797"/>
                <Baseline points="2814,2845 2839,2844 2865,2843 2891,2842 2917,2841 2943,2841 2969,2840 2994,2840 3020,2839 3046,2839 3072,2839 3098,2838 3124,2838 3150,2838 3175,2837 3201,2837 3227,2836 3253,2836 3279,2836 3305,2835 3331,2834"/>
                <TextEquiv>
                    <Unicode>Schicksal scheinbar ganz</Unicode>
                </TextEquiv>
            </TextLine>
            <TextLine id="r1l78" custom="readingOrder {index:77;}">
                <Coords points="1620,2891 1681,2883 1696,2894 1742,2871 1811,2895 1872,2876 2020,2885 2063,2866 2063,2841 1947,2828 1933,2843 1918,2832 1882,2844 1861,2830 1774,2827 1619,2844"/>
                <Baseline points="1638,2876 1663,2875 1688,2875 1714,2874 1739,2874 1765,2874 1790,2873 1816,2873 1841,2873 1866,2873 1892,2873 1917,2872 1943,2872 1968,2871 1994,2869 2019,2869 2045,2867"/>
                <TextEquiv>
                    <Unicode>wird täglich größer.</Unicode>
                </TextEquiv>
            </TextLine>
            <TextLine id="r1l79" custom="readingOrder {index:78;}">
                <Coords points="454,2899 1618,2876 1617,2811 453,2827"/>
                <Baseline points="470,2879 526,2880 583,2881 639,2881 696,2881 752,2880 809,2880 865,2879 922,2878 978,2877 1035,2876 1091,2874 1148,2873 1204,2871 1261,2870 1317,2869 1374,2867 1430,2866 1487,2866 1543,2865 1600,2864"/>
                <TextEquiv>
                    <Unicode>dürsten ...“ von Anatole France. Seite 59.</Unicode>
                </TextEquiv>
            </TextLine>
            <TextLine id="r1l80" custom="readingOrder {index:79;}">
                <Coords points="2794,2901 2887,2903 2905,2884 3014,2900 3046,2884 3338,2892 3370,2884 3369,2841 2792,2844"/>
                <Baseline points="2810,2894 2837,2891 2864,2891 2891,2889 2918,2888 2945,2887 2972,2887 2999,2886 3026,2886 3053,2885 3080,2885 3107,2885 3134,2884 3161,2884 3188,2884 3215,2883 3242,2882 3269,2880 3296,2880 3323,2878 3351,2876"/>
                <TextEquiv>
                    <Unicode>projiziert er dieses bewußt o</Unicode>
                </TextEquiv>
            </TextLine>
            <TextLine id="r1l81" custom="readingOrder {index:80;}">
                <Coords points="1695,2923 2687,2922 2795,2902 2794,2856 2137,2846 1694,2887"/>
                <Baseline points="1713,2923 1766,2922 1819,2921 1872,2920 1925,2919 1978,2918 2031,2918 2085,2917 2138,2916 2191,2915 2244,2914 2297,2913 2350,2912 2403,2911 2457,2910 2510,2909 2563,2908 2616,2907 2669,2905 2722,2904 2776,2902"/>
                <TextEquiv>
                    <Unicode>Diese Kunst wurzelt im Leben, und dieses Leben ist</Unicode>
                </TextEquiv>
            </TextLine>
            <TextLine id="r1l82" custom="readingOrder {index:81;}">
                <Coords points="2797,2931 3122,2945 3172,2925 3274,2945 3299,2929 3339,2954 3371,2939 3370,2881 3095,2880 3013,2900 2796,2877"/>
                <Baseline points="2815,2939 2841,2938 2868,2937 2895,2935 2922,2934 2949,2933 2976,2932 3002,2931 3029,2930 3056,2930 3083,2929 3110,2928 3137,2928 3164,2928 3190,2927 3217,2927 3244,2927 3271,2926 3298,2926 3325,2926 3352,2926"/>
                <TextEquiv>
                    <Unicode>grund der Wiener Landschaf</Unicode>
                </TextEquiv>
            </TextLine>
            <TextLine id="r1l83" custom="readingOrder {index:82;}">
                <Coords points="1633,2979 2621,2970 2790,2952 2789,2909 1631,2918"/>
                <Baseline points="1651,2972 1707,2971 1763,2970 1819,2969 1875,2968 1931,2967 1987,2966 2043,2965 2099,2964 2155,2963 2211,2961 2267,2960 2323,2959 2379,2958 2435,2957 2491,2956 2547,2954 2603,2953 2659,2952 2715,2951 2772,2950"/>
                <TextEquiv>
                    <Unicode>in Wien zu Hause. Schnitzler, ein ebenso unruhiger als</Unicode>
                </TextEquiv>
            </TextLine>
            <TextLine id="r1l84" custom="readingOrder {index:83;}">
                <Coords points="2797,2986 2988,2995 3020,2973 3230,2993 3374,2977 3374,2931 2797,2935"/>
                <Baseline points="2816,2982 2842,2980 2869,2979 2896,2978 2923,2977 2950,2977 2977,2976 3004,2976 3031,2977 3058,2977 3085,2977 3111,2977 3138,2977 3165,2977 3192,2977 3219,2977 3246,2977 3273,2976 3300,2975 3327,2974 3354,2972"/>
                <TextEquiv>
                    <Unicode>Was diese letzte betrifft, so</Unicode>
                </TextEquiv>
            </TextLine>
            <TextLine id="r1l85" custom="readingOrder {index:84;}">
                <Coords points="645,3040 1038,3011 1298,3032 1337,3006 1370,3031 1452,2993 1452,2961 1318,2927 644,2953"/>
                <Baseline points="663,3015 701,3012 740,3010 778,3009 817,3007 855,3006 894,3005 932,3004 971,3003 1009,3002 1048,3002 1086,3001 1125,3001 1163,3001 1202,3001 1240,3000 1279,3000 1317,3000 1356,2999 1394,2999 1433,2998"/>
                <TextEquiv>
                    <Unicode>Feuilleton.</Unicode>
                </TextEquiv>
            </TextLine>
            <TextLine id="r1l86" custom="readingOrder {index:85;}">
                <Coords points="1631,3024 2795,2995 2794,2948 1630,2973"/>
                <Baseline points="1649,3023 1705,3020 1761,3017 1818,3015 1874,3013 1931,3012 1987,3011 2043,3010 2100,3009 2156,3009 2213,3008 2269,3008 2325,3007 2382,3006 2438,3005 2495,3003 2551,3002 2607,3000 2664,2997 2720,2994 2777,2990"/>
                <TextEquiv>
                    <Unicode>seßhafter Wiener, ist heute unstreitbar und unbestritten der</Unicode>
                </TextEquiv>
            </TextLine>
            <TextLine id="r1l87" custom="readingOrder {index:86;}">
                <Coords points="2802,3027 2910,3025 2964,3046 3011,3023 3220,3024 3246,3049 3281,3026 3364,3018 3364,2978 2873,2986 2801,2969"/>
                <Baseline points="2819,3023 2845,3023 2871,3024 2897,3024 2924,3024 2950,3024 2976,3024 3003,3024 3029,3024 3055,3023 3082,3023 3108,3022 3134,3022 3160,3021 3187,3021 3213,3020 3239,3019 3266,3018 3292,3017 3318,3017 3345,3015"/>
                <TextEquiv>
                    <Unicode>von ganz unten bis ganz</Unicode>
                </TextEquiv>
            </TextLine>
            <TextLine id="r1l88" custom="readingOrder {index:87;}">
                <Coords points="1631,3087 1960,3080 2013,3046 2291,3065 2395,3030 2770,3051 2798,2989 1630,3033"/>
                <Baseline points="1648,3068 1704,3065 1761,3063 1817,3061 1874,3059 1931,3057 1987,3056 2044,3055 2100,3053 2157,3053 2214,3052 2270,3051 2327,3050 2383,3049 2440,3048 2497,3047 2553,3045 2610,3044 2666,3042 2723,3040 2780,3038"/>
                <TextEquiv>
                    <Unicode>hüchste Ausdruck des Wienertums in der deutschen</Unicode>
                </TextEquiv>
            </TextLine>
            <TextLine id="r1l89" custom="readingOrder {index:88;}">
                <Coords points="2790,3079 2866,3093 2966,3069 2995,3087 3367,3070 3366,3020 3247,3040 3149,3020 2937,3041 2908,3023 2872,3042 2789,3029"/>
                <Baseline points="2807,3074 2834,3073 2861,3072 2888,3072 2915,3071 2942,3070 2969,3070 2996,3070 3023,3070 3050,3069 3078,3069 3105,3069 3132,3069 3159,3069 3186,3068 3213,3068 3240,3067 3267,3066 3294,3065 3321,3064 3349,3062"/>
                <TextEquiv>
                    <Unicode>tungen, Verästelungen und</Unicode>
                </TextEquiv>
            </TextLine>
            <TextLine id="r1l90" custom="readingOrder {index:89;}">
                <Coords points="1286,3087 1358,3084 1368,3073 1416,3096 1459,3080 1506,3100 1535,3080 1603,3078 1600,2998 1473,3000 1438,3027 1413,3013 1392,3029 1345,3031 1331,3046 1316,3032 1284,3044"/>
                <Baseline points="1303,3081 1328,3079 1354,3077 1379,3076 1405,3074 1431,3074 1456,3073 1482,3073 1508,3072 1533,3071 1559,3069 1585,3066"/>
                <TextEquiv>
                    <Unicode></Unicode>
                </TextEquiv>
            </TextLine>
            <TextLine id="r1l91" custom="readingOrder {index:90;}">
                <Coords points="1629,3123 2800,3099 2799,3034 1628,3087"/>
                <Baseline points="1647,3111 1703,3110 1760,3109 1817,3107 1873,3106 1930,3104 1987,3102 2043,3101 2100,3099 2157,3098 2214,3096 2270,3094 2327,3093 2384,3091 2440,3089 2497,3088 2554,3087 2610,3086 2667,3084 2724,3083 2781,3082"/>
                <TextEquiv>
                    <Unicode>Literatur. In Deutschland gilt er für den Gründer von</Unicode>
                </TextEquiv>
            </TextLine>
            <TextLine id="r1l92" custom="readingOrder {index:91;}">
                <Coords points="816,3109 960,3129 1057,3106 1086,3124 1119,3109 1230,3118 1302,3096 1302,3038 1226,3028 1204,3046 1182,3032 1010,3063 952,3042 919,3057 815,3041"/>
                <Baseline points="832,3104 857,3103 882,3103 907,3102 932,3102 958,3102 983,3102 1008,3102 1033,3102 1059,3102 1084,3102 1109,3102 1134,3101 1159,3101 1185,3100 1210,3099 1235,3098 1260,3097 1286,3095"/>
                <TextEquiv>
                    <Unicode>Artur Schnitzler.</Unicode>
                </TextEquiv>
            </TextLine>
            <TextLine id="r1l93" custom="readingOrder {index:92;}">
                <Coords points="2786,3128 3359,3122 3358,3082 3326,3068 2994,3088 2972,3071 2947,3086 2785,3078"/>
                <Baseline points="2805,3123 2831,3122 2858,3120 2885,3119 2912,3117 2939,3117 2966,3116 2992,3116 3019,3115 3046,3115 3073,3115 3100,3115 3127,3115 3154,3115 3180,3114 3207,3114 3234,3114 3261,3113 3288,3112 3315,3111 3342,3109"/>
                <TextEquiv>
                    <Unicode>so genau, daß er sie auch</Unicode>
                </TextEquiv>
            </TextLine>
            <TextLine id="r1l94" custom="readingOrder {index:93;}">
                <Coords points="1630,3161 2715,3146 2798,3133 2797,3083 1629,3125"/>
                <Baseline points="1649,3156 1705,3154 1762,3153 1818,3151 1875,3150 1931,3148 1988,3147 2044,3146 2101,3144 2157,3143 2214,3142 2270,3140 2327,3139 2383,3138 2440,3137 2496,3135 2553,3134 2609,3133 2666,3131 2722,3130 2779,3128"/>
                <TextEquiv>
                    <Unicode>Jung=Wien, worunier man sich dort eine Art Gefellschaft</Unicode>
                </TextEquiv>
            </TextLine>
            <TextLine id="r1l95" custom="readingOrder {index:94;}">
                <Coords points="527,3161 1617,3159 1590,3076 1158,3124 526,3092"/>
                <Baseline points="545,3158 597,3159 650,3161 702,3162 755,3162 808,3161 860,3161 913,3160 965,3158 1018,3157 1071,3155 1123,3154 1176,3152 1228,3150 1281,3149 1334,3148 1386,3147 1439,3146 1491,3146 1544,3146 1597,3147"/>
                <TextEquiv>
                    <Unicode>Der Wigle Dichter Artur Schnitzler wird dieser Tage</Unicode>
                </TextEquiv>
            </TextLine>
            <TextLine id="r1l96" custom="readingOrder {index:95;}">
                <Coords points="2791,3162 2936,3180 3062,3159 3149,3179 3278,3158 3372,3167 3370,3098 3331,3114 2790,3122"/>
                <Baseline points="2811,3167 2838,3167 2865,3167 2892,3167 2919,3167 2946,3167 2973,3166 3000,3166 3027,3166 3054,3165 3082,3165 3109,3164 3136,3164 3163,3163 3190,3162 3217,3161 3244,3159 3271,3159 3298,3157 3325,3156 3353,3154"/>
                <TextEquiv>
                    <Unicode>sinnfällig zu beschreiben ver</Unicode>
                </TextEquiv>
            </TextLine>
            <TextLine id="r1l97" custom="readingOrder {index:96;}">
                <Coords points="1629,3207 2800,3189 2799,3124 1627,3157"/>
                <Baseline points="1646,3204 1702,3201 1759,3199 1816,3196 1873,3194 1929,3192 1986,3191 2043,3190 2100,3189 2156,3188 2213,3187 2270,3187 2327,3186 2383,3185 2440,3184 2497,3183 2554,3181 2610,3180 2667,3178 2724,3176 2781,3173"/>
                <TextEquiv>
                    <Unicode>mit beschränkter Haftung vorstellt. In Wahrheit hat unser</Unicode>
                </TextEquiv>
            </TextLine>
            <TextLine id="r1l98" custom="readingOrder {index:97;}">
                <Coords points="457,3231 1448,3221 1632,3203 1631,3149 967,3150 856,3184 455,3148"/>
                <Baseline points="474,3215 531,3215 588,3214 645,3214 702,3213 759,3212 816,3211 873,3210 930,3209 987,3208 1044,3207 1101,3206 1158,3205 1215,3203 1272,3203 1329,3201 1386,3200 1443,3199 1500,3199 1557,3198 1614,3197"/>
                <TextEquiv>
                    <Unicode>fünfzig Jahke Alt, und wenn das auch noch lange kein</Unicode>
                </TextEquiv>
            </TextLine>
            <TextLine id="r1l99" custom="readingOrder {index:98;}">
                <Coords points="2792,3216 3377,3217 3376,3170 3351,3164 3152,3178 2993,3148 2968,3167 2792,3166"/>
                <Baseline points="2809,3215 2836,3214 2863,3213 2891,3212 2918,3211 2946,3211 2973,3211 3000,3210 3028,3210 3055,3210 3083,3210 3110,3209 3137,3209 3165,3209 3192,3208 3220,3208 3247,3207 3274,3206 3302,3205 3329,3204 3357,3203"/>
                <TextEquiv>
                    <Unicode>stalten und ihren Ton jedet</Unicode>
                </TextEquiv>
            </TextLine>
            <TextLine id="r1l100" custom="readingOrder {index:99;}">
                <Coords points="1620,3283 2236,3228 2770,3237 2804,3178 1618,3207"/>
                <Baseline points="1639,3251 1696,3249 1753,3247 1811,3246 1868,3244 1926,3242 1983,3241 2041,3239 2098,3238 2156,3236 2213,3235 2270,3234 2328,3232 2385,3231 2443,3230 2500,3228 2558,3227 2615,3226 2673,3225 2730,3224 2788,3223"/>
                <TextEquiv>
                    <Unicode>Dichter diese Gesellschaft oder Schule nie begründet noch</Unicode>
                </TextEquiv>
            </TextLine>
            <TextLine id="r1l101" custom="readingOrder {index:100;}">
                <Coords points="455,3266 1480,3273 1638,3251 1637,3197 454,3233"/>
                <Baseline points="473,3266 530,3265 587,3263 644,3262 702,3261 759,3259 816,3258 874,3257 931,3256 988,3255 1046,3254 1103,3253 1160,3252 1217,3251 1275,3249 1332,3248 1389,3247 1447,3245 1504,3244 1561,3242 1619,3240"/>
                <TextEquiv>
                    <Unicode>Datum ist,des ihn oder uns besonders feiertich stimmen</Unicode>
                </TextEquiv>
            </TextLine>
            <TextLine id="r1l102" custom="readingOrder {index:101;}">
                <Coords points="2800,3273 2883,3272 2911,3254 2955,3275 3153,3257 3233,3271 3257,3245 3344,3258 3376,3243 3376,3204 2799,3216"/>
                <Baseline points="2818,3258 2846,3258 2874,3257 2903,3257 2931,3256 2959,3256 2988,3256 3016,3255 3044,3255 3073,3255 3101,3255 3130,3254 3158,3254 3186,3253 3215,3253 3243,3252 3271,3252 3300,3251 3328,3250 3357,3249"/>
                <TextEquiv>
                    <Unicode>diese intime Kenntnis, die</Unicode>
                </TextEquiv>
            </TextLine>
            <TextLine id="r1l103" custom="readingOrder {index:102;}">
                <Coords points="1624,3326 2792,3273 2762,3212 1623,3254"/>
                <Baseline points="1641,3297 1697,3294 1754,3292 1810,3290 1867,3288 1924,3286 1980,3285 2037,3284 2093,3283 2150,3282 2207,3281 2263,3280 2320,3279 2376,3278 2433,3277 2490,3275 2546,3274 2603,3272 2659,3269 2716,3267 2773,3264"/>
                <TextEquiv>
                    <Unicode>geleitet. Er oar nur da und ist allmählich infolge seines</Unicode>
                </TextEquiv>
            </TextLine>
            <TextLine id="r1l104" custom="readingOrder {index:103;}">
                <Coords points="1476,3310 1509,3310 1534,3292 1552,3300 1563,3296 1595,3297 1602,3304 1639,3301 1639,3261 1614,3265 1607,3257 1603,3261 1567,3246 1517,3245 1477,3252"/>
                <Baseline points="1494,3292 1519,3289 1544,3289 1569,3290 1594,3291 1620,3292"/>
                <TextEquiv>
                    <Unicode>gelten,</Unicode>
                </TextEquiv>
            </TextLine>
            <TextLine id="r1l105" custom="readingOrder {index:104;}">
                <Coords points="456,3318 1404,3302 1403,3251 455,3264"/>
                <Baseline points="474,3308 519,3308 565,3308 610,3307 656,3307 701,3306 747,3305 792,3304 838,3303 883,3302 929,3301 975,3301 1020,3300 1066,3299 1111,3298 1157,3297 1202,3297 1248,3296 1293,3296 1339,3295 1385,3295"/>
                <TextEquiv>
                    <Unicode>müßte, sof mag es doch als willkommener An</Unicode>
                </TextEquiv>
            </TextLine>
            <TextLine id="r1l106" custom="readingOrder {index:105;}">
                <Coords points="2792,3331 2910,3299 3088,3317 3119,3291 3178,3326 3220,3292 3257,3313 3376,3314 3374,3245 2790,3262"/>
                <Baseline points="2809,3308 2836,3308 2864,3308 2891,3307 2919,3307 2946,3307 2974,3306 3001,3306 3029,3305 3056,3305 3084,3304 3111,3303 3139,3303 3166,3302 3194,3301 3221,3301 3249,3300 3276,3299 3304,3298 3331,3296 3359,3295"/>
                <TextEquiv>
                    <Unicode>zum Prinzen, vom Fiake</Unicode>
                </TextEquiv>
            </TextLine>
            <TextLine id="r1l107" custom="readingOrder {index:106;}">
                <Coords points="1627,3348 2792,3324 2790,3270 2635,3257 2549,3288 1626,3304"/>
                <Baseline points="1646,3344 1702,3343 1758,3342 1815,3341 1871,3340 1928,3338 1984,3336 2040,3334 2097,3332 2153,3330 2210,3328 2266,3326 2322,3325 2379,3322 2435,3321 2492,3319 2548,3318 2604,3317 2661,3316 2717,3316 2774,3316"/>
                <TextEquiv>
                    <Unicode>Talents und einer gewissen natürlichen Ueberlegenheit der</Unicode>
                </TextEquiv>
            </TextLine>
            <TextLine id="r1l108" custom="readingOrder {index:107;}">
                <Coords points="456,3354 1441,3367 1646,3352 1645,3291 455,3311"/>
                <Baseline points="474,3358 531,3358 589,3358 647,3358 705,3357 762,3357 820,3356 878,3355 936,3354 993,3353 1051,3352 1109,3351 1167,3350 1224,3349 1282,3347 1340,3346 1398,3345 1455,3344 1513,3343 1571,3342 1629,3341"/>
                <TextEquiv>
                    <Unicode>um sein litekarisches Bild einmal unabhängig von dem</Unicode>
                </TextEquiv>
            </TextLine>
            <TextLine id="r1l109" custom="readingOrder {index:108;}">
                <Coords points="450,3439 3320,3387 3369,3310 448,3352"/>
                <Baseline points="467,3407 611,3406 755,3405 899,3404 1043,3402 1188,3400 1332,3397 1476,3394 1620,3391 1764,3388 1909,3385 2053,3382 2197,3378 2341,3374 2485,3371 2630,3366 2774,3363 2918,3359 3062,3355 3206,3351 3351,3348"/>
                <TextEquiv>
                    <Unicode>außeren Anlaß einer Première heraufzuführen und zu Mittelpunkt eines literarischen Kreises geworden, der auch vom Wurstelprater bis zu</Unicode>
                </TextEquiv>
            </TextLine>
            <TextLine id="r1l110" custom="readingOrder {index:109;}">
                <Coords points="3016,3431 3056,3445 3078,3427 3121,3430 3139,3419 3179,3441 3193,3433 3226,3444 3312,3443 3312,3368 3265,3364 3207,3379 3174,3358 3164,3369 3074,3369 3059,3380 3016,3366"/>
                <Baseline points="3035,3413 3061,3412 3087,3411 3113,3411 3139,3412 3165,3412 3191,3413 3217,3413 3243,3412 3269,3410 3295,3407"/>
                <TextEquiv>
                    <Unicode>.3 Arhuiug. 380</Unicode>
                </TextEquiv>
            </TextLine>
            <TextEquiv>
                <Unicode>55
Soth and 55th Birthday box 39/2
betrachten. Im allgemeinen ist ja das Publitum gewohnt, heute noch, nachdem der S#
seine Autoren immer nur im Lichte ihres letzten Werkes und jeder seine eigenen
Beilage
zusammenhält. Sein Wiene
zu sehen, und jederzeit geneigt, über dem jüngsten alle
zur
Programm erhoben, da es i
früheren zu vergessen. Das hat etwas Mißliches, zumal
er es eben darum weder zu
bei einem Dichter wie Schnitzter, dessen Produktion keine
Sonntagsnummer:
zu betonen suchte. Im Ge
mechanische ist und in dessen künstlerisches Gesicht jede
einzelnen seiner Novellen und
neue Arbeit auch einen neuen Zug einprägt. Die Oessent¬
In der Beilage auf Seite 31 und 32 bringen wir die
liche Region weit hinausgestr
4. Fortsetzung der Komödie
lichkeit sieht dann nur diesen, sieht ihn womöglich unter
die, völlig frei von munda
dem Scheinwerfer des Erfolges, dessen greller Glanz auch
66
den Schriften anderer im Re
die stärksten Augen ein wenig blinzeln macht, und trägt
„Der Lebenssport“
oft nur dadurch unterscheiden
so ein verzerrtes Bild nach Hause. Ein halbwegs ähn¬
von
geschrieben sind. Indessen o
liches wird sich nur gewinnen lussen, wenn man den
am ursprünglichsten und v#
Dichter im Zusammenhang mit allen seinen Werken und
Mar Nordau.
seiner Produktionen, die vol
in einem ruhigeren Augenblick betrachtet. Artur Schnitzler
—
rischen Aroma von der Wun
hat heute bereits ein Recht darauf, so angeschaut zu
Dieses Aroma ist bei ihm
#thält die vorliegende Nummer:
werden. Ein bedeutender Dramatiker und hervorragender
Bauernfeld, der ja auch jed
Erzähler, steht er auf zwei Gebieten unter den Ersten
##rblatt“: „Deutsche Lyrik
und doch einen wienerischen
Deutschlands und ist überdies vermöge seiner Persönlich¬
Burean
ersten Büchern, dem „Anatol
keit, in der sich seltene Gaben auf das liebenswürdigste
Berlir sch.“ Von Alberta v. Putt¬
junge Schnitzler diese heim
verbinden, in den letzten Jahren geradezu der repräsen¬
freilich aus einem anderen
ramer. „Ostwalds „Monistische Sonntags¬
tative Schriftsteller Oesterreichs geworden. Was er darüber
weniger zum Leichtsinn und
hinaus noch ist und werden kann, wäre unmöglich, heute
predigten“.“ Von Rudolf Goldscheid.
ist, und in seinen letzten, d
zu entscheiden. In die Schneeregion der zeitlosen Literatur
„Weiten Land“ ist der reife
Literarische Notizen. Eingesendete Bücher.
ragt sein vorderhand noch blonder Scheitel nicht hinein,
gebogen, die ihn zu seinen
aber ein großer Schriftsteller seiner eigenen Zeit zu sein,
Seite 31 bis 42.
scheint. Nicht in allen,
ist auch etwas, ist vielleicht alles, und diesen Ehrenplatz
charakteristis hesten Werken h#
Schließlich:
wird man Schnitzler nicht abstreiten können. Seine Kunst
Wiener Leben dargestellt,
Die 74. Fortsetzung des Romans „Die Götter
spricht heute schon zu vielen Tausenden, und ihre Gemeinde
Schicksal scheinbar ganz
wird täglich größer.
dürsten ...“ von Anatole France. Seite 59.
projiziert er dieses bewußt o
Diese Kunst wurzelt im Leben, und dieses Leben ist
grund der Wiener Landschaf
in Wien zu Hause. Schnitzler, ein ebenso unruhiger als
Was diese letzte betrifft, so
Feuilleton.
seßhafter Wiener, ist heute unstreitbar und unbestritten der
von ganz unten bis ganz
hüchste Ausdruck des Wienertums in der deutschen
tungen, Verästelungen und

Literatur. In Deutschland gilt er für den Gründer von
Artur Schnitzler.
so genau, daß er sie auch
Jung=Wien, worunier man sich dort eine Art Gefellschaft
Der Wigle Dichter Artur Schnitzler wird dieser Tage
sinnfällig zu beschreiben ver
mit beschränkter Haftung vorstellt. In Wahrheit hat unser
fünfzig Jahke Alt, und wenn das auch noch lange kein
stalten und ihren Ton jedet
Dichter diese Gesellschaft oder Schule nie begründet noch
Datum ist,des ihn oder uns besonders feiertich stimmen
diese intime Kenntnis, die
geleitet. Er oar nur da und ist allmählich infolge seines
gelten,
müßte, sof mag es doch als willkommener An
zum Prinzen, vom Fiake
Talents und einer gewissen natürlichen Ueberlegenheit der
um sein litekarisches Bild einmal unabhängig von dem
außeren Anlaß einer Première heraufzuführen und zu Mittelpunkt eines literarischen Kreises geworden, der auch vom Wurstelprater bis zu
.3 Arhuiug. 380</Unicode>
            </TextEquiv>
        </TextRegion>
    </Page>
</PcGts>
