3344 4384
2031 115 2167 205 —
1606 209 2065 300 box 39/2
729 213 812 282 55
243 215 1506 314 nBirthdar
1186 707 2369 853 AU I(Ga.—)
1586 834 2689 896 Bei Gelegenheit dieses fünfzigften Oeburtstages sei für
479 842 1572 912 dankenstrichen. Er umgeht das Unfagbare nicht kokett:
1596 908 2691 950 den Teilnehmenden auf einige Broschuiren, die das Werk
482 904 1583 949 er lagt es ernfi, Wort für Wort, lengsam. Das ist gut.
1598 939 2309 996 Schnitzlers behandeln, hingewiesen.
479 948 1580 1012 Das ilt schön in seinem Buche „Mara“. Es gibt nicht viele,
1607 974 2681 1040 Julius Kapp schrieb eine ausführliche Darstellung, die Werk
475 1004 1578 1049 die es ähnlich lagten; aber es gibt auch keine bessere
1596 1038 2696 1078 um Werk in der hiflorischen Reihenfolge erklärt und
482 1035 1575 1106 Lektüre, keine beffere befonders für die Frauen, als die
1600 1068 2692 1120 kritifiert. Es ist eine gute Philologenarbeit, die sich jedes
481 1082 1579 1137 Bücher Hafenauers, der sie lehrt, das Bewußtsein ihrer
1599 1119 2690 1162 tiefere Erfaffen schenkt. Das Buch kann wegen der
471 1124 1579 1180 Schönheit zu haben, ihr Schickfal zu tragen, hingegeben,
1608 1148 2687 1211 ausführlichen Inhaltsangaben den ganzen Schnitler er¬
480 1172 1584 1233 ohne Bitterkeiten, ohne die Fragen, die keine Antworten
1598 1215 2684 1252 setzen; das ist ein Fehler Kapps. Auch die Urteile möchte
485 1212 1576 1271 haben. Man kann nur wünschen, daß Hafenauer soviel
1605 1257 2694 1298 wohl nicht jeder immer unterschreiben; das Buch Kapps
487 1257 1579 1325 Anerkennung gezollt werde, als genügt, ihn nicht verzwei¬
1597 1297 2703 1343 ift aber die beste Grundlage zur Kenntnis Schnitzlers
475 1311 1578 1353 feln zu laffen, — die Liebe gegeben werde, die ihn bewahrt,
1604 1328 2395 1384 und gewährt die bequemste Übersicht.
487 1347 1577 1396 sich selbst zu verlieren, sondern mächtig macht zu werden,
1594 1385 2693 1433 I. K. Ratislav schrieb eine Studie, die viel Rühmenswertes
487 1404 1581 1454 was er verlpricht: ein neuer Stendhal, der die Liebe, die
1598 1440 2696 1479 zu lagen weiß und große Hoffnungen auf Schnitler setzt.
484 1439 931 1497 große Liebe gestaltet.
1601 1468 2711 1525 Er bedenkt nicht, daß Schnitzler foviel vom Tode und
487 1489 1591 1546 Zulett darf ich die Tatfache nicht umgehen, daß Halenauers
1605 1507 2705 1557 vom Sterben schrieb, ohne auch nur einmal eine end¬
488 1524 1578 1573 Bücher von Gullav Wolf ausgestattet find. Man sieht
1617 1552 2707 1615 gültige Anschauung, ein dauerndes, bildklares Angeschautes
481 1568 1591 1621 Zeichnungen von einer Genauigkeit, Mannigfaltigkeit und
1617 1597 2549 1654 zu lagen. Warum heißt man einen: „Dichter“?
498 1619 1589 1675 Wucht, daß man staunt; weil von diesem Künftler die Welt
1606 1648 2691 1695 Viktor Klemperer schrieb einen Eflay, der gut ist. Er ve¬
493 1656 1592 1713 noch nichts weiß, darf man auf Kubin hinweisen, den er
1607 1683 2702 1738 kennt das Wefen Schnitzlers nicht. Er beflimmt es als die
1314 1699 1582 1764 Georg Hecht
482 1711 941 1765 in manchem übertrifft.
1605 1753 2711 1781 Art, in allem das Leidvolle zu erkennen: in der Luft den
1602 1767 2712 1817 Tod. Es ist die ganze Zeriffenheit Schnitzlers. Klemperer
494 1785 978 1880 Über Schnitzler
1602 1818 2705 1870 aber spendet keinen Kranz; sein Lob ist fehr vorsichtig,
1612 1882 2714 1920 wenn auch nicht so kühl und es wird dem Lefer dadurch
485 1862 1601 1926 Es ist jetzt die Zeit, daß die Jungen von einft all werden.
1608 1905 2704 1958 die gewille Zuneigung, ein gewilles Schönfärben in Denk¬
488 1924 1588 1967 Auch Schnitzler wird 50 Jahre. Man wird viel über ihn
1617 1960 2703 2005 barkeiten und Entschuldigungen Schnitzler gegenüber mög¬
497 1964 1595 2011 schreiben. Die Zeitungen werden ihn nennen und loben
1608 1992 2719 2047 lich. Am Schluffe möchte man lagen: er ist zwar kein Dichter,
488 2008 1591 2065 oder tadeln. Es wird bekannt werden, daß die Welt von
1617 2048 2530 2113 aber ein fehr netter, liebenswerter Schriftsteller.
496 2051 1533 2099 Schnitzlers Werken voll ist, was keiner bisher wußte.
2427 2072 2714 2140 Georg Hecht
496 2092 1593 2135 Wenn einer aber nun wirklich, z. B. an der Hand einer
504 2139 1594 2188 Monographie, die Werke Schnitzlers repetiert, wird er eine
502 2192 1599 2236 erschreckende Ahnlichkeit zwischen Heinrich Heine und
1608 2190 2135 2276 Dramatische Werke
503 2238 1590 2277 Schnitzler bemerken. Auch in ihm in das Jüdische ein
1617 2277 2696 2321 Auf dem Gebiet der dramatischen Literatur scheint ein
498 2273 1595 2320 wichtiger und bedingender Teil, ein Grundion; auch in
1616 2322 2705 2372 bisher noch unerforschtes Geseh zu walten, nach dem
505 2308 1593 2363 ihm ist die Zerriffenheit, die das Leben in viele Stücke
1618 2358 2710 2409 faft jede Generation lich mit dem Erbe auseinanderletzen
504 2357 1597 2416 teilt, auch in ihm hat jede Thefe die Antithefe, auch er
1620 2403 2722 2456 muß, das die Hellenen und Germanen-Kelten uns in ihrem
497 2403 1593 2451 kann die Entschließung feiner eigenen Seele nicht lagen,
1616 2442 2713 2503 Sagenkreis hinterlaffen haben. Eine neue Periode in dieser
508 2457 1595 2501 auch er ist der gleißende Erotiker. Und Schnitzler ist Arzt
1618 2484 2726 2540 Hinlicht haben Hofmannsthal und Stucken mit Werken
511 2505 1597 2548 und feziert und kuriert alles aus dem einen Punkt. Das
1618 2530 2719 2580 von großer, vor allem Iprachlicher Schönheit eingeleitel.
509 2536 1596 2589 wenigstens tat Heine nicht, loweit ließ er lich von der
1617 2575 2720 2632 Dies kann jedoch auf die Dauer nicht darüber hinweg¬
509 2590 1598 2639 Erotik — ach, ein verschämtes Wort! — nicht treiben.
1615 2640 2722 2680 täuschen, daß dieser Bewegung etwas Schwächliches und
508 2639 1599 2683 Ich will nicht fagen, daß Schnitzlers Werk unsittlich wäre.
1619 2663 2724 2719 Ungesundes anhaftet; die Gestalten diefer Dramen bleiben
506 2678 1595 2728 Das könnte man ertragen, aber die Unanständigkeit bis¬
1621 2726 2719 2766 für uns kalt und, im letzten Grunde, intereffelos; wo es
514 2726 1600 2776 weilen wird einem über. Die ganze dargestellte Erotik
1616 2751 2716 2809 aber der Dichter verlucht, lie durch eine komplizierte
505 2776 1607 2818 läßt einen so kühl; man begreift den Menschen nicht, der
1620 2817 2715 2855 Pfychologie zu modernisieren, fetzt er sie in Zwielpalt zu
514 2808 1597 2857 dreißig Jahre um die paar Taffachen herumschreiben kann,
1625 2839 2715 2900 ihrem altertümlichen Gewand und zu den unerschütter¬
509 2851 1602 2903 ob zwei sich bekommen oder nicht, ob sie sich behalten.
1619 2890 2728 2934 lichen Vorstellungen, die wir seit früher Kindheit mit ihnen
519 2908 1602 2964 Wenn nur wenigstens diefer fauerfüße Wiener Lokalion
1622 2932 2724 2976 verbinden, und vermag daher keine befriedigende Wirkung
507 2940 1604 2998 nicht in den Büchern wäre, nicht dieses „fuße Mädel“, das
1621 2997 2725 3025 zu erzielen. Trotdem haben sich auch junge Talente in
517 2988 1001 3048 unzulängliche Geschöpf.
1620 3029 2729 3070 den Dienft diefer romantischen Bewegung gestellt, fodaß
510 3035 1600 3082 Wäre Schnitler dem Wege gefolgt, den er anfing, als er
1634 3064 2720 3125 unfere dramatische Produktion der Schablone anheimzu¬
515 3084 1601 3129 den „Schleier der Beatrice“ schrieb, als er den Kapell¬
1627 3109 2732 3165 fallen droht. Immerhin wäre ein Stück zum mindesten
517 3114 1608 3183 meister aus der „Liebelei“ gestaltete, dann hätte er vielleicht
1621 3165 2734 3219 lefenswert wegen feiner klangvollen Verse und feiner
519 3164 1601 3213 weniger Werke, aber einiges Tüchtige vollbracht. Der
1626 3200 2333 3267 prachtvollen, bilderreichen Sprache.
502 3216 1616 3259 irrtum wiegt bei Schnitzler schwerer, weil er sich feiner
1629 3237 2725 3301 Dieses argumentum pro läßt lich leider nicht auf Gustav
507 3268 1607 3303 sehr bewußt ist und nach den Fehlschlägen von „Tendenz¬
1632 3288 2721 3341 Renner anwenden, der feine Dramen „Alkelle“ und
503 3300 1605 3353 Dramatik“ abließ. Aber die Erotik brachte ihm Ruhm und
1629 3344 2733 3389 „Merlin“ (Stuttgart, Adolf Bonz & Co.) ebenfalls aus
516 3344 1605 3394 Anfehen. Gewil: er hat Werke, die gut find. „Sterben“
1631 3377 2732 3432 der alten Mythenwelt geschöpft hat. Seine Sprache in
509 3387 1610 3440 gibt einen Inhalt und im „Weg ins Freie“ ist der Schluß
1632 3441 2734 3477 nüchterne, verfiflzierte Profa, feine Vergleiche sind malt
517 3430 1609 3487 gehalten, ehrlich und hinterläßt eine schöne Stimmung.
1635 3467 2737 3516 oder gequält. Alkefte ist auch dramatisch fehr schwach.
519 3490 1610 3530 Es ist viel Gule, viel Verzeihen-können in Schnitzler, ein
1635 3526 2728 3563 Im gleichnamigen Euripideischen Drama opfert sich Al¬
511 3522 1609 3571 Menich der Böles und Gutes litt und auf feine Weise fertig
1630 3569 2734 3619 keste dem Todesgott für den Gatten Admetos, wird aber
519 3560 1617 3613 wurde. Er hat lronie und auch Humor. Das tröftet über
1633 3606 2736 3651 von Herakles dem Hades wieder entriffen. Renner be¬
520 3604 1533 3662 manches; über das Pfychologilieren und Sezieren.
1635 3636 2737 3691 handelt die Vorgeschichte hiezu: wie Alkeste diefes Opfer
519 3644 1609 3705 Doch wenn sich nicht fehr vieles ändert, dürfte nach 100
1629 3683 2731 3737 bringt. Das einaktige Stück verläuft mehr episch als
521 3694 1614 3763 Jahren auch Schnitler kein Denkmal in Deutschland haben,
1628 3738 2728 3792 dramatisch und endigt in der Abschiedstzene Alkelles
520 3744 931 3809 ganz so wie Heine.
2626 3783 2737 3845 mit
523 3796 628 3870 35
