3344 4384
1607 160 2053 250 box 39/2
719 177 769 237 5
243 177 1469 253 sothand s5th Birthdar
916 1080 1292 1154 markftuchke Kimmr!
914 1098 1692 1181 den gesunden Menschenverzu. Kommel.
1937 1102 2511 1175 kleinte danische Staut wen .
912 1155 1614 1220 Justiz nicht aus. (Lebhafter Beisall.)
1930 1139 2946 1222 in einem aufrichtigen Zusammengenen i. demt
286 1151 888 1227 Mrumsorgan Bayerns, der
954 1167 1920 1255 Dr. Neuber: Wir wissen doch alle, was Mensuren
1939 1205 2935 1266 großen Nachbarn, als im Gegensatz zu ihm wahrt,
147 1204 903 1276 Courier“ in München, erklärt, der
913 1219 1931 1300 sind. Schwere Verwundungen sind höchstens infolge
157 1246 892 1324 kengang in der Aeußerung des
910 1282 2940 1330 mangelnder Asepsis vorgekommen, sonst sind die Men- mit dem Dänemark auf allen Gebieten des wirt¬
160 1269 921 1363 er scharfmacherischen Berliner „Post“.
1938 1327 2936 1400 heißt es im „Einsamen Weg“, und die Antwort
948 1362 1931 1427 Als Schnitzlers männlichere Leidenschaften die
1939 1382 2937 1443 lautet: „Gibt es einen anständigen Menschen,
157 1391 910 1461 Baume der Erkenntnis brach. Denn
919 1402 1919 1480 Oberhand gewonnen hatten, brach seine Liebe für
1937 1425 2939 1481 der in irgendeiner guten Stunde an etwas an¬
160 1432 898 1514 ist Betrug und Selbstbetrug. Das
922 1431 1935 1521 das Historische stark hervor, und es entstanden
1947 1468 2950 1532 deres denkt?“ Wer so vom immer gegenwärtigen
166 1477 915 1547 elstrom von Mensch zu Mensch, trotz
919 1489 1926 1567 jene Dramen von der Art des „Grünen Kakadu“.
1952 1514 2945 1573 Todesgedanken begleitet wird, für den gibt es
157 1527 905 1595 kit, aller Ehrlichkeit. Wir schaukeln
923 1513 1927 1603 wo das Spielen zwischen Schein und Wirklichkeit
1954 1553 2945 1619 kein lässiges Erfassen der Lebensidee, der hält mit
162 1573 715 1642 Wirklichkeit und Schein.
926 1564 1939 1644 ebenso deutlich wird, wie im „Paracelsus“ das
1948 1598 2942 1654 allem, was er denkt und bichtet, wie Ibsen,
932 1624 1938 1699 Ineinander von Wirklichkeit und Traum. Im
160 1617 911 1698 Ruhm begann mit der Veröffent¬
1951 1642 2947 1704 Gerichtstag über sein eigenes Selbst. Der sucht
925 1664 1934 1750 „Schleier der Beatrice“ zeichnet der Dichter den
156 1671 912 1745 nalol - Szenen, die uns schon durch
1946 1684 2952 1745 mit allen Fühlern nach den versteckten Trieben
932 1704 1938 1779 Heißhunger nach Glück und die Enttäuschung, die
184 1714 907 1777 auf die Spur französischen Ein¬
1952 1730 2958 1805 der Seele, wenn sie im Dunkel tastet, und leidet,
932 1746 1935 1822 dem lebensdurstigen Filippo schließlich die Waffe
186 1753 911 1822 Aber in den sanguinischen Grund¬
1952 1788 2779 1848 wenn sich die arme im Glücke betrügt.
927 1791 1938 1863 in die Hand drückt, die ihn von aller Erdenqual
156 1809 924 1868 benteuer, die Schnitzler den aus
937 1835 1943 1911 befreit. So wird das Weib der Feind, der die
160 1835 925 1913 nd Melancholie gemischten Genießer
1946 1847 2947 1934 Der sozialistische Zugführer des Kaisers.
938 1877 1931 1950 Sehnsucht nach Glück bestraft, der Feind, der
155 1883 923 1967 en lößt, klingt herb ein Weh, das
1989 1916 2945 1975 Wir berichteten kürzlich, daß der Sonderzug,
939 1927 1948 1997 letzten Endes Sieger bleibt. In neuerer Zeit ist
153 1923 924 2011 len will. Aehnlich geht es uns
1961 1954 2947 2027 in dem der Kaiser von Genua über den Gotthard
938 1962 1937 2038 Schnitzler zum historischen Drama zurückgekehrt,
153 1970 916 2058 velle vom „Leutnant Gustel“, der
1954 2014 2954 2070 nach Karlsruhe fuhr, auf schweizerischem Gebiet
945 2014 1948 2088 indem er im „Jungen Medardus“ das Wien von
170 2013 921 2088 pfnchologischen Analyse „Frau Berta
1959 2060 2957 2113 von dem Oberzugführer Giovanni Tamo geleitet
943 2045 1951 2127 1809 zum Schauplatz leidenschaftlicher Kämpfe
158 2060 911 2128 dem Novellenzyhlus „Dämmerseelen“
1954 2095 2952 2155 wurde, der zugleich einer der rührigsten sozialisti¬
944 2098 1940 2172 machte. Auch hier ist das Weib der rollende Ball,
164 2099 929 2178 framatischen „Zwischenspiel“, in dem
1964 2135 2957 2202 schen Agitatoren in der Schweiz ist. Hierzu schreibt
940 2141 1941 2213 den die Männer zu werfen glauben, und der
167 2146 925 2218 die Eheirrung des Kapellmeisiers
1964 2187 2959 2255 dem „Berl. Tagebl.“ Herr G. Tamo, Oberzug¬
940 2188 1941 2259 immer wieder selber trifft. Der Roman „Der
160 2191 932 2267 dams und seiner abenteuergierigen
1971 2229 2839 2309 führer der Gotthardbahn, aus Bellinzona:
937 2223 1948 2313 Weg ins Freie“ endlich ist eine Verstehen und
175 2241 925 2303 an uns vorüberziehen läßt. In der
1995 2267 2946 2336 „Ihre Rotiz hat mir wirklich viel Vergnügen be¬
942 2246 1957 2347 Liebe heischende Geschichte der gegenwärtigen
169 2275 924 2362 haben die letzten Spuren des
1960 2308 2948 2371 reitet, und ich stehe nicht an, zu erklären, deß ich S. M.
942 2312 1953 2394 jüdischen Strömungen und wie alle Bücher
162 2317 933 2394 n einer schlichten zwingenden Tragik
1960 2343 2963 2416 sowohl als Kaiser wie auch als Prinzen schon oft über
953 2356 1951 2439 Schnitzlers von dem Pulsschlag starken inneren
168 2364 931 2444 ht, und man muß in der modernen
1970 2389 2963 2450 den Gotthard geführt habe. Obwohl ich tatsächlich der
165 2410 930 2489 hon sehr lange suchen, um Schnitzlers
958 2417 1640 2499 Erlebens durchglüht und geadelt.
1977 2426 2965 2491 sozialistischen Weltanschauung huldige, darf das deut¬
161 2452 934 2533 eine gleich liebenswerte Gestalt
1973 2463 2966 2534 sche Volk versichert sein, daß sein Kaiser bei seinen
990 2444 1948 2544 So ist Arthur Schnitzler weit über jene Erst¬
157 2497 945 2562 Seite stellen zu können, trotz
1975 2510 2955 2566 Jahrten über den Gotthard nicht das geringste ris¬
960 2510 1956 2585 lingswerke der Liebespsychologie hinausgewach¬
1967 2537 2963 2602 kiert hat sondern in treuer Obhut gewesen ist und
134 2534 935 2633 nentalität, die sie zuletzt umgibt.
960 2552 1951 2637 sen, die seine starke Position in der zeitgenössischen
1979 2589 2972 2643 daher ruhig und ohne Sorge wiederkommen darf;
156 2587 937 2665 Hätte nicht die Bettlergeschichte „Dom
946 2597 1957 2680 Literatur begründeten, und es liegt eine schwere
1970 2620 2965 2686 denn in meiner dreißigjährigen Diensttätigkeit bei der
161 2629 929 2727 fonimo und seinem Bruder“ oder die
956 2635 1960 2718 Ungerechtigkeit darin, ihn immer nur als den
1967 2655 2967 2725 Botthardbahn kam ich schon oft in die Lage, Kaiser,
184 2674 917 2751 „Andreas Thameyers letzter Brief“
953 2694 1959 2763 Dichter des „Süßen Mädels“ abzutun. Der Tod
1971 2702 2976 2761 Könige und Prinzen über den Gottharb zu begleiten.
156 2720 947 2795 egriffen? Wen zöge nicht der echteste
1979 2732 2979 2796 Besonders erinnere ich mich heute noch lebhaft an die
958 2724 1964 2797 der Menschen, die er als Arzt hat ringen und
158 2755 951 2840 hmosphäre ausströmende Roman
1965 2767 2973 2826 Jahrten des vom deutschen Volke so geliebten Kron¬
970 2766 1969 2858 sterben sehen, ist nicht spurlos an ihm vorüber¬
162 2801 943 2878 me Weg“ in seinen Bann, wer bliebe
1983 2809 2974 2878 prinzen Friedrich, als er an der Riviera Heilung und
964 2815 1960 2897 gegangen, und der Gedanke an das Nachher faßt
156 2850 949 2916 ker Schilderung des langsamen Unter¬
1982 2866 2308 2928 Erholung suchte.“
962 2858 1958 2939 ihn mit Schauern an, weil weder der Glaube noch
2138 2863 2936 2974 Tamo, Oberzugführer der Gotthardbahn,
156 2890 955 2979 es Schwindfüchtigen in der Novelle
963 2905 1959 2988 die Wissenschaft hier Antort geben, die ihn
1901 2934 1961 2980 5#
2377 2934 2619 3008 Bellinzono.“
174 2937 958 3026 die vielleicht das stärkste seiner Prosa¬
953 2965 1948 3024 trösten kann. „Warum reden Sie vom Sterben:
