3344 4384
1619 153 2068 250 box 39/2
249 170 1590 278 Soth and 5511Birthdar
1276 1263 1568 1350 0 U.
1969 1265 2580 1345 Mrumsorgan Bayerns, der
733 1312 1562 1385 . des „Lonalanz.“ Nur über den
1584 1334 2584 1379 „Bayerische Courier“ in München, erklärt, der
553 1376 1568 1439 Wortlaut bestehen verschiedene Versionen, der
1581 1376 2576 1425 ganze Gedankengang in der Aeußerung des
549 1414 1035 1471 Sinn aber ist derselbe.
1589 1421 2577 1479 Kaisers sei der scharfmacherischen Berliner „Post“.
1592 1518 2587 1575 Frucht vom Baume der Erkenntnis brach. Denn
1591 1565 2584 1621 alles Leben ist Betrug und Selbstbetrug. Das
711 1517 1424 1651 Feuilleton.
1585 1609 2580 1653 ist der Wechselstrom von Mensch zu Mensch, trotz
1586 1651 2579 1706 aller Wahrheit, aller Ehrlichkeit. Wir schaukeln
793 1662 1322 1745 Krthur Schnitzler.
1587 1688 2385 1759 ewig zwischen Wirklichkeit und Schein.
590 1726 1530 1813 Zum 15. Mai 1912, seinem 50. Geburtstage.
1618 1739 2572 1799 Schnihzlers Ruhm begann mit der Veröffent¬
872 1785 1262 1850 Don Britz Droop.
1591 1795 2589 1844 lichung der Anatol - Szenen, die uns schon durch
595 1827 1566 1894 Daß Arthur Schnitzler heute 50 Jahre alt wird,
1591 1844 2576 1883 ihren Namen auf die Spur französischen Ein¬
1590 1887 2581 1937 flusses setzen. Aber in den sanguinischen Grund¬
555 1889 1560 1937 mag auch für jenen Teil des lieben deutschen
1582 1930 2577 1976 ion der Abenteuer, die Schnitzler den aus
547 1930 1568 1987 Publikums ein Momento sein, der immer erst
1587 1971 2579 2019 Leichtsinn und Melancholie gemischten Genießer
555 1977 1567 2028 eines gewissen äußeren Anlasses bedarf, um sein
551 2015 1560 2068 Interesse für einen Dichter mobil zu machen.
1574 2024 2575 2071 Anatol erleben läßt, klingt herb ein Weh, das
2454 2057 2580 2112 uns
549 2066 1559 2116 Wir anderen, die wir wissen, was große Geister
1581 2061 2450 2104 nicht verhallen will. Aehnlich geht es
1579 2103 2579 2149 mit der Novelle vom „Leutnant Gustel“, der
545 2105 1555 2157 für das Werden der Seele sind, überschauen in
1581 2143 2576 2197 meisterhaften psychologischen Analyse „Frau Berta
553 2148 1565 2204 solchen Stunden die Gaben, die uns ihre Huld
1588 2187 2584 2244 Garlans“, dem Novellenzyklus „Dämmerseelen“
543 2191 1559 2243 geschenkt, und unser ganzes Herz wird Freude
1584 2230 2461 2283 und dem dramatischen „Zwischenspiel“ in
554 2226 1567 2293 und wird Dank. Arthur Schnitzler gehört zu
1578 2272 2475 2318 Schnitzler die Eheirrung des Kapellm
549 2280 1559 2335 jenen Starken, die uns nicht wieder freigeben,
1581 2319 2574 2370 Amadeus Adams und seiner abenteuergierigen
551 2329 1562 2374 wenn wir einmal auf ihren Weg geraten sind,
1584 2364 2575 2420 Frau Cäcilie an uns vorüberziehen läßt. In der
542 2367 1552 2418 zu jenen Seltenen, deren Wort in uns nachzittert,
1584 2406 2579 2457 „Liebelei“ haben die letzten Spuren des
546 2413 1555 2478 noch lange, nachdem wir ihre Bücher fortgelegt
1587 2452 2575 2499 Theatralischen einer schlichten zwingenden Tragik
553 2454 715 2515 haben.
1577 2499 2565 2550 Platz gemacht, und man muß in der modernen
585 2478 1568 2555 Ein schmerzliches Ringen zwischen Dur und Moll
1576 2540 2575 2587 Literatur schon sehr lange suchen, um Schnitzlers
623 2540 1554 2600 ein Glück, das uns zerstört, und eine Hölle,
1582 2583 2573 2638 Christine eine gleich liebenswerte Gestalt
549 2585 1552 2629 die uns selig spricht — ein starkes Lachen über
1587 2627 2576 2686 an die Seite stellen zu können, trotz
546 2632 1553 2672 Zeit und Raum, dazu ein Weinen, das von
1579 2661 2564 2722 der Sentimentalität, die sie zuletzt umgibt.
553 2665 1559 2729 schönen weichen Lippen strömt: so etwas habe
1582 2715 2576 2762 Und wem hätte nicht die Bettlergeschichte „Vom
553 2712 1556 2761 ich noch immer empfunden, wenn ich ein Buch
1571 2766 2574 2811 blinden Geronimo und seinem Bruder“ oder die
550 2756 1553 2817 von Arthur Schnitzler las. Ein Mann von
2528 2796 2572 2841 „
1576 2798 2534 2850 Erzählung „Andreas Thameyers letzter Brief“
553 2800 1551 2852 dichterisch und menschlich gleich feiner Kultur,
548 2846 1553 2897 hat Schnitzler von den Franzosen, wie von Ibsen,
1574 2834 2575 2900 ans Herz gegriffen? Wen zöge nicht der echteste
1576 2888 2562 2934 Großstadtathmosphäre ausströmende Roman
560 2888 1556 2941 Strindberg und Shaw gelernt, ohne ins Fahr¬
1570 2937 2570 2986 „Der einsame Weg“ in seinen Bann, wer bliebe
552 2932 1559 2982 wasser der Genannten zu geraten. Er hat sich
1574 2977 2577 3028 hart bei der Schilderung des langsamen Unter¬
554 2976 1556 3024 emporgerungen und ist ein Freier geworden auf
1170 3019 1560 3084 r die Wege der
1581 3020 2571 3075 ganges des Schwindsüchtigen in der Novelle
547 3019 1139 3091 eigener Höhe. So lernte
1585 3055 2573 3131 „Sterben“, die vielleicht das stärkste seiner Prosa¬
542 3064 1552 3110 Menschen im Dunkel verfolgen und weh¬
552 3113 1807 3174 mütig lächeln, wenn er die bittersüße werke ist?
618 3223 1071 3324 0 0.0
775 3315 986 3413 10
2614 1209 2982 1288 Adrnftuche Kimmr.e
2605 1251 3350 1336 den gesunden Menschenversu. „Smme
2600 1315 3298 1367 Justiz nicht aus. (Lebhafter Beifall.)
2647 1353 3330 1407 Dr. Neuber: Wir wissen doch alle n
2610 1379 3333 1437 sind. Schwere Verwundungen sind hö
2601 1429 3326 1469 mangeinder Asepsis vorgekommen, sonst
3225 1473 3321 1532 S
2634 1523 3350 1585 Als Schnitzlers männlichere Leide
2602 1570 3350 1617 Oberhand gewonnen hatten, brach sei
2600 1615 3331 1664 das Historische stark hervor, und e
2601 1654 3326 1709 jene Dramen von der Art des „Grün
2601 1700 3339 1752 wo das Spielen zwischen Schein und
2607 1741 3343 1790 ebenso deutlich wird, wie im „Pard
2596 1775 3334 1844 Ineinander von Wirklichkeit und
2608 1824 3351 1887 „Schleier der Beatrice“ zeichnet der
2609 1867 3327 1919 Heißhunger nach Glück und die Entt#
2607 1912 3333 1962 dem lebensdurstigen Filippo schließli
2599 1958 3350 2008 in die Hand drückt, die ihn von alle
2606 1999 3351 2049 befreit. So wird das Weit der Je
2599 2038 3338 2090 Sehnsucht nach Glück bestraft, der
2598 2088 3351 2139 letzten Endes Sieger bleibt. In neu
2603 2120 3351 2194 Schnitzler zum historischen Drama zu
2608 2175 3351 2223 indem er im „Jungen Medardus“ de
2600 2266 3350 2314 machte. Auch hier ist das Weib der ##
2601 2303 3338 2354 den die Männer zu werfen glaube
2601 2350 3350 2402 immer wieder selber trifft. Der R
2601 2384 3350 2445 Weg ins Freie“ endlich ist eine De¬
2589 2436 3339 2490 Liebe heischende Geschichte der ge
2591 2474 3309 2536 jüdischen Strömungen und wie
2608 2515 3350 2588 Schnitzlers von dem Pulsschlag stark
2604 2571 3258 2633 Erlebens durchglüht und geadelt.
2643 2609 3349 2686 So ist Arthur Schnitzler weit übe
2591 2676 3350 2730 lingswerke der Liebespfnchologie hin
2595 2715 3339 2778 sen, die seine starke Position in der zeif
2593 2769 3327 2820 Literatur begründeten, und es liegt
2592 2805 3315 2862 Ungerechtigkeit darin, ihn immer
2598 2849 3351 2905 Dichter des „Süßen Mädels“ abzutur
2599 2892 3328 2937 der Menschen, die er als Arzt hat
2602 2933 3350 2987 sterben sehen, ist nicht spurlos an ihr
2597 2981 3341 3037 gegangen, und der Gedanke an das I
2592 3022 3340 3071 ihn mit Schauern an, weil weder der
2593 3068 3351 3128 die Wissenschaft hier Antwort gebe
2589 3106 3350 3187 trösten kann. „Warum reden Sie vom
