3296 4384
1573 263 2038 376 box 39/2
222 274 1450 375 Sothand 55t1 Birthday
177 516 507 620 Heft 11—357
1427 526 1779 639 Der Scherer
2539 551 3049 652 Jahrgang XIV—1912
1401 626 1447 705 C
2100 634 2898 737 Im Fache und verstauben und vergilben,
342 643 887 742 Ein Huldigungsgedicht
2101 715 2851 780 Ein künftig Futteral für Käsemilben
194 722 1112 818 Die „Zeit“ vom 12. Wonnemond bringt folgen¬
2109 761 2874 832 Und Wurstbazillen. — Ja, Neurotica,
142 776 610 858 den poctischen Hirsebrei:
1551 784 1626 894 □
2106 811 2716 890 Noch besser Lesbica, Sadistica,
2110 862 2733 930 Am besten aber Masochistisches
396 838 832 990 Ann uen Peteise¬
2104 909 2847 987 Verbürgt dir heutzutage viel Sukzeß.
2113 949 3001 1054 Das sind die Bucher, die man heut noch kauft,
449 957 766 1052 (15. Mai 1912).
2107 1018 2981 1083 Je wüster solch ein Schmarrn, so wilder rauft
130 1018 983 1128 Wir gratulieren euch an diesem Tage,
2109 1068 2923 1143 Sich voll Begier und voller Brunst darum
2103 1120 2779 1195 Das liebe, hochverehrte Publikum. —
128 1101 1050 1191 euch, unsern Brüdern, im geliebten Wien,
139 1164 1049 1243 wir draußen kennen es fast nur durch ihn,
129 1229 1018 1306 dem ich hier unsern Dank entgegentrage.
2102 1204 2912 1320 Seht nur die Fenster vieler Bücherbuden,
2099 1282 3019 1371 Gleichviel, ob Christen Herr'n sind oder Juden,
122 1287 1104 1409 Wie oftmals lauschten wir der sanften Klage
2099 1337 2876 1410 Sobald ihr dieses Schrifttum angesehn,
129 1374 1023 1446 aus seinem Mund, wehmütige Melodien
2096 1380 2908 1466 Muß auch die frömmste Galle übergehn.
2102 1429 2728 1507 Bei dieser Art Erotik ist ja nur
133 1431 996 1516 mit Lust vermischt ließ er vorüberzieh'n
2092 1474 2766 1554 Die ganze Pornographenliteratur
135 1499 944 1583 als weicher, daseinsseliger Lotophage.
2103 1539 2820 1605 Der keuscheste Pastorentochtertraum.
2097 1573 2947 1673 Ja, selbst der Sanchez und der Busenbaum,
135 1576 1110 1676 Und weiter träumt und spielt er Blatt um
2106 1634 2894 1719 Der Laynez, Gury und die ganze werte
406 1640 568 1713 Blatt
2095 1693 2819 1752 Gepriesene Gerasener Schweineherde,
1354 1683 1527 1764 Fr
131 1676 1076 1796 ein Wesen ab, schlicht, ohne wen zu fragen.
2096 1729 2806 1799 Die Jünger Jesu, welche die Grotik
137 1769 1013 1849 u schauen und zu schildern niemals satt.
2096 1770 2823 1854 Verchristlichten in katechetische Zotik,
2092 1827 2759 1904 Mitsamt Ser Aretinos lussuriosi
132 1820 1100 1938 Wir warten still, was wird er heuer tragen?
2099 1886 2773 1951 Sonetti oder auch den Capricciosi
133 1895 1108 2005 nd lieben ihn — nichts Beßres läßt sich
2091 1936 2838 2003 Raggionamenti im Vergleich fürwahr
390 1953 589 2044 sagen!
2092 1988 2885 2048 Sind aller Unkeuschheit und Sünde bar,
1172 1934 1860 2063 . Arthur Schnitzler“
2105 2024 3086 2123 Gleichwie des Campe und des Schmid Geschichten,
142 2016 1015 2101 so wie sein Wien, die schönste Vaterstadt.
1109 2041 2083 2133 bleibt in allem und jedem nur Genremaler.
2106 2071 2968 2136 Und könnten dienen selbst zum Unterrichten.
160 2086 565 2175 Kaiserswerth a. Rh.
666 2098 1067 2187 Herbert Eulenberg.
1112 2110 2089 2184 Wir sollten ihn schematisch als Dramatiker
2096 2119 2955 2198 Der Unflat liegt in Haufen auf den Budeln,
1115 2172 2085 2247 einreihen, aber Bühnenraffinement ist nicht
2103 2181 2873 2250 Die liebe Leserschaft damit zu nubeln,
182 2160 1090 2247 Ja, was wird er heuer tragen, der Herr Schnitz¬
2101 2228 2956 2299 Und Faultier Staat sieht in vergnügter Ruh
141 2242 1104 2303 er — auf das sind wir auch neugierig —! Hoffent¬
1122 2226 2091 2300 Dramatik und seine scherzhaften Einakter
2096 2276 2847 2347 Der systematischen Verschweinung zu;
139 2273 1103 2357 ich wird die Zeit, in der er „tragend“ ist, nicht allzu
1115 2273 2083 2361 sind geradeso Novelletten wie seine Novellen:
2099 2327 2892 2408 Und auf der andern Seite protzt wie nie
133 2331 1105 2418 ange dauern und er wird recht bald kalben — nichts
1116 2340 2086 2417 „Sterben“, „Leutnant Gustel“, und sein lite¬
2100 2372 2718 2448 Die ungeheuerlichste Prüderie!
139 2384 526 2469 Besseres läßt sich so:
1109 2409 2089 2484 rarisches Bild verkörpert sich einzig in der
2105 2403 2825 2498 Das Standbild eines nackenden Apol'.
971 2405 1062 2518 J.
1107 2447 2084 2545 Bühnennovelle „Liebelei“. Seine Versuche
2103 2450 2949 2552 Der schön und kraftvoll auf zur Höhe steigt
2099 2521 2993 2600 Und seinen Stempel — siehe Schiller! — zeigt,
1104 2517 2074 2588 im Thesen= und Problemstück „Freiwild“,
444 2535 720 2643 Kostprobe
2100 2582 2981 2667 Das Standbild macht die keuschen Seelen toll,
1111 2582 2074 2659 „Der einsame Weg“, „Der Ruf des Lebens“
2099 2631 2849 2697 Und unsere liebe Frau von Amathunt
1109 2646 2090 2713 zeigen den Mißbrauch der Dramenform für
2097 2677 2947 2744 Wühlt sittliche Entrüstung auf vom Grund.
1104 2709 2081 2785 novellistischen Zweck. Gemeinsam aber hält
125 2705 872 2785 In eines andern eminentem Schädel
2094 2724 2894 2804 Man benke nur: Zwei splitterfasernackte
142 2770 898 2836 Numort eintönig stets das „Süße Mädel“
1098 2773 2087 2840 dies innerlich verworrene Treiben ein Grund¬
2087 2767 2809 2834 Gestalten, edelschön und reizend,
129 2805 917 2877 Und zeugt vergnügt mit Max und Anatol
2095 2822 2930 2893 Mit ihren süßen Formen nimmer geizend —
1110 2814 2085 2884 gefühl zusammen: das Erotische. Sogar im
132 2865 875 2933 Par viel Esprit und noch mehr Kohl.
2096 2875 3077 2941 Sehn möcht' ich den, den 's nicht im Innern packte!
1098 2877 2082 2959 dunkel=seichten Renaissancestück „Der Schleier
131 2914 1092 3000 Der Mann — heißt's in der Presse — „der den
2098 2913 2781 2991 Das aber ist es eben, die Gefühle,
1098 2938 2084 3009 der Beatrice“, dessen formale Vorzüge von
346 2956 476 3028 Geist
2100 2965 2930 3043 Sie leiten Wasser auf des Satans Mühle!
1106 2994 2076 3071 Hoffmannsthal angelernt, wird eine Haupt¬
126 2979 889 3076 Wepachtet und als Großer sich erweist“. —
2095 3028 2911 3100 Der Freigeist nennt's ästhetischen Genuß;
131 3059 855 3129 Obzwar ihm doch das meiste vorgetan
1104 3055 2078 3127 und Staatsaktion zu schleierhafter Liebelei.
2091 3061 2843 3140 In Wahrheit wird damit der Priapus
129 3108 899 3171 Die Jeanne Marni, der Henri Labedan,
1098 3103 2082 3202 Daß diese bei ihm öfters zur Liebestragödie
2099 3113 2885 3196 Geweckt, wovor sich ängstlich hüten muß
128 3167 995 3235 So was wie Heine, Rochefoucauld, Stendhal
2093 3162 2964 3230 Der wahre Christ. Und also läßt die Sippe,
1108 3171 2079 3256 werden soll, hat er rein äußerlich anempfun¬
138 3213 974 3271 nd Nietzsche, Swift und Bulwer allzumal,
2096 3220 2999 3299 Die Volk und Herrscher führt an ihrer Strippe,
1099 3246 2085 3316 den, seiner reizvollen Machepalette solche
132 3261 1051 3338 Doch siehst du hin — in Chrfurcht nicht, in scheuer! —
2094 3269 2777 3340 Dem nackigten Apoll ein Futteral
1102 3303 2081 3373 düsteren Farben abgequält. Sein einziges
128 3303 1004 3365 Was birgt denn wohl dies geistige Ungeheuer? —
2096 3315 2825 3385 Anstecken und der Venus von Perkal
1093 3348 2083 3415 wirklich ernst aus dem Innersten gequollenes
138 3359 963 3435 Ei nun: reellen Dreck und künstlich Feuer.
2090 3357 2876 3433 Ein Unterröckchen um die Lenden legen,
135 3414 919 3488 Das aber schmeckt den guten Leuten just,
1101 3415 2074 3490 Opus, die zehn schmutzigen Dialoge „Reigen“.
2097 3417 2865 3495 Auf daß beim Anblick ihrer Naturalien
138 3463 878 3529 e mehr pikant, so besser für die Brust.
2090 3462 2943 3530 Sich nicht die „tierischen" Begierden regen
1115 3477 2081 3551 formal manchmal an Reinhold Lenz erin¬
133 3513 876 3580 ns Sex elle spinn dich ein, o Dichter,
2091 3535 2937 3599 Der frumben Herren, die mit den Fäkalien
1101 3544 2081 3613 nernd, hat notwendigerweise den Endzweck,
142 3559 861 3626 nd setze überall auf erotische Lichter,
2092 3565 2653 3635 Liguorischer Moraltheologie
1089 3603 2075 3671 die ihm allein gültige Erotik zu symbolisie¬
146 3613 875 3677 m Reigen lasse schweben flott vorbei
2092 3614 2878 3689 Zum Bersten vollgepfropft die Phantasie.
1100 3650 2082 3734 ren, mit starken, naturalistischen Nuancen,
141 3654 794 3721 die ganze Süße=Mädel=Kompanei,
2094 3665 2933 3736 Sie fürchten — aber ihr versteht mich schon,
129 3710 943 3770 kannst gar du in Gedankenstrichen dichten
1093 3708 2084 3789 doch fern jeder großen Linie. Die Armut
2103 3724 2790 3781 Wenn ich nur sage: Insurrektion!
140 3757 934 3827 die prickelnd=feinen Unterleibsgeschichten,
2095 3772 2922 3828 Und ach! kein Beichtkind in der Nähe weilt,
1102 3763 2081 3853 und Leere verdeckt er als Handelskundiger
140 3807 996 3885 nd drechselst du als ein gewandter Schnitzler
2093 3826 2948 3895 Daß es des Moralisten Schmerzen heilt ...
1099 3821 2078 3907 durch sparsame Zinsanlage seines kleinen
142 3859 607 3921 eschichten vom und für —
2098 3875 2829 3937 Um zu vermeiden solch Gelüst, bekam
1097 3880 2083 3954 Vermögens. Kaum ist er tot, da wuchert das
138 3897 781 3959 st deiner Ethik oberste Sentenz:
2100 3922 2803 3977 Jedwede Nacktheit eine kurze Scham.
1093 3945 2079 4032 Gras schon wieder; kaum ist sein neuestes
133 3957 896 4024 Nymphomanie, Orgasnus und Potenz,
2098 3969 2966 4038 Und Faultier Staat sieht in vergnügter Ruh
137 4008 930 4073 Ward deinem Werke der Erfolg beschieden,
2091 4018 2881 4095 Der systematischen Vertrottlung zu ...
1216 4009 2085 4102 Gegenüber den übergeschnappten Jubelfanfa¬
136 4054 936 4125 Zu wirken, wie die schärfsten Kanthariden,
1093 4097 2079 4135 ren der Jerichoposaunen und Schofarhörner in den
139 4109 976 4189 Fritt selbst beim ausgedorrten Jubelschwein
1094 4141 2955 4202 Judenblättern, welche Schnitzler als „bedeutendsten Derselbe Staat, der sonst so sehr empfindlich,
139 4152 738 4198 Ein allerletzter Priapismus ein
