3392 4384
2084 156 2264 251 —
1653 239 2094 334 box 39/2
283 243 1622 356 5oth and 55th Birthdan
833 1027 2595 1107 werklichen und die Ehrfurcht vor dem Alter so ganz vereinend, wie eben
831 1122 2544 1185 der großer Künstler selbst Meisterschaft und Menschlichkeit in sich eint.
951 1176 2576 1233 Und dies ist ein menschliches Glück unserer Generation, unsere Stel¬
834 1227 2581 1285 lung (die freilich nicht nur Schnitzlern gilt, sondern auch den anderen, die
842 1281 2596 1355 nun fünfzig werden, Hauptmann, Bahr und Dehmel) die uns nicht zu
837 1349 2586 1421 Uberhebung, zu Gegnerschaft, sondern zu Einordnung und Bewunderung
825 1417 2582 1487 zwingt. Sonst sucht gewöhnlich eine literarische Generation die frühere zu
828 1480 2589 1505 entwurzeln aus dem Gefühl, daß sie, die schon überreife, dem Boden die Wirk¬
833 1528 2598 1585 samkeit wegsauge, ein Hemmnis sei für eigene Entfaltung. Diese Generation
843 1588 2585 1637 vor uns ist aber noch so sehr im Vollwuchs ihrer Kraft, daß sich ein be¬
832 1648 2588 1713 sonnenes Gefühl ihrer Überlegenheit willig fügt, froh, neben ihnen wirken und
842 1698 2584 1760 vollenden zu dürfen. Mögen wir Jüngeren heute vielfach anderes wollen als
830 1754 2586 1811 Schnitzler, dank der Andersartigkeit unserer Befähigung und vor allem,
830 1841 2593 1897 weil seine Meisterschaft ihr Gebiet so klar umzirkt, so wundervoll verwaltet,
836 1880 2588 1952 daß hier Versuchen ein Anmaßen wäre — nirgends ist (ich glaube hier für
837 1934 2584 1996 alle Jungen in Österreich reden zu dürfen) Schnitzler je als unmodisch, als
841 2000 2586 2068 minder bedeutsam, als gegnerisch empfunden worden. Sein Platz ist vorne,
829 2049 2587 2102 das spüren wir alle. Spielt man seine Stücke, so erachtet das jeder als Not¬
842 2114 2584 2168 wendigkeit und Pflicht, würde man ihn zurücksetzen, so wären wir die
837 2163 2579 2240 ersten, Klage zu führen. Sonst sind diejenigen, die als erste begonnen
827 2227 2587 2279 haben, den Letzten, der neuen Jugend meist schon die Fernsten; ihn aber,
837 2297 2585 2365 den ersten Fünfzigjährigen der Jungwiener, fühlen wir ganz nahe. Und vor
845 2338 2013 2408 allem: immer vorne, als den Führer, den Meister.
954 2404 2588 2453 Dieser absoluten Verehrung des gewissenhaften großen Künstlers
826 2459 2579 2536 Arthur Schnitzler darf sich an solchem Tage noch die private des Men¬
829 2519 2582 2589 schen beigesellen. In unserer Zeit, da die Kunst sich gern der Popularitäts¬
828 2583 2586 2640 sucht, der Geldverdienerei, der Journalistik und Gesellschaftlichkeit kuppelt,
830 2637 2579 2690 ist der Anblick eines Dichters Freude und Beispiel, der menschliche Hal¬
827 2699 2585 2767 tung ohne Pose, nur aus innerer Reinheit, zu wahren wußte. Nichts macht
834 2745 2588 2815 uns ja in der Bewertung alles Zeitgenössischen unsicherer, lenkt uns mehr
829 2815 2584 2876 von der Vista auf die Werke ab, als jene kleinen Unsauberkeiten des
835 2875 2583 2944 Charakters, die uns die Indiskretion der Nähe leicht preisgibt. Keiner,
828 2930 2588 2985 ich bin dessen gewiß, hat jemals an Schnitzler eine jener verstimmenden
834 2985 2583 3047 verwirrenden Kleinlichkeiten wahrnehmen können, und ein solches ethisches
827 3048 2585 3112 Beispiel ist umso eindringlicher, wenn es wie bei ihm ohne Pathos, als
826 3104 2591 3180 reine Wesensform klaren Charakters sich zeitigt. Hier, in dieser Vollendung
835 3172 2593 3237 ist keiner von uns, der nicht von ihm lernen könnte: ein solches Werk
831 3221 2589 3283 schön zu vollenden und dies noch Geheimnisvollere, so viel Liebe zu ver¬
836 3288 2605 3353 dienen, wie sie Schnitzler heute und wohl immer von jeder künstlerischen
838 3342 1808 3414 Generation freudig zu Teil werden muß.
1647 3549 1783 3640 350
2746 3952 2830 4074 920
