3392 4384
1289 234 1378 299 d
156 237 2087 343 2. 50th and 55th Birtnnay box 39/2
1524 621 1644 757 27
762 637 1011 814 4
1048 646 1453 815 Teinne.
1745 790 2853 858 Bei Gelegenheit diefes fünfzigften Geburtstages sei für
625 803 1740 879 dankenstrichen. Er umgeht das Unfagbare nicht kokett;
1758 834 2854 905 den Teilnehmenden auf einige Broschüren, die das Werk
632 872 1735 922 er sagt es ernst, Wort für Wort, langfam. Das ist gut.
1754 894 2445 948 Schnitzlers behandeln, hingewiesen.
636 906 1735 970 Das ist schön in seinem Buche „Mara“. Es gibt nicht viele,
1759 917 2858 996 Julius Kapp schrieb eine ausführliche Darstellung, die Werk
640 950 1741 1003 die es ähnlich fagten; aber es gibt auch keine bessere
1753 975 2859 1029 um Werk in der hiftorischen Reihenfolge erklärt und
638 996 1746 1047 Lektüre, keine beffere befonders für die Frauen, als die
1751 1014 2860 1079 kritiliert. Es ist eine gute Philologenarbeit, die lich jedes
642 1048 1736 1093 Bücher Hafenauers, der lie lehrt, das Bewußtsein ihrer
1764 1074 2851 1128 tiefere Erfaffen schenkt. Das Buch kann wegen der
643 1083 1748 1161 Schönheit zu haben, ihr Schickfal zu tragen, hingegeben,
1757 1113 2844 1171 ausführlichen Inhaltsangaben den ganzen Schnitler er¬
641 1127 1745 1196 ohne Bitterkeiten, ohne die Fragen, die keine Antworten
1766 1154 2855 1218 letzen; das ist ein Fehler Kapps. Auch die Urteile möchte
645 1172 1741 1229 haben. Man kann nur wünschen, daß Hafenauer soviel
1760 1209 2859 1250 wohl nicht jeder immer unterschreiben; das Buch Kapps
646 1218 1749 1278 Anerkennung gezollt werde, als genügt, ihn nicht verzwei¬
1755 1240 2868 1300 ift aber die beste Grundlage zur Kenntnis Schnitzlers
636 1261 1742 1316 feln zu lasfen, — die Liebe gegeben werde, die ihn bewahrt,
1758 1279 2547 1340 und gewährt die bequemste Überlicht.
646 1303 1743 1365 lich felbst zu verlieren, sondern mächtig macht zu werden,
1759 1314 2863 1395 I. K. Ratislav schrieb eine Studie, die viel Rühmenswertes
655 1347 1756 1421 was er verlpricht: ein neuer Stendhal, der die Liebe, die
1759 1371 2858 1425 zu fagen weiß und große Hoffnungen auf Schnitzler setzt.
639 1397 1112 1460 große Liebe gestaltet.
1766 1432 2860 1476 Er bedenkt nicht, daß Schnitzler foviel vom Tode und
644 1413 1747 1503 Zuleht darf ich die Taffache nicht umgehen, daß Halenauers
1760 1468 2854 1517 vom Sterben schrieb, ohne auch nur einmal eine end¬
653 1485 1749 1532 Bücher von Gustav Wolf ausgestattet find. Man lieht
1772 1503 2871 1570 gültige Anschauung, ein dauerndes, bildklares Angeschautes
642 1523 1748 1588 Zeichnungen von einer Genauigkeit, Mannigfaltigkeit und
1775 1548 2731 1604 zu lagen. Warum heißt man einen: „Dichter“? —
658 1568 1750 1641 Wucht, daß man staunt; weil von diesem Künstler die Welt
1772 1576 2864 1647 Viktor Klemperer schrieb einen Effay, der gut ist. Er ve¬
653 1613 1759 1681 noch nichts weiß, darf man auf Kubin hinweisen, den er
1761 1642 2871 1686 kennt das Welen Schnitziers nicht. Er bestimmt es als die
1477 1656 1753 1725 Georg Hecht
652 1664 1104 1739 in manchem übertrifft.
1763 1688 2871 1734 Art, in allem das Leidvolle zu erkennen: in der Luft den
1760 1730 2875 1793 Tod. Es ist die ganze Zerissenheit Schnitzlers. Klemperer
1761 1787 2876 1819 aber spendet keinen Kranz; sein Lob ist sehr vorlichtig,
651 1747 1141 1842 Uber Schnitzler
1772 1820 2880 1864 wenn auch nicht so kühl und es wird dem Lefer dadurch
647 1812 1765 1882 Es ist jetzt die Zeit, daß die Jungen von einft alt werden.
1768 1849 2869 1921 die gewille Zuneigung, ein gewilles Schönfärben in Denk¬
657 1877 1763 1931 Auch Schnibler wird 50 Jahre. Man wird viel über ihn
1766 1900 2867 1950 barkeiten und Entschuldigungen Schnitzler gegenüber mög¬
659 1925 1758 1968 schreiben. Die Zeitungen werden ihn nennen und loben
1772 1949 2870 2009 lich. Am Schluffe möchte man Tagen: er ist zwar kein Dichter,
661 1967 1767 2025 oder tadeln. Es wird bekannt werden, daß die Welt von
1774 2003 2694 2062 aber ein fehr netter, liebenswerter Schriftsteller.
656 2017 1700 2061 Schnitzlers Werken voll ist, was keiner bisher wußte.
2605 2023 2886 2095 Georg Hecht
667 2048 1770 2099 Wenn einer aber nun wirklich, z. B. an der Hand einer
661 2080 1774 2151 Monographie, die Werke Schnitzlers repetiert, wird er eine
658 2132 1762 2189 erschreckende Ahnlichkeit zwischen Heinrich Heine und
1772 2136 2300 2233 Dramatische Werke
663 2178 1764 2238 Schnitzler bemerken. Auch in ihm is das Jüdische ein
1772 2204 2883 2276 Auf dem Gebiet der dramatischen Literatur scheint ein
668 2223 1762 2287 wichtiger und bedingender Teil, ein Grundton; auch in
1784 2260 2876 2324 bisher noch unerforschtes Geletz zu walten, nach dem
654 2265 1765 2318 ihm ist die Zerriffenheit, die das Leben in viele Stücke
1781 2300 2889 2361 fast jede Generation sich mit dem Erbe auseinandersetzen
667 2313 1771 2373 teilt, auch in ihm hat jede Thefe die Antithefe, auch er
1775 2347 2893 2409 muß, das die Hellenen und Germanen-Kelten uns in ihrem
658 2349 1778 2415 kann die Entschließung feiner eigenen Seele nicht lagen,
1775 2392 2888 2442 Sagenkreis hinterlaffen haben. Eine neue Periode in dieser
670 2398 1773 2462 auch er ist der gleißende Erotiker. Und Schnitler ist Arzt
1782 2431 2893 2501 Hinsicht haben Hofmannsthal und Stucken mit Werken
670 2441 1766 2496 und feziert und kuriert alles aus dem einen Punkt. Das
1788 2499 2882 2538 von großer, vor allem lprachlicher Schönheit eingeleitet.
670 2495 1764 2547 wenigstens tat Heine nicht, soweit ließ er sich von der
1789 2536 2885 2581 Dies kann jedoch auf die Dauer nicht darüber hinweg¬
672 2532 1769 2595 Brotik — ach, ein verschämtes Wort! — nicht treiben.
1791 2568 2892 2634 täuschen, daß dieser Bewegung etwas Schwächliches und
668 2581 1769 2652 Ich will nicht fagen, daß Schnitzlers Werk unsittlich wäre.
1787 2612 2886 2677 Ungesundes anhaftet; die Gestalten diefer Dramen bleiben
668 2624 1767 2687 Das könnte man ertragen, aber die Unanständigkeit bis¬
1789 2658 2888 2723 für uns kalt und, im letzten Grunde, intereffelos; wo es
663 2665 1780 2746 weilen wird einem über. Die ganze dargestellte Erotik
1783 2706 2896 2754 aber der Dichter versucht, sie durch eine komplizierte
676 2716 1775 2777 läßt einen so kühl; man begreift den Menschen nicht, der
1789 2747 2900 2804 Pfychologie zu modernilieren, letzt er lie in Zwielpalt zu
674 2756 1785 2813 dreißig jahre um die paar Taffachen herumschreiben kann,
1799 2788 2891 2850 ihrem altertümlichen Gewand und zu den unerschütter¬
672 2806 1783 2856 ob zwei lich bekommen oder nicht, ob sie sich behalten.
1788 2829 2902 2901 lichen Vorstellungen, die wir seit früher Kindheit mit ihnen
683 2860 1777 2915 Wenn nur wenigstens diefer fauerfüße Wiener Lokalion
1793 2880 2892 2942 verbinden, und vermag daher keine befriedigende Wirkung
674 2892 1785 2960 nicht in den Büchern wäre, nicht diefes „fuße Mädel“, das
1797 2924 2895 2984 zu erzielen. Trotzdem haben sich auch junge Talente in
677 2943 1176 3001 unzulängliche Geschöpf.
1792 2980 2895 3031 den Dienft dieser romantischen Bewegung gestellt, fodaß
677 2971 1790 3051 Wäre Schnitzler dem Wege gefolgt, den er anfing, als er
1796 3017 2895 3070 unfere dramatische Produktion der Schablone anheimzu¬
679 3021 1785 3092 den „Schleier der Beatrice“ schrieb, als er den Kapell¬
1794 3061 2897 3113 fallen droht. Immerhin wäre ein Stück zum mindesten
673 3066 1790 3136 meister aus der „Liebelei“ gestaltete, dann hätte er vielleicht
1794 3112 2907 3174 lefenswert wegen feiner klangvollen Verfe und feiner
676 3112 1779 3178 weniger Werke, aber einiges Tüchtige vollbracht. Der
1792 3154 2498 3222 prachtvollen, bilderreichen Sprache.
671 3168 1791 3214 irrtum wiegt bei Schnitzler schwerer, weil er lich feiner
1796 3190 2896 3262 Dieses argumentum pro läßt sich leider nicht auf Gustav
683 3211 1781 3262 fehr bewußt ist und nach den Fehlschlägen von „Tendenz¬
1798 3233 2899 3297 Renner anwenden, der feine Dramen „Alkeste“ und
672 3253 1783 3312 Dramatik“ abließ. Aber die Erotik brachte ihm Ruhm und
1804 3275 2903 3355 „Merlin“ (Stuttgart, Adolf Bonz & Co.) ebenfalls aus
686 3308 1791 3353 Anfehen. Gewiß: er hat Werke, die gut sind. „Sterben“.
1794 3326 2900 3392 der alten Mythenwelt geschöpft hat. Seine Sprache int
688 3338 1782 3400 gibt einen Inhalt und im „Weg ins Freie“ ist der Schluß
1801 3364 2909 3432 nüchterne, verfifizierte Profa, feine Vergleiche sind matt
680 3378 1788 3448 gehalten, ehrlich und hinterläßt eine schöne Stimmung.
1806 3428 2914 3479 oder gequält. Alkefte ist auch dramatisch fehr schwach.
686 3422 1794 3483 Es ist viel Gute, viel Verzeihen-können in Schnitzler, ein
1801 3464 2907 3521 Im gleichnamigen Euripideischen Drama opfert lich Al¬
685 3473 1784 3521 Menich der Böles und Gutes litt und auf feine Weise fertig
1805 3497 2901 3577 keste dem Todesgott für den Gatten Admetos, wird aber
690 3512 1789 3575 wurde. Er hat lronie und auch Humor. Das tröftet über
1805 3544 2901 3597 von Herakles dem Hades wieder entriffen. Renner be¬
686 3557 1694 3615 manches; über das Pfychologilieren und Sezieren.
1798 3591 2907 3655 handelt die Vorgeschichte hiezu: wie Alkeste diefes Opfer
681 3600 1791 3655 Doch wenn sich nicht fehr vieles ändert, dürfte nach 100
1804 3629 2906 3687 bringt. Das einaktige Stück verläuft mehr episch als
692 3643 1788 3714 Jahren auch Schnitzler kein Denkmal in Deutschland haben,
1811 3677 2905 3758 dramatisch und endigt in der Abschiedstzene Alkestes
692 3697 1106 3771 ganz so wie Heine.
2790 3727 2907 3793 mit
707 3750 813 3812 35
