3344 4384
133 197 2027 315 50th and 55th Birthday box 39/2
2077 1581 2337 1693 —
1538 1677 2747 1756 literarischen Erfolg erringt Schnitzler erst im Jahre 1892
2764 1692 3267 1757 mal sowohl im Roman,
390 1702 1468 1803 Ein Dramatiker Jung-Wien's.
1549 1731 2749 1802 mit seinem „Anatol“, jenem Cyklus, der sich an Partser
2773 1739 3236 1814 In seinem „Anatol“
1543 1778 2747 1854 Originale in der äußersten Aufmachung anlehni, sonst aber
2980 1785 3253 1858 namentlich d
2755 1786 2907 1859 Frau
444 1788 1335 1890 Zum 50. Geburtstage Arthur Schnitlels
1542 1832 2749 1904 von echtem, warmem Wiener Blut durchpulst ist. Und dieser
2760 1832 3267 1912 „Sentimentale Heiterkeit
1153 1841 1511 1912 (Nachbruck verboten.)
1552 1878 2749 1934 Erfolg bleibt unserem Dichter ständig und unentwegt treu.
2760 1887 3282 1957 mut . . . . das ist so ih
367 1889 1530 1998 — Reiche Kulturelemente arbeiten gegenwärtig wieder
1666 1931 2753 1983 Schnitzler ist im Leben das, was man einen Elegant
2759 1933 3264 2007 blondes Köpferl, weißt
295 1935 1517 2029 emal in Wien an der Hebung des deutschen Volkstums.
1537 1968 2751 2046 nennt. Nicht der geschniegelte Lebemann, sondern mehr der
2751 1963 3285 2065 zu schwer zu schildern!
297 2001 1528 2084 Alle Künste und Wissenschaften sind bestrebt, ihr Bestes zu
1549 2026 2739 2092 Genußmensch, der bewußt Wert auf Aeußerlichkeiten legt,
2746 2031 3269 2102 bei ihr .... Wenn ich
300 2048 1533 2130 leisten. Vor allem die Dichtkunst. Eine neue geistige Strömung
1538 2069 2750 2144 die das Dasein angenehm und schön machen. Sein Auge
2753 2076 3282 2145 ihr eine Träne im Aug
303 2109 1533 2174 war in ganz Deutschland zu Beginn der achtziger Jahre des
1538 2119 2747 2196 blickt verträumt und schalkhaft zugleich. Aus seinem ganzen
2763 2123 3282 2193 Sätze, Gedanken die sich
293 2141 1523 2227 vorigen Jahrhunderts entstanden. Immer breiter wälzte sie
1542 2173 2746 2223 Wesen atmet der Künstler. Dazu eignet ihm als Wiener
2754 2173 3289 2247 aber es ist auch die Wa
301 2197 1525 2272 Wellen durchs Land dahin. Und überall machten sich An¬
1528 2222 2746 2283 Literaten jene Kaffeehausatmosphäre, die untrennbar vom
2751 2222 3287 2299 Schnitzler ganz besonder
303 2252 1526 2328 sätze zu neuem Wachsen und Werden bemerkbar. Was für
1534 2272 2738 2319 Bohémien der schönen Donaustadt ist. Dabei ist er liebens¬
2757 2270 3293 2343 nachstrebt, und sie nie un
296 2294 1519 2371 Norddeutschland Gerhart Hauptmann bedeutete, das war
1534 2314 2740 2375 würdig, freundlich und unterhaltend: im wahrsten Sinne
2754 2320 3285 2396 halber, auf's Spiel setzt
300 2344 1518 2425 für Süddeutschland Arthur Schnitzler, dem die folgen¬
1524 2353 2752 2447 des Wortes „ein guter Kerl.“ Seine Kameraden hängen
2864 2377 3256 2444 Arthur Schnitzler
293 2403 1525 2478 den, sein Wesen würdigenden Zeilen gewidmet sein sollen.
1524 2413 2740 2485 an ihm; unbeneidet und unangefochten geht er seinen Weg,
2749 2405 3287 2504 Theater. Im Eingang zu
436 2453 1512 2528 Arthur Schnitzler wurde vor einem halben
1525 2467 2740 2542 dessen Ziele er immer fest im Auge behält. So reift er zu
2749 2470 2981 2550 es z. B.:
306 2473 1522 2575 Jahrhundert, am 15. Mai 1862, zu Wien als Sohn eines
1528 2507 2449 2585 immer größerer künstlerischer Selbständigkeit.
2972 2519 3288 2601 Also spielen
294 2550 1517 2617 namhaften Arztes geboren. Seine Jugendjahre umgaben
1635 2556 2739 2618 Nicht alle Dichtungen, die Arthur Schnitzler geschaffen,
2983 2587 3281 2652 Spielen uns're
301 2588 1515 2650 ihn mit dem Esprit der gebildeten Familie. Auch der junge
1539 2600 2743 2663 sind einander gleichwertig. Manches ist darunter, was mehr
2983 2633 3289 2701 Frühgereift un
291 2646 1523 2713 Schnitzler studierte Medizin. Schon früh zeichnete ihn eine
1536 2662 2747 2721 für das Theater geschrieben ist, als für das Publikum. Zu
2972 2682 3271 2743 Die Komödie
293 2674 1514 2762 starke Phantasie, ein Hang zu literarischen Ambitionen
1538 2709 2745 2765 gewissen Zeiten des Lebens macht eben jeder Künstler
2978 2734 3287 2799 Uns'res Fühler
295 2754 1509 2819 aus. Im Jahre 1885 wurde er Arzt. Das Praktizieren lag
1534 2763 2736 2816 Konzessionen. Der eine auf diesem, der andre auf jenem
2972 2779 3274 2847 Böser Dinge
301 2794 1514 2857 nicht so ganz in seiner Natur, doch brachte es ihn den
1528 2818 2737 2877 Gebiet. Ob solcher Fehlschritte darf man nicht ungerecht
2964 2832 3266 2890 Glatte Worte,
286 2832 1512 2907 Menschen näher. Es ging leidlich vorwärts. Aber schon im
1524 2853 2745 2915 werden und nicht den Ueberblick über das Ganze verlieren,
2973 2876 3271 2946 Halbes, heiml
295 2885 1518 2978 folgenden Jahre machte sich der Poet durch einen Band
1529 2912 2737 2965 Bei Schnitzler liegt hierfür wenigstens absolut kein zwingen¬
301 2932 802 3002 Gedichte einen Namen.
2968 2931 3277 2998 Agonien Episo
1532 2951 2740 3006 dir Grund vor; das hat er mehr denn einmal in geradezu
402 2962 1517 3061 Nun wurde man in literurischen Kreisen auf Schnitzler
1530 3013 2737 3071 glänzender Weise bewiesen. Das darf weder Kritiker, noch
2850 2982 3245 3074 Aehnliche Stellen,
298 3027 1510 3113 aufmerksam. Bald erscheinen Novelleten und Dialoge, haupt¬
1521 3056 2737 3120 Leser, noch Zuschauer außer Acht lassen. Das gilt sowohl
2734 3049 3261 3120 blümt, finden sich oft in
291 3069 1519 3163 sächlich in der von Paul Goldmann herausgegebenen Zeit¬
1531 3102 2731 3180 für seine Dramen, wie für seine Gedichte, seine ausgezeich¬
2748 3100 3284 3176 gewisse Durchsichtigkeit, die
287 3122 1518 3223 schrift „An der schönen blauen Donau.“ Verehrer der
1521 3160 2489 3216 neten Novellen und seine spannenden Romane.
2738 3149 3265 3223 läßt, ist selbst seinen h
293 3177 1512 3259 Schnitzler'schen Muse, die sich leicht und graziös zu geben
1646 3181 3231 3258 Schnitzler ist nicht nur ein guter Seelenkenner, sondern maskiert sich gern; er
294 3233 1508 3320 verstand, hatten sich bald gefunden. Seinen ersten, größeren
1518 3218 3288 3318 auch ein feiner Frauenkenner. Das hat er mehr denn ein= nur darum, um seinen Zu
