3344 4352
1932 148 2185 220 —.—..—
791 231 1261 324 box 37/6
104 234 688 335 2. Cuttings
1408 552 1566 601 ny Gewähr.
1101 544 1890 670 (Deuschöthevue, Stuttgart.
871 605 1341 686 Ausschnitt aus:
890 682 1080 755 vom:
1341 695 1756 786 A73US7 19.6
878 819 1770 907 #Arthur Schnitzler als Psycholog. Von
1068 895 1766 964 Dr. Theodor-Reik. Minden (West¬
1043 931 1656 976 falen), J. C. C. Bruns. M. 4.—.
1003 959 1760 1015 Um es gleich im voraus zu sagen: es
955 989 1770 1066 handelt sich bei diesem gewichtigen Werke
968 1051 1778 1094 von über dreihundert Seiten nicht um ein
968 1087 1776 1132 Erzeugnis jener ästhetisierenden, individuell¬
968 1130 1775 1169 impressionistischen Art der Literaturbetrach¬
962 1164 1769 1215 tung, die heute so beliebt und doch eigentlich
967 1203 1777 1259 nur leeres Gerede ist. Vielmehr ist es eine
957 1247 1765 1283 ernst zu nehmende wissenschaftliche Arbeit,
958 1286 1782 1337 die uns hier vorgelegt wird, aufgebaut auf
956 1320 1770 1382 der strengen und minuziösen Durchführung
956 1364 1768 1414 des methodischen Prinzips der „Psycho¬
952 1393 1770 1451 analyse" Diese geht von psychischen Details,
955 1445 1762 1487 von scheinbar unwesentlichen Besonderheiten
967 1480 1769 1536 im Erleben der Schnitzlerschen Personen aus
947 1507 1797 1586 und bemüht sich, von hier aus zu deren
970 1594 1765 1661 tiefsten, kompliziertesten und verborgensten
965 1638 1771 1699 Regungen vorzudringen. Das Werk ist
963 1683 1768 1736 natürlich keine „leichte“ Lektüre, aber sein
971 1719 1764 1781 Studium ist fruchtbar, und dies um so mehr,
964 1756 1769 1816 als es die Phantasiegestalten eines noch
966 1786 1769 1857 schaffensfroh unter uns lebenden Dichters
975 1827 1775 1919 sind, an denen es seine Methode erprobt.)
1295 1874 1753 1954 Dr. Hans Zimmet
2190 2110 3113 2189 at Magine Elliott’s Theater, with Doris Keane
486 2118 1257 2194 HAT Henryk Ibsen was to the
1354 2138 2108 2230 Vienna’s Foremost
2192 2175 3116 2232 in one of the characters); whether it is
497 2188 1249 2244 Norwegian drama, August Strindberg
2887 2220 3115 2275 “ The In¬
2529 2217 2889 2286 The Lonely Way,
364 2132 455 2294 V
2191 2228 2477 2285 his Amours
503 2241 1249 2289 to the Swedish, Anton Chekhov to
1516 2218 1943 2316 Dramatist
2196 2266 3104 2328 termezzo,'' The Far Away Country,?'“ The
507 2282 1257 2330 the Russian, what Gerhardt Haupt¬
2192 2312 3096 2378 Fairy Tale';or bis onc-act plays,“ Literaturei''
324 2330 1263 2385 mann is to the German drama, Bernard Shaw
1446 2321 2013 2409 By Herman Bernstein
2238 2357 3111 2418 The Green Cockutoo“; or his more recent
314 2373 1251 2433 tothe English and Maurice Macterlinck tothe
2198 2408 3122 2463 work, in the drama as well as in the novel and
317 2425 1257 2474 French, Arthur Schnitzler is to the Austrian
2205 2458 3125 2516 the short story, his analytical power, his wit
320 2471 1251 2522 drama today. Keen and penetrating, brilliant
2203 2496 3118 2559 and his brilliant dialogue, lift his work into a
319 2508 1262 2559 and subtle, a master of ironv and satire, yet
2203 2545 3125 2601 class all by itself in European literature. All
327 2553 1255 2613 sincere and full of optimism, this master builder
2204 2596 3108 2645 his dramas are full of virility and deep under¬
325 2599 1252 2660 of the modern Austrian drama, this Viennese
2206 2648 3113 2694 standing—different as they are in theme,
326 2646 1253 2708 man of letters has impressed himself pro¬
2213 2679 3119 2736 varied as they arc in treatment, broad as they
329 2690 1260 2742 foundlv upon the literature of Austria in the
2206 2726 3115 2783 are in conception. Schnitzler is never a slave
315 2735 987 2794 face of innumerable difficultics.
2209 2772 3119 2830 to form or a servant of traditions and conven¬
368 2781 1258 2832 Bythe sheer force of his art, as it manifested
2202 2814 3121 2876 tionalities. He is unique among Viennese
318 2828 1251 2895 ieself in his works, in masterpiece after master¬
2203 2860 3128 2920 dramatists; he is as characteristic as Vienna
316 2890 1261 2934 piece, Dr. Arthur Schnitzler, a Jew, has won
2212 2900 3124 2981 itself, as Viennese life, whose gifted interpreter
332 2932 1257 2979 distinction in Vienna, the very hotbed of
2214 2960 2341 3013 he is.
324 2967 1255 3027 antisemitism. He has surmounted many ob¬
2252 2984 3119 3060 Schnitzler is known in America bv a number
323 3003 1252 3073 stacles, combating prejudice calmly, yet with
2209 3038 3127 3100 of plays which have been produced here from
325 3060 736 3120 hrm determination.
2986 3084 3128 3142 The
2211 3088 3000 3147 time to time— The Affairs of Anatol,?
375 3091 1263 3167 Schnitzler is at his best when portraying
2208 3130 3110 3186 Fairy Tale, The Reckoning,'“ Literature,
327 3126 1250 3212 women. Painting the mysteries of the enig¬
2199 3188 3120 3233 The Countess Mizzi.'' and others. Now a
326 3188 1264 3243 matic Leternal feminine'' with a master brush,
2213 3230 3114 3287 volume of three of his characteristic efforts has
331 3241 1255 3296 attacking the actualities of life in terms of lise,
2206 3275 2824 3332 been published in this country.
319 3281 1259 3329 he scales the heights of emotions and depicts
2242 3318 3128 3373 Born in Vienna in May i8, 1862, the son of a
323 3334 1258 3390 the depths of depravitv, analyzing human
2211 3362 3121 3434 physician, Schnitzler first turned to medicine
335 3391 1258 3437 frailties and shortcomings, mercilessly at
2202 3407 3113 3470 as his life work, but soon abandoned this for
323 3438 1262 3485 times, alwavs fearlessiv, get never vulgarizing
2200 3451 3120 3516 literature. He looks much vounger than his
334 3470 1257 3527 that which less gifted and less tactful drama¬
2213 3493 3128 3562 vears. Although depressed by the horrors of
334 3516 1225 3570 tists and novelists delight in making vulgar.
2213 3540 3119 3604 the European catastrophe, he is nevertheless
386 3559 1260 3625 Whether it is in his Anatol,“ a serics of
2212 3591 3126 3648 optimistic as to the outcome of the war,
325 3599 1266 3670 dramatic episodes of love alfairs, written in
2201 3636 3132 3700 believing that the universal peace movement
343 3660 1270 3703 the beginning of his carcer in 1880, but not
2206 3685 2906 3755 will in time make war impossible.
325 3713 1901 3772 Produced until a few vears ago (given here Por, Vienna Arlhur Schuilsler
2533 3750 2579 3835 —
2470 3821 2715 3918 7000
670 3819 1499 3967 P
2367 3911 2782 4021 4 # 4
2785 3937 3054 4044 Get
2895 4042 2943 4128 822
2759 4040 2817 4122 98
