3392 4352
816 282 1291 401 box 37/6
121 279 720 407 2. Cuttings
2613 406 2982 532 Teiephon 12.801
2131 432 2876 680 „OBSEROER
2033 631 3006 776 I. österr. behördl. konz. Unternahmen für Zeitungs.
2380 723 2664 784 Ausschnitte
2191 738 2861 858 Wien, I. Concordiaplatz 4.
2375 815 2683 882 Vertretungen
2037 817 3020 935 in Berlin, Basel, Budapest, Chicago, Cleveland,
2035 868 3016 960 Christiania, Genf, Kopenhagen, London Madrid,
2030 921 3016 998 Mailand, Minneapolis, New-Vork, Paris, Rom, San
2032 946 3005 1054 Prancisco, Stockholm, St. Petersburg, Toronto.
2253 1006 2783 1078 (Quellenangabe ohne Gewähr.)
2432 1033 3012 1141 REICHSPOST, WIEN
2015 1037 2452 1156 Ausschnitt aus:
2253 1135 2564 1241 20406 7375
2031 1149 2214 1233 vom:
2699 1257 2822 1344 S
86 1256 223 1362 —
85 1388 2944 1444 lich genau so entwickelt, mus, voller Witz und Lustigkeit; aber es ist eine auf¬ am Tage der Kriegserklärung Italiens und am Tage
1758 1426 2941 1518 des Saisonschlusses — Schönherrs „Weibsteufel“ auf.
99 1437 1763 1515 aris der Fünfzigerjahre bauende Kritik und hinter den Spässen lebt tiefste Sitt¬
89 1496 1774 1558 atierte. Er meint, es lichkeit. Beide Dichter glauben an Ideale und sie lassen
595 1544 1768 1617 es nicht die Ideale vergelten, wenn Menschen sie schlecht
93 1542 612 1625 tz= und Trutzbündnis
1847 1545 2953 1642 An dem Verfall des Theaters der letzten Jahrzehnte
167 1601 1764 1666 die das Theater vertreten. Die ganz große Bühnenkunst zeigt Leiden¬
1772 1609 2945 1690 sind auch viele Gutmeinende mitschuldig. Mitschuldig,
99 1625 1770 1720 Misere großzügig an= schaften; aber sie zeigt auch Gnaden und Helden; sie
1763 1666 2953 1741 weil sie ihre Proteste gegen die Entartung in der
94 1698 1761 1784 oßen Dichter würden malt die Wollust, aber sie malt den Teufel dazu; sie spot¬
1762 1727 2953 1809 Herzenskammer verschlossen, oder auf das Räsonieren
113 1760 1759 1820 von der Bretterwelt tet, aber nicht um Gesellschaftseinrichtungen und =werte
1768 1778 2952 1845 am Stammtisch beschränkten. Das Theater hätte nicht
165 1807 1769 1870 Aufrichtigkeit, die niederzureißen, sondern um fehlende Einzelmenschen zu
99 1814 178 1885 er
1761 1838 2955 1903 so undeutsch und unchristlich werden können, wenn es
179 1864 1769 1953 Hellsehen in die bessern. Ueber ihrer Erde wölbt sich der Himmel; ihren
89 1863 202 1927 m
1758 1888 2955 1960 nicht so viel praktische Gleichgültigkeit und Indolenz
206 1917 1765 2003 sagt Heine, — Rätselpeinen und Erdennöten strahlt die Sonne gött¬
97 1920 218 1990 ist,
1767 1938 2961 2021 bei den Deutschen und Christen gegeben hätte. Wie viele
610 1966 1532 2047 licher Wahrheit und göttlicher Erbarmung.
92 1965 605 2049 terer Theaterdirektoren,
1769 1983 2957 2058 unserer Theaterbesucher haben es gemacht, wie 1909
108 2033 610 2103 späterer Stückeschreiber
1769 2052 2945 2113 Präsident Taft in Washington, der, als auf der Bühne
98 2068 621 2157 kann man es den kleinen
686 2068 1764 2165 Brachte nicht der Ernst der Kriegszeit eine Aen¬
1756 2095 2957 2166 einige stark naturalistische Szenen aufgeführt worden
104 2140 603 2216 sich gegen die Invasion
603 2139 1763 2227 derung und Besserung im Theaterbetrieb, eine Annähe¬
1760 2153 2954 2227 waren, nach dem ersten Akte eines Schauspiels demon¬
105 2185 607 2263 öglich wehren. Was
1770 2208 2957 2290 strativ seine Loge verließ? Wie viele haben es gemacht
605 2205 1754 2282 rung zum Ideal? Wurde bei der allgemeinen Mobil¬
103 2232 605 2317 bleibt in eurer Lite¬
1763 2263 2944 2324 wie die deutsche Kaiserin, die um die gleiche Zeit ihre
597 2263 1760 2329 machung nicht auch das Theater mobil.gemacht im Inter¬
125 2291 606 2372 zu unseren Suppen¬
604 2326 1767 2386 esse der Reinigung, der Hebung, der Weckung des Volks¬
1764 2322 2951 2392 sittliche Entrüstung über eine Opernszene offen kund¬
99 2364 1766 2425 hm, für uns das willens zum großen Kampf für die Heimat? Wurde
1765 2366 2950 2443 gab? Wie viele Gutmeinende haben, mit Gleichge¬
97 2397 616 2476 tikel der Bewunderung,
599 2422 1765 2488 nicht die Welt der Kunstschönheit herangezogen zur
1770 2402 2950 2491 sinnten vereint und Vereinsorganisationen aufbietend,
112 2460 617 2536 ehöhere Kritik, die uns
605 2465 1771 2545 Unterstützung von Kanzel und Katheder, herangezogen
1771 2475 2948 2554 durch Forderung bestimmter Stücke gegen Garantie
89 2508 612 2597 ir euch der Lorbeer, für
610 2523 1761 2595 zur Entflammung des Volkes für Kaiser und Vaterland,
1765 2536 2945 2607 einer bestimmten Besucherzahl, Einfluß auf die
89 2567 619 2637 Rausch der Poesie, für
608 2581 1764 2655 für Opferdienst und Seelenstärke? Klang's nun nicht aus
1767 2572 2947 2654 Theaterspielpläne zu nehmen gesucht? Wie viele
94 2606 610 2691 ers, den wir vergnüglich
604 2640 1774 2700 allen Theaterstücken: Nichtswürdig ist die Nation, die
1763 2633 2953 2704 Adelige haben darauf jedrungen, daß den Begriffen
97 2669 613 2753 fs der Claqueure und
604 2678 1770 2750 nicht ihr Alles setzt an ihre Ehre“ — „Das Leben ist der
1771 2684 2952 2766 Adel und Ehre nicht nur in Schloß und Gesellschaft,
104 2728 603 2796 essen, trinken, werden
606 2739 1772 2813 Güter höchstes nicht, der Uebel größtes aber ist die
1767 2739 2955 2827 sondern auch in der Welt des Theaters Achtung eni¬
89 2782 613 2849 gessen, während ihr in
615 2790 1767 2855 Schuld“? Wurde nun auf der Bühne die Kultur der
1776 2790 2948 2871 gegengebracht werde? Wie viele Christen haben bedacht,
99 2834 608 2914 kiert werdet und der
611 2842 1774 2919 Wahrheit und Freiheit, des höheren Geisteslebens und
1773 2847 2949 2928 daß das Christentum nicht nur eine Sache für Kirche
99 2894 333 2974 hungert.“
600 2891 1763 2963 der höheren Rechtsordnung, in deren Namen die Söhne
1774 2906 2951 2972 und Sakristei, sondern ein Programm und eine Forde¬
611 2946 1771 3020 der Heimat an die Front zogen, dem Feinde, dem Tode
1770 2954 2951 3028 rung für alle Lebensgebiete, auch für die Bühnenwelt
603 3010 1770 3075 entgegen — wurde diese Kultur auf den Bühnen des
1776 3013 2953 3087 sei? Wie viele Steuerzahler haben die Inkonsequenz
97 2993 610 3093 elendes der letzten Jahr¬
609 3043 1772 3132 Hinterlandes entsprechend repräsentiert? Wurde nun
1767 3062 2954 3132 erwogen, die darin liegt, Riesensummen zur Ausbil¬
98 3061 614 3149 #uß man sich vergegen¬
606 3110 1762 3177 auch im Theater jener Gott gepriesen, in dessen Kathe¬
1770 3107 2954 3179 dung von Geistlichen und Lehrern, zum Unterhalt von
97 3121 606 3199 und neuer Menschheits¬
608 3154 1767 3231 dralen und Kirchen ein gramgebeugtes, ein hilfeheischen¬
1760 3165 2940 3250 Kirchen und Schulen für die Erziehung des Volkes aus¬
83 3176 614 3256 raussetzungen und An¬
607 3215 1767 3290 des Volk sich drängte? Wurden nun auf der Bühne die
1771 3212 2948 3297 zuwerfen und gleichzeitig zu gestatten, daß ein paar
101 3222 614 3302 hes ihre Ideale von
613 3263 1771 3339 Heldengestalten der Geschichte lebendig, wurden die
1767 3275 2947 3350 literarische Handelsleute sich aus dem Zerstampfen der
102 3280 612 3355 m siebenten Buch der
617 3322 1770 3388 Heroen der Vergangenheit zu Sprechern und Führern
1774 3323 2955 3399 Früchte von Schule und Kirche ein einträgliches Ge¬
112 3329 614 3410 von Tragödiendichtern,
603 3370 1766 3449 der Gegenwart? Erklang nun der Sang von der Hei¬
1769 3372 2957 3453 schäft machen? Wie viele gutmeinende Staatsmänner
99 3395 606 3457 um die Erlaubnis, ihre
606 3420 1765 3495 mat auf der Bühne, der Sang von der Heimat mit jener
1778 3422 2951 3509 haben angesichts der frechen Anarchismen auf den Büh¬
105 3433 611 3521 bitten. Plato läßt den
606 3472 1772 3556 Zärtlichkeit, Inbrunst und Opferwilligkeit, aus der
1772 3474 2952 3551 nen an das unheimliche Bild sich erinnert, mit dem
96 3486 623 3560 häupter die Antwort
610 3521 1773 3599 ein Garczynski schwur: „So lange diese Hand
1768 3527 2951 3601 Taine die Macht und den Weg umstürzender Gedanken
101 3550 614 3619 eines Dramas, insofern
601 3569 1764 3652 nicht erstarrt, soll diese Hand dem Vaterland
1774 3588 2948 3662 schildert: Im ersten Stock des Hauses sind die Gedanken
100 3596 613 3675 Nachahmung des schön¬
605 3633 1771 3711 gehören. So lange der Gedanke nicht stirbt,
1764 3641 2952 3722 bloß Abendbeleuchtungen, Salonfunken, bengalische
100 3640 616 3723 Den gleichen Zweck muß
609 3695 1733 3761 soll er ihm geweiht sein. Gott, Du verlangst Opfer —
1772 3673 2952 3765 Feuer, mit denen man spielt und die man lachend aus
93 3708 613 3787 en. Wähnt daher nicht,
617 3733 1772 3820 meinen Geist will ich zum Opfer geben, mein jetziges
1780 3734 2957 3819 dem Fenster wirft. Aber in den Wohnungen und Ge¬
99 3764 612 3829 atten, eure Schaubühne
617 3793 1776 3863 und zukünftiges Leben. Ich will wie das Volk in der
1770 3796 2947 3882 schäftsräumen des Erdgeschosses stecken die Funken alte
132 3814 617 3885 Vorher muß die zu¬
615 3846 1778 3915 Wüste hungeri, wenn nur damit dem Vaterlande ge¬
1769 3841 2949 3925 Stoffe in Brand — und im Keller ist ein großes
101 3854 614 3942 ihr Schickliches gedichtet
605 3887 1775 3962 holfen werden kann. Jeder Gedanke soll fromm sein
1764 3900 2959 3977 Pulverlager...? Wie viele Schönheitsdürstige, nach
107 3910 617 3997 Bestrebungen in euren
614 3947 1770 4018 wie eine Hymne, meine Zunge soll den Lippen Worte
1777 3957 2954 4039 künstlerischer Erbauung sich Sehnende, haben laut und
168 3961 613 4050 unserer Staatsver¬
609 4001 1783 4074 Deines ewigen Lobes reichen, in Gebeten will ich die
1776 4004 2946 4085 unablässig gegen das Aufrichten von Lazaretten und
166 4022 612 4102 und der ganze
606 4060 1777 4125 Nächte durchweinen, die Tage in Qualen zubringen, nur
1770 4046 2951 4136 Spelunken auf der Bühne protestiert; wie viele haben
137 4066 612 4145 sein, wenn wir eure
621 4105 1777 4177 möge mein Land befreit sein ...“ War nun auf der
1782 4105 2959 4195 sich geweigert, mit dem Trost eines Richard Dehmel sich
166 4124 619 4204 zum Geiste unserer
88 4127 175 4204 5
102 4158 1784 4224 stateles erklärt in seiner] Bühne ein Triumphieren über die Siege der echten
1772 4166 2963 4230 ahzufinden: Wer die gemeinsame Andacht einer zur
