3344 4352
1377 129 1920 219 e
190 193 1365 260 uns der Schaum des Champagners, den wir vergnüglich
1373 197 2518 269 allen Theaterstücken: Nichtswürdig ist die Nation, die
199 238 1365 322 schlürfen in Gesellschaft des Chefs der Claqueure und
1367 254 2506 320 nicht ihr Alles setzt an ihre Ehre“ — „Das Leben ist der
201 280 1361 380 der anständigsten Damen. Wir essen, trinken, werden
1361 304 2521 374 Güter höchstes nicht, der Uebel größtes aber ist die
192 342 1365 425 applaudiert, ausgepfiffen und vergessen, während ihr in
1368 363 2518 422 Schuld“? Wurde nun auf der Bühne die Kultur der
198 412 2517 507 den Revuen beider Welten gefeiert werdet und der Wahrheit und Freiheit, des höheren Geisteslebens und
203 448 1087 523 erhabenen Unsierblichkeit entgegenhungert.“
1351 451 2523 525 der höheren Rechtsordnung, in deren Namen die Söhne
1363 517 2523 587 der Heimat an die Front zogen, dem Feinde, dem Tode
1370 563 2513 634 entgegen — wurde diese Kultur auf den Bühnen des
290 547 1363 653 Um sich des ganzen Theaterelendes der letzten Jahr¬
1367 616 2517 677 Hinterlandes entsprechend repräsentiert? Wurde nun
188 632 1357 721 zehnte bewußt zu werden, muß man sich vergegen¬
1364 662 2516 736 auch im Theater jener Gott gepriesen, in dessen Kathe¬
196 682 1365 767 wärtigen, was Führer alter und neuer Menschheits¬
1371 716 2517 784 dralen und Kirchen ein gramgebeugtes, ein hilfeheischen¬
207 732 1367 820 kultur an die Bühne für Voraussetzungen und An¬
1364 772 2512 841 des Volk sich drängte? Wurden nun auf der Bühne die
204 774 1372 878 sprüche geknüpft haben, welches ihre Ideale von
196 823 2526 921 dramatischer Kunst waren. Im siebenten Buch der Heldengestalten der Geschichte lebendig, wurden die
1369 879 2523 943 Heroen der Vergangenheit zu Sprechern und Führern
202 890 1371 971 „Gesetze“ von Plato ist die Rede von Tragödiendichtern,
1363 926 2517 1000 der Gegenwart? Erklang nun der Sang von der Hei¬
191 940 1365 1002 die in eine Stadt kommen und um die Erlaubnis, ihre
1379 977 2518 1052 mat auf der Bühne, der Sang von der Heimat mit jener
197 993 1366 1088 Dramen aufführen zu dürfen, bitten. Plato läßt den
1374 1031 2517 1102 Zärtlichkeit, Inbrunst und Opfertoilligkeit, aus der
195 1043 1366 1140 Ansuchenden durch die Stadhäupter die Antwort
1373 1068 2521 1163 ein Garczynski schwur: „So lange diese Hand
186 1103 1369 1197 werden: Wir selbst sind Dichter eines Dramas, insofern
1374 1138 2519 1215 nicht erstarrt, soll diese Hand dem Vaterland
203 1156 1365 1228 unsere Staatsverfassung in der Nachahmung des schön¬
1370 1194 2519 1257 gehören. So lange der Gedanke nicht stirbt,
203 1198 1369 1284 sten und besten Lebens besteht. Den gleichen Zweck muß
1380 1228 2484 1316 soll er ihm geweiht sein. Gott, Du verlangst Opfer —
194 1275 1366 1337 das wahrhafte Drama verfolgen. Wähnt daher nicht,
1379 1287 2527 1365 meinen Geist will ich zum Opfer geben, mein jetziges
202 1318 1371 1398 daß wir euch ohne weiteres gestatten, eure Schaubühne
1366 1345 2528 1413 und zukünftiges Leben. Ich will wie das Volk in der
188 1369 1366 1440 auf unserem Markt aufzuschlagen. Vorher muß die zu¬
1375 1391 2502 1461 Wüste hungern, wenn nur damit dem Vaterlande ge¬
198 1419 1370 1492 ständige Behörde prüfen, ob ihr Schickliches gedichtet
1365 1453 2528 1516 holfen werden kann. Jeder Gedanke soll fromm sein
186 1467 1370 1560 habt, ob die Ziele und Bestrebungen in euren
1367 1501 2524 1583 wie eine Hymne, meine Zunge soll den Lippen Worte
192 1531 1367 1622 Werken mit den Tendenzen unserer Staatsver¬
1374 1559 2528 1625 Deines ewigen Lobes reichen, in Gebeten will ich die
194 1568 1372 1663 fassung übereinstimmen. Wir und der ganze
1371 1608 2528 1671 Nächte durchweinen, die Tage in Qualen zubringen, nur
199 1623 1374 1707 Staat müßten völlig von Sinnen sein, wenn wir eure
1382 1663 2525 1730 möge mein Land befreit sein ...“ War nun auf der
200 1686 1369 1769 Schauspieler etwa Gegensätzliches zum Geiste unserer
1375 1710 2526 1788 Bühne ein Triumphieren über die Siege der echten
202 1742 1367 1818 Einrichtungen reden ließen. Aristoteles erklärt in seiner
1369 1753 2526 1830 Kultur, ein tröstendes, befreiendes Mitweinen mit
199 1785 1371 1865 „Politik“, das Aufführen und Beobachten unsittlicher
1378 1816 2526 1902 den leidtragenden Opfern des Krieges? Raunte es nun
199 1838 1372 1915 Bühnendarstellungen müsse aus dem Staate verbannt
1374 1871 2522 1948 auch im Theater: „Jedwede stille Minute mahnt's:
190 1914 1370 1992 sein. Die Gesetzgeber müßten überhaupt, wenn irgend
1372 1924 2523 1991 Menschen sind jetzt in Not; jede stille Minute ahnt's:
193 1952 1369 2027 etwas, so schändliches Gerede aus dem Staat verbannen,
1378 1991 2534 2047 Brüder schlägt man dir tot. Nichts denken, als dies und
188 2002 1375 2097 weil bei leichtfertigen Reden auch schlechte Handlungen
1374 2033 2533 2098 immer dies: Menschen in Not, Brüder dir tot, Krieg ist
198 2058 1374 2147 nahelägen. Im Mittelalter bekunden Thomas von Aquin
1380 2082 2529 2152 im Land ...?“ Sind angesichts des Krachens einer
201 2123 1366 2186 und Bonaventura viel Verständnis für das Theater.
1382 2131 2524 2206 Welt, angesichts des großen Sterbens, ange¬
200 2168 1374 2244 Sie lassen auch Stücke bloß unterhaltenden Charasters
1381 2186 2529 2266 sichts der Leichenfelder und der zertrümmerten
198 2214 1377 2303 gelten. Ludus est necessarius ad conversationem
1375 2240 2529 2312 Städte, der obdachlos gewordenen Bevölkerungs¬
635 2272 1367 2335 Das Spiel hat notwendige
201 2274 651 2362 vitae humange.
1369 2291 2535 2366 massen und der verkrüppelten Brüder die geist¬
194 2332 1369 2396 Berechtigung im täglichen Leben sagt ersterer;
1384 2342 2529 2418 losen Phrasendrescher und Witzmacher von der
192 2368 1373 2464 letzterer meint, Erhebung und Erfreuung finde der
1384 2401 2527 2481 Bühne verschwunden? Hat man auf der Bühne die
201 2440 1370 2508 Mensch im Theater. Aber bei beiden ist Voraussetzung,
1371 2462 2527 2527 großen Opfer und Leiden der Zeit geachtet? Hat die
189 2495 1375 2573 daß der Geist des Spiels im Einklang mit den sozial¬
1371 2502 2532 2586 große Zeit die große Kunst auf den Theatern erstehen
192 2531 1372 2632 ethischen Gedanken des Christentums stehe. In Paris
1375 2553 2526 2630 lassen? — Als einst griechische Kultur schon im Nieder¬
196 2590 1367 2670 gab es gegen Ende des 17. Jahrhunderts einen Theologen¬
1373 2621 2533 2696 gang begriffen war, schrieb Aristophanes sein Lustspiel
206 2659 1380 2725 kampf wegen der Bühne. Leibniz verteidigte damals die
1376 2668 2524 2743 „Die Frösche“, welches das Thema „Theater in der
194 2694 1372 2769 Theaterkünstler in einem Epigramm, in den es heißt: „Wißt
1381 2710 2532 2792 Kriegszeit“ behandelt. Athen ist wieder einmal in Ge¬
202 2755 1377 2844 ihr wohl, daß in unserem Jahrhundert ein Moliere so gut
1373 2783 2541 2862 fahr, vom Feinde bedroht. Was soll in solcher Zeit
191 2804 1373 2891 wie ihr Theologen die Menschen erbauen darf? Das
1402 2827 2527 2901 — das ist der Inhalt der Komödie — den Athenern auf
199 2851 1368 2934 Laster fühlt den scharfen Spott des Dichters und geht in sich.
1374 2880 2529 2947 der Bühne geboten werden, den Athenern, an die der
209 2914 1373 2989 Um Frankreich zu reformieren, braucht man entweder
1388 2935 2536 3002 Appell zur Rettung der Heimat ergeht? Nichtigkeiten
204 2965 1367 3046 die Komödie oder die Dragonaden.“ Es ist offenkundig, daß
1379 2976 2544 3060 der Gegenwart kommen nicht in Betracht, nur Klassiker
208 3017 1374 3105 hier idealistische Dramatik verteidigt wird. Friedrich
1373 3040 2548 3102 der Vergangenheit. Es wird eine Deputation in die
203 3064 1378 3145 Schiller äußert sich in einer weltbekannten Abhandlung
1382 3095 2539 3165 Unterwelt geschickt, die sich bei der Frage: wen sollen
197 3117 1377 3214 absällig über ein Schauspiel, das nur Zeitvertreib ist,
1383 3141 2548 3220 wir mitnehmen? schließlich vor der Wahl: Aeschylus
204 3177 1376 3257 nur dazu dient, die Langeweile zu beleben, unfreundliche
1386 3191 2555 3267 oder Euripides findet. Aeschylus ist der Sänger der
209 3241 1375 3311 Winternächte zu betrügen. Die Kunst müsse, zumal in
1375 3244 2550 3334 Götter und Helden, der Frömmigkeit und Tapferkeit;
203 3277 1380 3366 großer Zeit, einen höheren Flug versuchen, solle sie nicht
1386 3305 2561 3383 Euripides der hochbegabte, wortgewandte Künder süßer
211 3351 1377 3416 von der Bühne des Lebens beschämt werden. Seine
1385 3362 2557 3439 menschlicher Triebe und Leidenschaften. Die Deputation
211 3394 1383 3480 Forderung, sein Ideal ist ein Schauspiel, das den
1376 3412 2557 3500 entscheidet sich für Aeschylus; er allein scheint würdig
204 3450 1379 3532 Menschen richtigere Begriffe, gelänterte Grundsätze,
1744 3465 2558 3541 inster Zeit als Dichter und Künstler
1381 3479 1605 3542 und ber###
203 3505 1380 3587 reinere Gefühle vermittelt, das Irrin edeu Erziehung
1613 3499 2544 3600 then zu sprechen. — Moderne Theater¬
1374 3534 1496 3593 zum
1221 3554 1383 3622 nichen
204 3560 1188 3634 bekämpft, den Erfindungsgeist anregt, #iche,
1377 3542 2557 3645 dirhoben sich in blutigster Zeit ganz und gar
201 3601 1382 3680 durch Aufzeigen einer Idealwelt über den nu 1 der
1390 3613 2553 3710 zur Höhe spätgriechischen, aristophaneischen Kul¬
212 3676 835 3756 wirklichen Welt hinweghilft.
1378 3672 2559 3748 fürgeistes. Es blieben der Mehrzahl nach die alten,
1386 3734 2519 3807 faden, faulen, frechen Stücke auf ihrem Spielplan —
290 3721 1377 3812 Die ganz große Bühnenkunst aller Zeiten stand
1381 3792 2555 3854 zum Aergernis aller Patrioten, zum Verdruß der Ver¬
208 3779 1377 3866 immer im Zeichen solcher Forderungen und Ideale. Ein
1370 3852 2556 3901 bündeten, zum Spott des Auslandes, zum Ergötzen der
201 3843 1379 3916 Aeschylus, Calderon, Lope de Vega, Schiller, Richard
1378 3874 2550 3959 gewissen Gesellschaftsschicht, welcher der Krieg nur eine
210 3910 1381 3980 Wagner reden wie Priester und Propheten. Sophokles,
1386 3932 2555 4008 interessante, die Nerven reizende Abwechslung und im
196 3951 1382 4027 Shakespeare, Racine und Goethe zeigen den Menschen in
1383 3965 2558 4064 übrigen eine ausgezeichnete geschäftliche Konjunktur ist.
194 3996 1383 4074 all seinen Schwächen, aber noch mehr in all seiner
1381 4046 2542 4115 Ein einziges Beispiel: Das k.=k. Burgtheater in Wien
205 4050 1380 4122 Größe und in all seinen Pflichten. Aristophanes und
193 4088 2570 4179 Moliere sind scharfe Kritiker, voller Spott und Sarkas= führte an den ernstesten Tagen der Karpathenschlacht,
2075 4177 2196 4238 —
2523 203 3238 270 Adelige haben darauf gedrungen,
2520 255 3264 327 Adel und Ehre nicht nur in Schl
2517 301 3272 388 sondern auch in der Welt des The
2518 358 3267 434 gegengebracht werde? Wie viele Ch
2516 408 3280 480 daß das Christentum nicht nur ei
2520 465 3269 542 und Sakristei, sondern ein Prograf
2519 523 3259 586 rung für alle Lebensgebiete, auch
2525 572 3269 651 sei? Wie viele Steuerzahler hab
2526 612 3287 698 erwogen, die darin liegt, Riesenst
2528 688 3265 740 dung von Geistlichen und Lehrern,
2525 726 3286 801 Kirchen und Schulen für die Erziehn
2522 786 3274 845 zwerfen und gleichzeitig zu gestait
2524 837 3276 895 literarische Handelsleute sich aus d4
2533 890 3288 950 Früchte von Schule und Kirche ein
2536 939 3279 1013 schäft machen? Wie viele gutmein
2522 994 3277 1061 haben angesichts der frechen Anarch
2524 1040 3285 1105 nen an das unheimliche Bild sich
2528 1087 3283 1174 Taine die Macht und den Weg um
2522 1144 3289 1219 schildert: Im ersten Stock des Hause
2525 1203 3274 1274 bloß Abendbeleuchtungen, Salon
2527 1246 3285 1326 Feuer, mit denen man spielt und d
2534 1304 3292 1376 dem Fenster wirft. Aber in den #
2526 1359 3288 1438 schäftsräumen des Erdgeschosses stech
2524 1408 3293 1490 Stoffe in Brand — und im Kelle
2529 1464 3281 1539 Pulverlager...? Wie viele Schön
2527 1511 3282 1597 künstlerischer Erbauung sich Sehnen
2530 1576 3288 1641 unablässig gegen das Aufrichten vo
2531 1635 3289 1689 Spelunken auf der Bühne protestiel
2540 1679 3284 1755 sich geweigert, mit dem Trost eines
2532 1733 3275 1800 abzufinden: „Wer die gemeinsame
2530 1779 3294 1870 höchsten Geistespflege versammelt
2526 1826 3287 1907 möchte, oder auch nur das erheben
2533 1890 3282 1957 schenwürdiger Körperhaltung: der
2538 1929 3298 2006 das Theater, sondern in den Köln
2533 1990 3294 2064 besser in eine Dorfkirche, selbst w#
2540 2059 3289 2111 Gottheit mehr glaubt. Ohne Spott:
2532 2088 3293 2163 ist heute das einzige Surrogat für d
2529 2151 3276 2221 monie, die einst aus Spießbürgern
2536 2204 3254 2285 Stalljunkern Herren der Welt
2539 2253 3241 2333 Hoffen wir auf die Ergebnisse
2534 2311 3272 2376 Tausende sind im Schützengraben,
2534 2365 3286 2438 täglicher Entbehrung, aus Spieler
2537 2409 3292 2499 Kurzsichtigen geistig Reife und An
2530 2474 3288 2535 den. Die werden, heimgekehrt, au
2530 2522 3288 2593 Ideen nicht mehr verhöhnen lassen,
2542 2578 3291 2642 aufleuchteten und die ihnen Schutz
2533 2625 3296 2693 wurden. Tausende, durch den Anbl
2532 2673 3302 2751 und Trümmerstätten, der ruinier#
2537 2735 3296 2805 der weinenden Waisen im Innersten
2539 2794 3294 2866 geweckt, werden nicht ruhen, bis au
2537 2839 3277 2909 wieder zu jenen Idealen bekennt,
2538 2895 3296 2959 so viele Opfer verlangte, und deren
2535 2952 3296 3043 Segen des Himmels auf die Heimat
