3344 4352
306 161 1615 216 Treumann als Oppenheimer bildeten nicht bloß die Abend-, —
309 201 1553 259 sondern auch die Tagesunterhaltung der Wiener Gesellschaft die
303 247 1559 310 sich im Cail=Theater ihr Stelldichein gab. Nicht mindere
314 306 1555 386 Repertoire=,Schlager“ aber waren in der Nestroy=Scholz=Zeit des
329 349 573 406 Ml. Voze
977 354 1224 407 ——
290 386 1572 488 Beimärz die zot guz und ger „unschnlogen“ Ginater
286 463 1558 539 Nestroys; „Tratschmirl“ und „Herüber — Hinüber“ gewesen,
364 505 1563 583 deren letzterer nun gleichfalls von der „Volksbühne“ in der
287 540 930 622 Neubaugasse hervorgeholt wird
1013 558 1569 630 sie füllten mit ihrer halb¬
293 602 1560 698 stüneigen Wirksamkeit das alte „Leopoldstädter Theater“ wie die
296 641 865 723 ausgewachsensten Kasseustücke.
412 703 1549 785 Daß nun gerade die „Volksbühne“ diesen bemerkenswertes
292 748 1558 833 Wiederverwendungsversuch macht und direkteste Anknüpfung an dan
289 792 1554 865 Wienertum, ja an das Altwienertum sogar, zu bewerkstelligen
279 841 1551 925 trachtet, will mir stark symptomatisch erscheinen Und zwar keineswegs
288 884 1547 980 überraschend etwa, sondern als etwas ganz natürlich Erklärbares
285 933 1551 1026 und aus dem klugen und richtigen Ermessen der Ergebnisse dieser
282 985 1542 1079 großen Zeit Herzuleitendes. Dieses Wien soll allmählich denn doch
272 1022 1547 1134 zu dem, allzulange recht mangelhaft gewesenen, Volksbewußtsein
272 1077 1529 1165 seiner Kraft, seines Inhalts und seiner Bedeutung gelangen —
282 1125 1549 1209 es erkauft das Recht dazu seit anderthalb Jahren wahrhaftig mit
284 1170 1535 1264 einem Opferaufwand sondergleichen. Das Wiener Volkstum begehrt.
274 1223 1575 1308 seinen Geltungsplatz einzunehmen auf allen Gebieten des geistigen 3
283 1272 1543 1343 und materiellen Wettbetriebes der Nationen — in dem Kampf
275 1318 1535 1402 für die „Wiener Mode“ verlebendigt sich das wenigstens kräftig
276 1368 1533 1448 genug — also auch auf dem Theater. Auf der Musikbühne ist das
277 1423 1538 1498 zu guten Stücken wohl seit mehr als einem Vierteljahrhundert
268 1456 1540 1541 schon erreicht worden, das Wiener Singspiel — was ja doch die
270 1509 1536 1575 zulässige Verdeutschung von „Operette“ ist — hat die Herrschaft
274 1555 1549 1645 in dem bezüglichen internationalen Repertoire errungen, es wurde
263 1593 1528 1685 allüberall bis zum Weltkrieg hin gesungen und getanzt, wie es
1619 1624 2778 1699 Wie jener mythologische König, der sich in Menschenblut¬
273 1651 1523 1739 ihnen von Wien aus vorgepfiffen wurde und das wird auch durch
1520 1649 2774 1765 bädern jung zu baden gedachte, taucht das Wiener Selbstbewußtsein
261 1698 1522 1785 den Krieg kaum eine Unterbrechung in die Jahrzehnte hinein
1525 1717 2763 1783 aus den grausigen Blutbädern dieses ungeheuerlichen Krieges ge¬
260 1746 1526 1838 erfahren. Auf der „Sprechbühne“ aber ist das Wiener
1526 1764 2771 1848 stärkt und verjüngt empor. Es lagert seinen ganzen Platz an der
271 1799 1510 1881 Volkstum seit einem halben Jahrhundert nicht nur nicht in ge¬
1519 1814 2763 1895 Sonne — und auch am Rampenlichte des Theaters. Mit richtigem
269 1848 1525 1927 steigertem Maße zu Wort gekommen, es hat in Wien selbst immer
1524 1857 2762 1948 Blick und kennzeichnendem Worte hat das der künstlerische Leiter
272 1893 2760 1999 mehr an Raum eingebüßt, es ist auf den einstigen Stätten seines des Burgtheaters in seiner kürzlich schon besprochenen Absicht aus¬
262 1944 1522 2021 Geltungsgebietes immer weiter zurückgedrängt worden, und wo sich
1520 1959 2774 2057 gedrückt, „der Saison eine Wiener Note geben zu wollen“ Mit
264 1990 1512 2070 ihm eine neue Stätte aufzutun schien, da ist sie ihm oft genug
1511 2003 2759 2083 dem klassischen Edelbegriff des dichterischen Wienertums,
261 2021 1527 2107 unter der Hand wieder entwunden, das gesprochene Wort von
1516 2051 2757 2141 mit Grillparzer, wird zunächst daran gegangen.
261 2082 1043 2166 der Musik übertönt und erstickt worden.
1496 2089 2759 2166 Der angekündigte Grillparzer=Zyklus wird im Dezember
1505 2147 2764 2236 mit dem „dualistischen", „österreichisch=ungarischen“ Drama „Ein
375 2146 2770 2293 Man sage nicht, daß der Sinn für das „Volksstück“ selbst treuer Diener seines Herrn“, in finniger Bezugnahme auf den
266 2173 2754 2285 in seinen höchsten Aufstutungen bis zum Volkstrauerspiel hinauf Zeupunkt. begonnen Und Herr Thimig ist kein geborner, wenn
262 2246 2756 2374 den Wienern abhandengekommen sei. In den letzten Tagen gerade auch ein durch und durch und mit allen Poren eingelebter Wiener
266 2289 2763 2420 habe ich zufällig Gelegenheit gehabt, auf verschiedenen Bühnen Und der Direktor der Volksbühne, Dr. Rundt, ist ein Nord¬
262 2339 2759 2460 zwei derartige Stücke zu sehen, die durch ihre vielmaligen Auf- deutscher, und auch er diagnostiziert mit kundigem Sinn die ge¬
257 2394 2755 2517 führungen in Wien schon als „abgespielt" bezeichnet werden botene Richtlinie heraus, dem Repertoire einen „Wiener Ein¬
254 2435 1507 2515 dürfen: das waien Schönherrs „Glaube und Heimat“ in
1502 2479 2755 2546 schlag“ zu geben, wie es einer „Volksbühne“, die ja doch vor
253 2478 2748 2611 der markigen, frischlebigen Darstellung des Deutschen dem Wiener Volke aufgeschlagen ist, wohl passen mag. Und
253 2546 2755 2672 Volkstheaters und Gerhart Hauptmannsgdarum soll mir denn dieser Altwiener=Abend in der Neubau=
257 2605 2753 2714 „Rose Berndt“ mit dem erschütternden Spiel der Niese, die mit sgasse als symptomatisch für eine richtige Fühlung des Zeiterforder¬
255 2632 1508 2705 dem elementaren Ausbruche des Seelenjammers, mit ihrem wilden
1501 2671 1838 2750 nisses erscheinen.
255 2681 1494 2766 Naturschrei den einst so berühmt gewesenen „Wolter=Schrei“
327 2725 1491 2806 das „hohe C“ des Trauerspiels, wie man diesen nannte —
254 2780 1511 2861 an Echtheit und Wahrheit übertrifft. Die beiden „abgespielten“
256 2815 1519 2905 Volksdramen in Wien, wie ich mit Genugtuung den ungeschwächten
252 2867 1515 2952 Bann auf das Publikum, das sich in „Rose Berndt“ den
242 2916 1524 2999 schlesischen Dialektanklang, in „Glaube und Heimat“ den Hervor¬
250 2968 1521 3035 klang des Tirolischen wohlgefallen ließ. Und die neueste Lebens¬
250 3014 1521 3079 beweiskraft des „Volksstückes“ auf einem Gehiete selbst, das ihm
236 3061 1512 3143 durch seine Rangstellung entrückt zu sein scheint, Schönherrs
246 3116 1509 3200 „Weibsteusel“ im Burgtheater, kleidet sich ins Bayerische.
239 3149 1511 3219 Anzengruber selbst, dessen „G’wissenswurm“ soeben im
241 3199 1513 3287 Burgtheater wieder vorgenommen wird trägt ja nicht die Wiener
241 3258 1516 3326 Marke, die ven allen Stücken des Dichters nur „Das vierte
238 3299 1514 3403 Gebot“ in scharfer Anschaulichkeit trägt. Mit einer förmlichen
244 3354 1513 3435 Scheu wird dem Wienertum im Volsstück gerade ausgewichen,
234 3400 1512 3459 ein völliges Vorurteil herrscht dagegen, Wien zum Schauplatz
238 3443 1510 3526 und die Wiener Sprache zum Grundton solcher Stücke zu
239 3505 1502 3581 machen — Direktoren und Theaterverleger begegnen solchen
235 3557 1498 3620 Wiener Sachen mit einem unbehaglichen Mißtrauen und mit der
228 3594 1503 3668 beliebten Schablonenformel: „Das geht „draußen“ nicht.“ Es
235 3634 1498 3703 ist ein nicht genug hoch anzurechnendes Verdienst Hermann
233 3689 1500 3766 Bahrs und Artur Schnitziers, daß sie sich mit manchem
240 3740 1500 3809 Stück gegen dieses Vorürkeil, und zwar siegreich, gestellt haben.
224 3773 1496 3864 Schnitzler zumal mit seinem populärst gebliebenen Bühnen¬
232 3814 1504 3910 weik „Liebelei“ und mit dem weiter und höher ausgreifenden
223 3869 1498 3956 Der junge Medardus“ womit er den von so wenigen unternommenen
224 3917 1500 4000 Griff in die so gut wie noch uneröffnete dramatische Schatzkammer
223 3964 1498 4044 der Geschichte Wiens getan hat, welche die „Volksdichter“ mit
232 4018 1492 4090 den Stoffen aus den Maria=Theresia= und Kaiser=Josef=Zeiten für
224 4063 749 4133 erschöst zu halten pflegen.
