3392 4352
553 -4 1494 46 Eine künftige Kulturgeschichte unserer jüngsten
596 55 1486 100 Vergangenheit wird zu erörtern haben, wie
476 76 1483 155 Wes kam, daß das letzte Jahrzehnt des verflosse¬
601 131 1483 202 nen Jahrhunderts in Wien nahezu gleich¬
445 176 1482 230 zeitig eine Sexualpoesie, eine Sexualphilosophie und
439 234 1487 291 eine Sexualbiologie erstehen ließ. Der Dichter der
449 281 1497 340 „Liebelei“, der gedankentiefe Verfasser von „Geschlecht
451 318 1492 373 und Charakter“, die in Dichten und Denken das Ge¬
445 369 1503 437 schlechtsleben in bisher unerhörter Weise ins Zentrum
447 427 1498 482 der Menschlichkeit rückten, sahen ihr Streben von
443 471 1497 526 einem Arzte begleitet, der ihre Weisheit zu exakter
454 524 1497 569 Wissenschaft zu erheben sich anschickte. Aus einem mit
445 561 1493 618 erstaunlicher Denkenergie betriebenen Studium der
455 620 1499 666 Träume und der Störungen des Nervensystems zog
458 652 1498 720 Siegmund Freud in vielbemerkten Schriften seine
446 701 1500 773 weitgehenden Schlüsse auf das Seelenleben des Tages
449 764 1500 801 und der Gesunden und erklärte die Menschenwelt als
454 793 1513 843 Sexual=Wille und =Vorstellung. Mit seinen Theorien
452 847 1514 899 und Hypothesen fand er freilich bei den Fachgenossen
443 881 1581 962 wenig Beifall!), um so lauteren aber bei psycholo= hnit
481 996 1517 1059 gisch interessierten Außenstehenden, und in überraschend
1543 1005 2575 1081 als Schnitzlers Seelenkunde mit der jenes Meisters zu¬
488 1067 1522 1110 kurzer Zeit besaß er eine weitverzweigte, über die
1541 1073 2583 1125 sammentrifft, den der bewundernde Schüler den „Ge¬
467 1118 1523 1178 ganze Erde verbreitete Schule. Es war von vornher¬
1535 1119 2591 1180 nialsten aller Psychologen“ nennt (S. 217), wird dem
482 1165 1529 1209 ein zu erwarten, daß sich vor allem erotisch gerichtete
1548 1163 2583 1210 Dichter ein ähnlich superlativisches Lob erteilt; wo die
472 1211 1526 1272 Dichter zu den phantasievollen Methoden und Ergeb¬
1541 1218 2574 1267 Übereinstimmung fehlt, wird sie entweder durch ge¬
482 1262 1514 1304 nissen dieser neuen, Psychoanalyse benannten Wissen¬
1544 1274 2586 1319 waltsame Interpretation erzwungen) oder es werden
483 1296 1517 1362 schaft bekei#en würden?); hat doch auch der Traum¬
1536 1311 2583 1374 die entgegenstehenden Eigentümlichkeiten von Schnitz¬
480 1354 1519 1406 deuter des unsrer Gegenwart so verwandten roman¬
1545 1360 2585 1406 lers Schriften einfach verschwiegen. Wohl verwahrt
472 1416 1513 1465 tischen Zeitalters, G. H. Schubert, auf das Poeten¬
1545 1408 2593 1460 sich der Verfasser im Vorwort dagegen, daß man sein
474 1457 1515 1517 geschlecht seiner Epoche — und kein geringerer als
1547 1458 2575 1498 Buch als literaturkritische Untersuchung ansehe; er
472 1501 1528 1569 H. v. Kleist war darunter — die mächtigste Wirkung
1539 1509 2581 1565 verfolge nicht ästhetische, sondern „wissenschaftliche“.
474 1540 703 1609 ausgeübt.
1553 1557 2587 1603 Zwecke; er behandle Arthur Schnitzlers Gestalten als
562 1598 1519 1647 Arthur Schnitzler, selber Arzt und in jungen
1543 1598 2581 1655 Objekte psychologischer Analyse: „so, als wären sie
474 1647 1519 1695 Jahren noch schwankend, ob er seinen psychologischen
1540 1653 2583 1702 wirklich lebende Menschen“. Das sind sie aber nun
477 1697 1520 1742 Interessen als Arzt oder als Dichter Genüge leisten
1542 1699 2583 1742 einmal nicht, und wer sich bei psychologischer Analyse
487 1737 1519 1794 sollte, ist schon früh über den Weg gekommen, den
1535 1752 2588 1802 poetischer Figuren nicht streng innerhalb der vom
478 1791 1525 1840 später S. Freud bis ans Ende abschritt. Auch er hat
1536 1798 2583 1840 Dichter abgesteckten Grenzen bewegt, der gerät doch
481 1840 1521 1897 den Neurosen seine Aufmerksamkeit zugewendet und
1548 1843 2585 1891 nur in ein Phantasieren über Phantasien. Dieser Ge¬
471 1885 1521 1930 ihnen mit Hypnose beizukommen getrachtets), eine
1536 1891 2583 1949 fahr ist der Verfasser vielfach erlegen. Gewiß wird
482 1935 1520 1988 Methode, die nach eignem Geständnis auch Freud zu¬
1539 1941 2583 1990 eindringliche Zergliederung der Schöpfungen eines
470 1985 1526 2045 erst betrieb, bis er ihre Erfolglosigkeit einsah und
1542 1987 2576 2029 Dichters manchen Einblick in die ihm selber unbewuß¬
478 2029 1523 2094 es anders versuchte. Und die Grundsätze, zu denen
1541 2041 2580 2099 ten Tiefen seiner Seele gewähren; welchen Sinn und
474 2081 1522 2137 Freuds ernste Forschung schließlich gelangte: die Auf¬
1542 2090 2579 2144 Zweck aber hat die Bemühung, in das Unbewußte
482 2133 1518 2186 fassung der Träume als verkleideter Erfüllungsphan¬
1541 2136 2580 2182 seiner Gestalten einzudringen? Damit sind die
478 2178 1516 2239 tasien unterdrückter Wünsche, die Erkenntnis der kom¬
1545 2192 2583 2241 Bahnen des Dichters verlassen, und wir haben es nicht
478 2221 1514 2269 plizierten Ambivalenz von Liebe und Haß in allen
1541 2241 2577 2290 mehr mit Arthur Schnitzler als Psychologen zu tun,
476 2275 1523 2326 Gefühlszuständen, die Einsicht in den Panserualis¬
1548 2282 2576 2343 sondern — mit Theodor Reik als Psychologen; und
470 2323 1524 2367 mus des Menschenlebens, hat Schnitzlers Dichtung
1542 2326 2578 2370 der macht den Dichter selbst zu seinem psychologischen
468 2375 1516 2432 aus eigener Kraft vorgeahnt und mehr oder minder
1546 2387 2574 2433 Objekt. Das aber geht, bei der bekannten Art der
478 2415 1514 2481 deutlich ausgesprochen. Daß der Dichter von den
1538 2427 2578 2472 freudschen Methode und da der Dichter noch unter
468 2476 1521 2532 Leistungen des Stadt=, Zeit= und Weggenossen später¬
1541 2473 2575 2533 den Lebenden weilt, natürlich nicht ohne einige Takt¬
478 2521 1514 2564 hin gründliche Kenntnis nahm, wird man auch ohne
1538 2530 2582 2583 losigkeit ab. Das könnte man vielleicht verzeihen, wenn
477 2568 1513 2612 direkte Belehrung als sicher annehmen dürfen und
1543 2570 2587 2621 sie wirklichen Gewinn brächte. Allein das Gegenteil ist
469 2613 1515 2660 in einer seiner letzten Schöpfungen, der Novelle „Frau
1538 2623 2574 2668 der Fall. Indem der Verfasser mit Zuhilfenahme der
480 2663 1520 2716 Beate und ihr Sohn“, die bewußte, absichtsvolle dich¬
1543 2672 2577 2714 freudschen Theorie von der infantilen Sexualität und
484 2711 1445 2773 terische Verwertung dieses Studiums erkennen.
1534 2716 2585 2765 jener berüchtigten Sexualsymbolik (die, solange es ver¬
559 2769 1514 2826 Was lag näher, als den Dichter, der die Seele als
1536 2772 2572 2820 ständige Menschen gibt, bloß belacht werden und die
475 2819 1524 2873 ein weites Land ahnte, und den kühnen Forscher, der
1546 2820 2579 2877 allgemeine Anerkennung der Psychoanalyse, die es sonst
486 2857 1521 2902 tief in dieses grenzenlose Reich eindrang, nebenein¬
1535 2863 2574 2919 sehr verdient, noch lange hindern wird) hinter das
479 2918 1515 2962 ander zu halten, einen an dem andern zu messen. Ein
1544 2910 2571 2959 vom Dichter Zugestandene zu bringen sucht, entstellt er
480 2955 1519 3004 junger Wiener aus Freuds Schule, Theodor Reik,
1546 2956 2575 3009 Wesen und Absicht mancher Dichtung in arger Weise.
468 3001 1517 3061 dessen Namen durch ein eigenartiges Buch über Flau¬
1541 3007 2571 3058 Da will er ##, nicht zufrieden mit der Wahrneh¬
468 3056 1522 3100 bert bekannt geworden ist, hat die vielversprechende
1530 3055 2582 3116 mung eines an Fatalismus grenzenden Bekenntnisses
478 3100 1510 3162 Arbeit unternommen:); sie ist, das sei gleich gesagt,
1543 3102 2575 3160 zur Willensunfreiheit in Schnitzlers Werken, die unter¬
478 3160 1507 3211 nur halb gelungen, weil dem auf die freudschen Dog¬
1545 3155 2581 3217 bewußte Quelle dieser Denkform auffinden und gerät
474 3210 1521 3260 men eingeschworenen Verfasser die nötige geistige Un¬
1536 3203 2570 3258 hierbei nur in das unglaublichste Mißverstehen der
477 3242 987 3307 abhängigkeit gefehlt hat.
1533 3243 2563 3309 „Dreifachen Warnung“ einer kurzen Prosaskizze, wel¬
554 3295 1523 3344 Nicht von höherer Warte herab betrachtet Reik die
1541 3304 2576 3346 che die reinste Ausprägung von Schnitzlers tatscheuem
477 3343 1508 3395 beiden Psychologen, sondern studiert ausschließlich das
1533 3349 2578 3398 Determinismus darstellt. Wo sich aber Reik von den
478 3392 1517 3448 Bild, das der Hohlspiegel der Psychoanalyse von dem
1536 3396 2577 3441 Schrullen und Übertreibungen der freudschen Schule
471 3450 1509 3500 Dichter und seinn Gestalten zurückwirft. In dem Maße,
1541 3443 2572 3493 frei zu halten weiß, da öffnen sich einem Tiefblick wirk¬
1535 3494 2567 3553 lich alle Tore der Erkenntnis. Als heuristisches Prin¬
463 3511 1510 3566 Forschung“ als Charakter seiner Arbeiten hervorhebt. (Drei Ab¬
1534 3543 2573 3592 zip, zum mindesten bei erotischen Dichtern angewendet,
470 3557 1348 3594 handlungen zur Sexualtheorie. 3. Aufl. 1915. S. v.
553 3586 1510 3633 *) In enthusiastischer Weise hat dies z. B. Frederik van Geden
1539 3591 2578 3645 bewährt sich die Psychoanalyse vortrefflich. Die ver¬
464 3618 1510 3660 in der „Frankf. Ztg.“ vom 29. Mai 1914, 1. Morgenblatt, getan.
1541 3640 2568 3682 borgensten Zusammenhänge, die überraschendsten Ahn¬
570 3659 1513 3700 ) „Über funktionelle Aphonie und deren Behand¬
1542 3689 2568 3748 lichkeiten weiß unser Verfasser zwischen den verschiede¬
464 3690 1519 3730 lung durch Hypnose und Suggestion.“ Sonder=Abdruck aus
460 3727 1407 3764 der „Internationalen Klinischen Rundschau“. Wien 1889.
567 3762 1505 3808 ) „Arthur Schnitzler als Psycholog.“ Minden 1914,
1634 3770 2564 3807 )Das geht bis zur Verfälschung inhaltlicher Tatsachen: so ist
465 3799 1509 3830 J. C. C. Bruns. 303 S. — Infolge des Krieges, der mich mehr
1543 3796 2561 3849 Ferdinand keineswegs ein flüchtiger Bekannter von Gabriel (S. 99),
461 3833 1504 3880 als zwei Jahre lang meiner bürgerlichen Beschäftigung völlig ent¬
1538 3840 2582 3881 vielmehr repräsentieren die beiden das Schnitzler so eigentümliche
473 3862 1519 3910 zog, komme ich erst mit so arger Verspätung dazu, über dieses Buch
1528 3869 2569 3909 Freundespaar („Der tote Gabriel"); hingegen ist Natter (S. 269)
471 3897 702 3946 zu berichten.
1542 3910 2589 3969 nichts weniger als ein „Freund“ Hofreiters („Das weite Land“).
2482 3971 2591 4036 .
