3344 4352
125 268 718 366 2. Cuttings
815 275 1260 367 box 37/6
1376 1660 1872 1741 tGuchenangabe ohne Gewähr.)
1062 1729 2200 1843 Ausschnitt aus: Die Fäckel. Wien
1087 1876 1250 1953 vom:
1468 1842 2104 1967 ERLISIS D
1393 1969 1819 2040 Die kalte Schulter
1111 2026 2223 2083 Die „Kölnische Zeitung“ über die österreichische Literatur:
1116 2075 2224 2138 Die Werke (von Schönherr, Bahr und Schnitzler) sind so bar
998 2136 2225 2180 jeder echten schöpferischen, künstlerischen Kraft, so im Letzten banal,
1000 2167 2229 2212 daß der selige Anzengruber in Erinnerung vor diesen Ereignissen fast
1004 2198 2218 2251 wie ein literarischer Halbgott erscheint. Ja, man fragt sich, gegenüber
1007 2237 2235 2291 den etwas krampfhaften Bemühungen unseres Theaters, gerade jetzt
1014 2296 2236 2333 den bundesbrüderlichen Ereignissen in deutschen Landen
1014 2327 2231 2387 Anerkennung zu verschaffen, nicht ohne Grund, ob es nicht doch
1010 2361 2232 2415 auch im jungen Deutschland Dichter gibt, die die viele aufgewendete
1014 2409 2217 2452 Mühe besser lohnen als das genannte Kleeblatt Wiener Literatentums,
1012 2436 2218 2494 das nach den letzten Proben seiner Kunst völlig versagt hat . ... Nach¬
1017 2473 2233 2531 dem wir mit Enttäuschung Schnitzler, Schönherr, Bahr so schnell hinter¬
1009 2609 2234 2673 einander an einem deutschen Tieater uifel#enung cinr GeWissens¬
1005 2671 2234 2713 frage kulturell-politischer Art gestattet'sein: Glaubt ernstlich
1006 2714 2229 2768 jemand in Deutschland heute noch an die Uberlegenheit jener
1022 2760 2228 2805 sogenannten österreichischen Kultur, sei es nun Theater oder Kunst¬
1005 2789 2234 2844 gewerbe, oder sind nicht gerade jene letzten Dokumente eines wienerischen
1020 2833 2227 2883 Literatentums und jener viel zu sehr künstlich gezüchteten Geschmäckler¬
1023 2868 2226 2922 kunst Beweis dafür, daß unser trefflicher Bundesbruder in diesem Welt¬
1007 2908 2231 2957 krieg auch einer inneren Reformation an Haupt und Gliedern
1006 2945 2250 3002 bedarf, um fortan in einer neuen deutschen Weltkultur
1018 2983 1575 3040 bestehen zu können?
1125 3021 2241 3110 Kein Zweifel, die wienerischen Kunstgewerbler sind untef
1007 3083 1903 3147 dem Niveau einer neuen deutschen Weltkultur.
