3392 4352
111 698 702 774 nst durch Geldzuwendungen
114 756 699 824 sen. Ich lasse Zettel zir¬
111 802 698 859 lle, die sich heute noch als
105 852 704 919 n, Namen und Adresse ein¬
118 905 699 961 reeventuell auch anzugeben,
141 948 701 1008 betätigen will. Oder ich
104 965 695 1066 bnlich mitteilen zu wollen;
117 1041 624 1108 n Zetiel oben vermerkt.
115 1075 712 1159 anlangt, so werde ich für
111 1137 701 1209 und Vortragenden sorgen.
112 1189 703 1254 ungen wird jedesmal recht¬
161 1230 705 1293 Sollte es zur Gründung
113 1272 709 1350 dürfte die Einsetzung eines
119 1332 703 1389 eisen. Vielleicht ist sie über¬
124 1382 705 1451 die verehrten Anwesenden,
115 1471 705 1536 ch den zweiten Teil unserer
116 1528 697 1585 er für die Anträge der Teil¬
108 1578 706 1642 pitte Sie, zum Gesellschafis¬
126 1621 701 1679 1. Auf eine spezielle Kritik
118 1671 709 1736 dlagen bitte ich erst in der
114 1723 707 1784 einzugehen; jetzt sollte nur
123 1766 555 1837 cht gezogen werden.
103 1888 209 1985 ik
216 1889 709 1979 semitischer und
105 1960 503 2051 r Herkunft.
127 2030 707 2118 ler, Wedekind, Beer=Hofmann,
117 2092 498 2153 Phaw, Anzengruber.
111 2137 698 2229 emitischer und germanischer
107 2205 699 2285 ahrhaftig keine Kleinigkeit.
121 2260 701 2325 passiert, daß er Dramen sah
131 2306 711 2364 zu haben, welcher Rasse der
140 2358 701 2423 nicht fast unglaublich an,
115 2400 699 2472 putsche Dramatik geben soll,
135 2461 708 2517 uns ansässigen Juden sich
115 2499 703 2567 und im Sinne des allge¬
128 2545 700 2610 dens dichten, sondern auch,
115 2601 706 2665 n im Grunde ein Einerlei
114 2642 703 2717 scht nach Rassenmomenten
114 2694 715 2770 Die Themen, die Schnitzler
119 2741 705 2809 Shaw, Beer=Hofmann und
119 2790 706 2856 unterscheiden sie sich denn
118 2833 710 2901 sind Probleine menschlichen
115 2890 702 2951 icht überall dieselben? Der
118 2929 706 3008 sonders das Verhältnis des
107 2977 701 3050 nen Ich oder das zu Gott
113 3027 710 3095 lgemeinen Idee, zur Frei¬
117 3081 706 3151 rheit, aber diese Sonder¬
114 3125 715 3197 nicht auf die Rassen aufge¬
126 3224 711 3294 Denker, bei den Germanen
125 3268 705 3344 uden. Ist da nicht alle Un¬
132 3317 706 3396 rein als Künstelet abzu¬
117 3392 702 3491 enne ich, was einer Unter¬
128 3468 696 3543 zentümlichkeiten entgegen¬
122 3517 706 3577 eeinflussung. Man kann ja
127 3572 702 3620 den ursprünglichen Anlagen
114 3608 696 3684 doch der Ansicht sein, daß sie
118 3660 701 3723 nken in „einem“ Staat, an
119 3707 707 3762 kuten, Schulen und Lebens¬
122 3754 698 3817 esuch „derselben“ Thegter.
126 3798 700 3869 rwischt, Völker und Rassen
126 3851 699 3907 hnlicher werden. Die Mög¬
117 3896 711 3959 Anpassung wird niemand
121 3945 710 4011 n der Welt strebt alles nach
127 3991 712 4057 nach Ausgleich von Rassen¬
119 4044 711 4109 ich da gleich, wie entstanden
124 4086 707 4146 Differenzen, die sich später
123 4134 708 4197 ch wohl nur durch eine Ten¬
1525 581 2001 639 —.
2603 582 2988 654 80—83. Folge
1012 576 1486 654 Akademische Zeitung
2522 622 2609 701 1
1133 645 1227 700 Seehen
1440 632 2284 704 e enn
724 695 1853 768 Wohlbefindens durchlebt, in welchem Bernhardi sie
1979 699 2999 781 Also Erhöhung des Lebensgenusses: dieses Be¬
725 756 1851 811 nicht durch den priesterlichen Hinweis auf den Tod
1870 754 3011 825 dürfnis drängt den Zwergriesen, der unter der eigenen
716 803 1856 862 gestört wissen will. Er wird deshalb angeklagt und
1872 810 3018 854 Mißgestalt leidet und selbst nicht voll genießen kann,
731 857 1858 916 unter dem Druck der klerikalen Partei, trotz der für
1871 853 3011 905 sich wenigstens den Anblick von genußfähigen,
734 900 1851 959 ihn günstigen Aussage des Priesters, der seine Emp¬
1865 898 3005 960 schönen Menschen zu verschaffen, und darum gründet
726 944 1850 1017 findung würdigt, zu Gefängnis verurteilt. Auch der
1865 949 3011 990 er einen Verein zur Züchtung von Rassenmenschen.
729 992 1853 1061 für ihn eingenommene Unterrichtsminister läßt ihn
1875 996 3011 1056 Vor allem die Frau will er emporsteigern. Sie soll
721 1042 1851 1108 fallen, als er den Widerstand der Partei sieht, da es
1871 1048 3012 1108 zum Bewußtsein kommen, daß sie bis jetzt nur eine
722 1091 1855 1139 ihm wichtiger dünkt, dem Staatsganzen zu nützen als
1872 1095 3011 1145 gehetzte Dirne oder ein um sein Liebesleben betrogenes
1874 1145 3011 1203 altes Mädchen oder eine um ihrer Unberührtheit
727 1133 1853 1205 einem einzelnen. Und Bernhardi selbst läßt sich fallen,
735 1185 1846 1246 indem er auf Ausnützung von allerhand Vorteilen,
1867 1177 3013 1234 willen geschätzte Braut war, soll sich gegen solche
731 1231 1854 1288 überhaupt auf unbedingte Rechthaberei verzichtet, um
1878 1225 3015 1295 Sklaverei empören und das volle freie Recht auf
720 1276 1847 1333 dafür lieber wieder möglichst bald ungestört der
1865 1279 3006 1330 Lebensgenuß in Anspruch nehmen. Mit der ganzen
727 1326 1843 1393 Menschheit, den zu ihm sich drängenden Kranken,
1869 1330 3010 1383 Kraft seiner Person, die trotz ihrer Häßlichkeit
735 1373 1130 1446 helfen zu können.
1879 1377 3010 1427 faszinierend wirkt, strebt Hetmann nach solchem Ziele.
1870 1422 3014 1471 Er will eine Moral der Schönheit begründen, die den
837 1432 1851 1495 Von weiteren Einzelheiten sehe ich ab. Was ist
1879 1468 3010 1534 oberen Zehntausend zugute kommen soll; die alte
722 1476 1855 1528 nun das Hauptmoment im ganzen Vorgang? Das
1869 1515 3008 1565 Moral, die für die Armen gilt, soll dadurch nicht ge¬
726 1527 1853 1584 Pflichtgefühl der erwähnien Hauptfiguren, die jede
1876 1565 3016 1621 ändert werden. So erkennen wir das Uebermenschen¬
724 1573 1857 1637 sich einem ethischen Ideal unterwerfen. Professor
1870 1616 3019 1668 tum Wedekinds als ein individualistisch orientiertes,
726 1625 1845 1685 Bernhardi lebi für das diesseitige Wohl seiner
1862 1664 3008 1729 das sich der Ethik Schnitzlers eben um der individuali¬
731 1665 1853 1734 Kranken, denen er sich aufopfert; der Priester setzt
1880 1709 3010 1772 stischen Orientierung willen zur Seite stellt. Ich ver¬
731 1715 1850 1771 sich ein für das jenseitige Wohl der Kranken, das ihm
1879 1755 3009 1807 meide dabei eine Einschätzung der einen und anderen
725 1763 1850 1822 höher dunkt, und der Minister arbeitet für das Wohl
1868 1810 3016 1870 Tendenz, ob besser oder schlechter, und sage nur, daß
722 1817 1849 1870 der Gesamtheit, das er besser zu fördern glaubt, wenn
1874 1852 3011 1904 beide Tendenzen es mit dem individuellen Geschick der
731 1870 1850 1920 er einen einzelnen Forscher preisgibt, als wenn er
1868 1907 3027 1962 Menschen, mit ihren persönlichen Lebensinteressen zu
719 1907 1850 1958 sich selbst preisgibt, da seine Tätigkeit die Entwicklung
1877 1949 3023 2006 tun haben. Dieser Satz gilt für Wedekind wie für
728 1953 1848 2003 der Forschung im allgemeinen garantiert. Sie alle
1869 1994 3026 2043 Schnitzler; nur der Typ der Persönlichkeiten wechselt,
726 2000 1857 2045 haben also ethische Ziele, in deren opferfkeudiger Ver¬
1874 2051 3015 2109 um die Persönlichkeit dreht sich aber alles. Das gilt
731 2048 1849 2117 folgung sie unsere Bewunderung verdienen. Man hat
1869 2093 3014 2152 nun auch für den dritten jüdischen Dramatiker, den
724 2096 1854 2147 wohl gemeint, Schnitzler wolle besonders den jüdischen
1869 2138 3017 2212 wir noch berücksichtigen wollen, für Richard Veer¬
721 2147 1848 2202 Professor Bernhärdi als Menschenfreund gegen Geist¬
1866 2185 2104 2249 Hofmann.
720 2200 1849 2261 lichkeit und Politik als Trumpf ausspielen, ich kann
1983 2239 3010 2297 Vor Jahren sah ich von Beer=Hofmann den
729 2234 1863 2303 aber keine wesentlich verschiedene Behandlung der
1881 2277 3015 2331 „Grafen von Charolais“ und er machte auf mich einen
734 2287 1848 2354 Hauptfiguren finden. Darum wirkt auch der Achtungs¬
1870 2334 3009 2395 tiefen Eindruck wegen der ungeheuren ethischen Kraft,
724 2335 1853 2395 beweis des Priesters vor dem Professor ganz natürlich.
1876 2376 3025 2444 die daraus sprach. Ein Ritter opfert alles Glück seinem
724 2382 1850 2439 Beide sind Ehrenmänner, die beide auch etwas Politik
1881 2426 3018 2484 Ideal von Ehre und Pficht: das erinnerte mich an die
729 2431 1851 2491 treiben, nämlich ihren inneren Pflichttrieb den
1876 2471 3006 2523 klassischen französischen Dramen Racines und
727 2474 1850 2538 äußeren Umständen anpassen, ohne ihn doch zu schä¬
1866 2512 3010 2579 Corneilles, die auch die Tugend zum höchsten Gesetz
720 2518 1844 2597 digen. Gesunde, nichi übertriebene Anschauungen
1877 2568 3020 2633 erheben. Doch in dem neuen Drama des Dichiers,
734 2580 1856 2635 reden aus ihnen, aber diese Anschauungen sind rein
1880 2620 3006 2684 in „Jaäkobs Traum“, das vom Burgtheater aufge¬
735 2621 1854 2686 ethisch bestimmte: in dem ethischen Moment erblicke
1876 2665 3023 2717 führt ward, begegnet uns eine andere Note. Da be¬
724 2675 1813 2725 ich den Hauptcharakter des Schnitzlerschen Dramas.
1881 2715 3021 2781 gegnet uns das Ringen eines Messias nach klarer Er¬
840 2728 1853 2785 Auch in den anderen mir bekannten Dramen
1871 2768 3017 2823 fahrung der eigenen ungeheuren Bestimmung.
724 2772 1858 2838 Schnitzlers, in „Liebelei“, „Anatol“, „Der Ruf des
1868 2813 3021 2859 Jaäkob, der Erzvater, der aus der Heimat flieht, weil
726 2819 1846 2880 Lebens“ u. s. w. finde ich die gleiche charakteristische
1880 2858 3018 2920 er den Bruder Edom — in der deutschen Bibel Esau
727 2872 1857 2918 Note. Das Denken aller Figuren ist goistisch oder
1870 2909 3017 2971 genannt — um sein Erstgeburtsrecht betrog, ringt
727 2918 1849 2980 altruistisch bestimmt. Das Gute und Bose, menschliche
1878 2954 3021 2998 in der Wüste mit den Engeln Gottes und mit Gott
723 2969 1850 3015 Leidenschaft und Stumpfsinn. Liebe und Haß spielen
1877 3003 3016 3065 selbst, bis er vollkommen erkannt hat, was Gott mit
733 3015 1853 3079 darin die Hauptrolle, also das Verhältnis von Mensch
1878 3046 3006 3105 ihm bezweckt. Es ist zugleich das Ringen des jüdischen
733 3065 1848 3122 zu Mensch unter der Richtschnur von Gesetzen, die als
1878 3092 3011 3165 Volkes um Erkenntnis seiner Aufgabe. In den ge¬
733 3114 1845 3166 überlieferte oder selbstver—ndliche unerbittlich Berück¬
1870 3146 3020 3190 waltigsten Gedanken steigert sich das Stück; so tief
738 3156 1848 3224 sichtigung fordern. Das individuelle Verhalten hat
1880 3184 3008 3250 haben wenige Menschen in ihre eigene Veranlagung
727 3206 1849 3271 sich vor inneren oder äußeren Befehlen zu verant¬
1878 3239 3007 3307 hineingeleuchtet als Jaäkob als jüdischer Messias in
734 3253 1853 3308 worten. Das wird ja vom Publikum gar nicht als
1869 3287 3016 3340 sich selbst, und wir vernehmen so erschütternde Worte
725 3298 1851 3346 setwas Besonderes empfunden und ist auch nur das
1867 3334 3009 3393 von Stolz und Freiheit, Gottes= und Menschengröße.
720 3345 1856 3401 Echo alltäglichen Erlebens, dem wir auf Schritt und
1871 3382 3003 3428 vom Zwecke der Schöpfung und des Menschendaseins,
724 3386 1341 3460 Tritt um uns her begegnen.
1870 3424 3009 3475 daß wir gebannt dem unerhörten Ringen lauschen.
831 3443 1846 3513 Minder alltäglich muten die Probkeme an, welche
1869 3472 3015 3523 Auch wer ganz anders empfindet, wird davon gepackt.
734 3492 1853 3561 Wedekind behandelt. Ueber Frank Wedekind zunächst
1881 3519 3015 3573 denn eben das Verhältnis Gott und Mensch wird in
726 3548 1852 3596 eine die Rasse betreffende Bemerkung. Wedekind hat
1866 3570 2646 3630 jüdischem Sinne vor uns aufgetan.
730 3595 1857 3653 zum Vater einen Ostfriesen, aber seine Mutter stammt
1985 3602 3015 3661 Nur dieses Ringen interessiert uns hier. Das
724 3649 1857 3702 aus Ungarn und durch sie dürfte, gemäß dem Literatur¬
1870 3658 3015 3722 Verhältnis Jankobs zu Edom und auch zu dem
735 3686 1846 3753 historiker Adolf Bartels, der in diesen Fragen beson¬
1882 3704 3007 3773 fönikischen Sklaven Idnibaäl ist wohl meisterhaft ge¬
725 3732 1846 3790 ders genau unterrichtet ist, eine jüdische Blut¬
1878 3771 3015 3819 zeichnet, aber nur insofern wesentlich im Stücke, als
735 3784 1853 3832 beimengung sich ergeben haben, die, wie Porträt und
1868 3811 3008 3865 es das seelische Aufstreben Jaäkobs nach der vollen Er¬
734 3830 1856 3878 Verhalten bezeugen, ausschlaggebend für des Dichters
1868 3853 3014 3905 leuchtung kennzeichnet und darum auf das folgende
734 3880 1849 3944 Eigenart gewesen ist. Jedenfalls habe ich ein Recht,
1873 3901 3009 3958 vorbereitet. Jaäkob erweist sich bereits hier als Held.
737 3922 1741 3985 Wedekind als jündischen Dichter zu beurteilen.
1877 3948 3014 4003 der die Seelen anderer wunderbar zu erschüttern und
841 3975 1855 4044 Wedekind, der vor einem Jahre Perstorbene, ist
1880 3992 3006 4057 zu meistern vermag, aber seine ganze Größe offenbart
732 4032 1851 4082 einer der umstrittensten modernen Dramatiker, ge¬
1879 4045 3007 4107 sich doch erst in der Zwiesprache mit den von Gott ge¬
737 4078 1853 4139 schmäht von vielen, bewundert von nicht wenigeren,
1874 4099 3023 4158 sandten Engeln, mit dem Warner Samäel, das ist
721 4131 1854 4194 ein Typ. der rücksichtslos die zweideutigsten Existenzen
1870 4141 3019 4191 dem Vertreter der Kreatur gegenüber Gott, und mit
