3392 4352
754 302 1244 400 box 37/6
85 300 691 408 2: Cuttings
730 498 1085 591 Uulg. 0cH..
643 550 1161 641 (Quellenangabg ohne Gewähr.)
697 592 1520 698 #icter Montags Journal, Wien
329 652 769 741 Ausschnitt aus:
663 712 972 801 BEFEB 1975
339 743 520 835 vom:
408 804 628 914 Seie. 1
1129 811 1512 915 Wien, Montag
1758 815 2376 924 „„Wiener Montags=Journal“
1632 935 2145 1040 Est modus in rebus
2205 949 2733 1031 Wasser in den Wein
446 958 1472 1071 Theater, Kunft und Literatur.
1525 992 2737 1076 leidenschaftlicher Anklagen. Im Wein liegt Wahrheit,
1543 1066 2733 1117 aber die Leiden haft trübt sie immer. Die Wahrheit liegt
1544 1112 2734 1164 in der Mitte. Zu viel Wedekind und Schnitzler ist viel¬
350 1107 1546 1210 Rückwärts, rückwärts Dr. Funder.?
1537 1144 2744 1226 leicht ungesund, aber gesund ist gewiß auch nicht wenn
527 1179 1176 1279 (Kritik der Kritik.)
1538 1206 2734 1262 man das Schrifttum für die deutsche Bühne mit Stumpf
448 1263 2743 1320 Die „Reichspost“ ist los! Lessing gefällt ihr nicht und Stiel ausrotten will, weil ein paar jüdische Schrift¬
1551 1300 2738 1377 steller vermeintlich einen zu breiten Raum einnehmen.
354 1320 1544 1377 mehr, das Burgtheater gefällt ihr nicht mehr, Wedekind
340 1365 1547 1433 gefällt ihr nicht mehr, — gerade auf dem Gebiete der
2442 1354 2741 1448 Tyll red.
349 1420 1471 1485 darstellenden Kunst will sie partout andere Bahnen.
462 1453 1558 1532 Ich auch. Ich habe das weit früher angestrebt
350 1485 1562 1565 als die fromme Piusvereinlerin und ich bin
351 1553 1561 1614 gewiß objektiver und unabhängiger. Ich schwärmte
343 1607 471 1663 nie
460 1602 1573 1679 für Schnitzlers selbstbewußte Stirnlocke, nicht
333 1647 1577 1722 fi Auernheimers— Salontirolerei, auch nie für
339 1701 1571 1774 Weoekinds schweinische Perversität. Nur hinderte mich
343 1748 1566 1816 das nicht, bei Schnitzler talentvollen Ernst, bei Auern¬
336 1790 1559 1868 heimer moderne Dialektik und bei Wedekind einzelne
341 1849 1559 1903 geniale Züge vorzufinden, während die „Reichspost“ aus
345 1893 1555 1956 parteipolitischen Gründen einfach den Juden verbrennt,
346 1945 1562 2001 wobei ihr der gleichfalls verbrennende Patriarch nicht
717 1990 1564 2055 Ich, habe mich zur Couloirkritik der
348 1989 733 2052 sympathisch ist.
347 2049 1559 2100 Wiener Zeitungsclique schon vor Jahren fest gestellt.
343 2075 1561 2157 Damals hat die „Reichspost“ mitgeschmockt. Nun will sie
343 2131 1556 2187 das Kind mit dem Bade, Lessing mit Wedekind hinaus¬
345 2185 1376 2249 schmeißen, — mit Verlaub, das ist auch pervers.
462 2228 1566 2285 Das kommt von der Judenriecherei. Immer, wenn
335 2278 1575 2354 man Autodafés veranstaltet, kommt auch hier und dort
343 2327 1476 2380 ein gläubiger Christ mit auf den Scheiterhaufen,
351 2356 1563 2435 wozu die Brennerei, wenn man ohne sie sauber machen
351 2423 1555 2492 kann. Hätte sich nur die „Reichspost“ und ihre Literatur¬
331 2472 1567 2537 papstei gegen diese Uebergriffe des Wiener Schrifttums
336 2521 1568 2585 gestellt so lange es Zeit war. Ich hab's gewagt und bin
338 2578 1556 2629 darob nicht schlecht angefeindet gewesen. Wenn aber die
337 2614 1555 2684 Piaristengasse jetzt, während der Kriegszeit plötzlich das
343 2663 1552 2717 Saubermachen kriegt und das ihr unrein dünkende
333 2706 1560 2788 Wasser wegschütten will, ohne sauberes dafür zu bieten,
335 2767 1029 2835 so muß man sie dumm schelten.
457 2789 1559 2872 Oder hat die „Reichspost“ für Lessing dem Theater
342 2851 1563 2919 etwas Besseres zu bieten? Am Ende den Herrn Kralik?
332 2903 1559 2968 Auch ihre eigenen Redakteure haben sich ja bühnentechnisch
344 2955 1551 3015 versucht, Gott sei bei uns, was dabei herausgekommen ist.
342 3015 1555 3072 Es sitzen ja in der Redaktion noch ein paar von diesen
340 3051 1561 3125 Tausendsassa herum, da ist mir, weiß Gott, noch der
334 3100 1555 3163 Zweig lieber. Mit Lessing ist das Burgtheater ein Men¬
337 3143 1558 3214 schenalter hindurch oder auch länger, nicht schlecht ge¬
346 3192 1558 3255 fahren, warum soll sie ihn jetzt durchaus als Antichrist
344 3243 1554 3313 verwerfen? Weil er ein allzu menschliches Werk ge¬
334 3289 1535 3372 schrieben, ohne zu ahnen, daß einmal ein Dr. Funder
344 3322 1545 3412 auf die Welt kommen wird, der eine neue Parole aus
342 3382 1552 3456 gibt? Sein Nathan ist ein von aller Welt angestaunter
337 3422 1558 3518 Edelmensch, warum soll er jett meuchlings umgebracht
335 3483 562 3557 werden?
455 3504 1574 3600 Und weshalb sollen Auernheimer, Schnitzler alle
339 3563 1568 3639 ihre Trabanten und Monde von der Bühne hinweggefegt
347 3629 1554 3686 werden? Ihre Vorherrschaft liegt mir längst im Magen,
343 3653 1575 3735 aber so viel haben sie sich doch um die deutsche Bühne
332 3711 1567 3794 verdient, daß man ihnen ihr Plätzchen an der Sonne
348 3772 1553 3834 gönnt. Die Schaubühne hat ihre Wandlungen durch¬
347 3825 1559 3885 gemacht, wie wir während der Kriegszeit. Nur hat sie
350 3864 1546 3930 länger gebraucht, was ja begreiflich ist. Wenn die Fran¬
345 3911 1549 3973 zosen und die Engländer und vielleicht auch die Russen
350 3952 1566 4033 von der deutschen Bühne verbannt werden, vielleicht wer¬
349 3997 1562 4088 den die bisherigen Erfolgreichen erst den Nachwuchs
349 4055 1548 4127 schaffen müssen. Schließlich sind Hauptmann, Suder¬
350 4086 1559 4177 mann, Ernst, Halbe usw. usw. auch noch da, den nach
346 4142 1556 4219 der „Reichspost“ vollständig verjudeten Literaturwald
1199 4199 1554 4255 man muß nur
354 4202 1179 4249 mit arischen Tannen zu durchschießen, —
2861 4161 3111 4243 Sn
