3392 4352
1933 67 2314 150 Se
758 70 1918 152 eneeen
1911 130 3064 194 ihn ungern scheiden, weil er dadurch eine Attraktion
78 131 762 201 n, den wir als ersten germani¬
762 141 1907 204 lebt in uns, das Geheimnis der uralten arischen
1904 163 3061 245 perliert, dafür wird ihm aber Ersatz im Komtur, dem
91 169 771 247 racht ziehen wollen. Ibsens
764 189 1914 248 Mysterien, der faustische Geist, und indem Peer Gynt
81 225 765 302 ge ich sofort aus voller Ueber¬
1915 212 3065 283 es im schaffenden Himmel zu langweilig ist, der nicht
765 222 1907 296 diesen zum Ausdruck bringt, hat man wohl das Recht,
87 267 760 342 aus nicht über dem jüdischen
1912 259 3069 332 die schwere Verantwortung des Produzierens tragen,
767 287 1436 366 ihn mit Faust zu vergleichen.
79 306 763 394 Pramen von „Nora“ an bis
1916 323 3069 379 sondern sich unterhalten will. Auf die Frage Donna
876 326 1914 422 Ganz Entsprechendes tritt uns bei dem irischen
92 357 772 436 wachen“, hätten auch Juden
1913 354 3063 428 Annas, wie man in den Himmel kommen könne, sagt
757 386 1917 454 Dichter Bernard Shalv entgegen. Shaw hat als Ire
81 416 768 489 dnach der Schnitzlerschen Art
1918 409 3067 478 der Teufel, der Abstand von Himmel und Hölle be¬
761 443 1914 516 keltisches Blut in sich, doch kann er uns ruhig als
115 460 769 533 Mensch zu Mensch, ethische,
1904 452 3061 529 stehe nur im Unterschied zwischen einem engelgleichen
758 488 1908 553 Kronzeuge germanischen Wesens gelten, denn Ger¬
92 490 766 586 hetisch. Themen, interessante
1908 506 3076 576 und einem echt teuflischen Temperament. Aber einen
769 536 1915 607 manen und Kelten sind ja selbst gleichen Blutes, sind
104 553 762 623 egoistische und altruistische
1911 542 3061 621 schwerer überbrückbaren Abgrund als diese ange¬
770 593 1908 652 Indogermanen, sind Zweige sogar eines jedenfalls
98 591 771 664 um die Persönlichkeit, wie uns
1923 615 3069 670 borene Empfindungsweise gebe es nicht. Der Abstand
759 615 1909 700 ursprünglich einheitlichen europäischen Stammes. Ich
99 647 764 710 ng Schnitzlers begegnete. Ich
1906 653 3074 728 des Geschmacks sei unüberbrückbar und ewig; er¬
771 691 1910 747 wähle unter Shaws Dramen das bekannte „Mensch
95 703 776 765 hine Abschätzung beider Dichter
1916 716 3065 786 zwingen lasse sich hier nichts, man müsse die Anlage
774 735 1908 794 und Uebermensch“ aus, das sich direkt in Parallele
89 742 777 809 BBegabung, das interessiert uns
1912 752 3076 818 dazu haben. Das Gerede von himmlischen Lohn und
767 785 1913 840 setzen läßt zu Wedekinds sogenannten Uebermenschen¬
120 790 778 864 suche nur den Charakter der
1914 784 3078 873 höllischen Strafen sei ein Unsinn, den nirgends lebe
772 813 1921 891 dramen, das vor allem auch das Verhälinis von Mann
106 834 779 915 seiner reifen Zeit war Ibsen
1909 849 3073 914 es sich herrlicher als in der Hölle, weil sie der echten
772 872 1914 939 und Frau behandelt. Aber wic ganz anders die grund¬
92 873 750 949 Dichter. Dagegen war er es
1912 890 3072 964 Axheit aus dem Wege geht, dagegen nirgends be¬
774 927 1920 986 legenden Voraussetzungen des Stückes als bei Wede¬
92 926 768 1000 Jugendzeit, vor allem aber in
1914 929 3071 1029 schwerlicher als im Himmel, weil hier die Welt immer
778 976 1919 1039 kind! Hier spielt die Frage nach Unterdrückung des
102 980 768 1045 nt“. Dies direkt mit Goethes
1917 981 2391 1073 neu geschaffen wird.
773 1023 1926 1100 Weibes durch den Mann gar keine Rolle. Hier sollen
93 1036 777 1104 amg zeigt uns Ibsen als einen
2025 1029 3090 1114 Hat schon je ein Dichter so gesprochen? Kann
778 1059 1913 1135 der Frau nicht neue Bahnen eröffnet werden, sondern
103 1077 779 1151 als er sich später darstellt, als
1924 1095 3081 1162 ein jüdischer Dichter so reden? Es ist urarische
769 1121 1915 1184 sie tritt uns als das lebenschaffende Weltprinzip ent¬
105 1126 781 1208 das uns Germanen innerlichst!
1913 1144 3074 1217 Sprache, die von Gott und Teufel, Himmel und
779 1156 1917 1232 gegen, das unwiderstchlich über den Mann versügt, den
1922 1191 3075 1258 Hölle ganz anders redet als das Judentum — und
782 1202 1928 1276 es braucht, um Kinder zu erzeugen. Die Frau ist die
100 1208 773 1308 der phantasievolle Sohn des
1917 1228 3081 1314 ich füge hinzu: auch als das Christentum! — eine
776 1269 1918 1325 zeugende Natur, die rostlos neue, bessere Lehens¬
97 1259 766 1340 den Alltagsprehlemen aufgebt.
1927 1283 3073 1352 Sprache, die wir vollkommen verlernt haben, weil
766 1313 1919 1372 produkte auswirft, aber dazu bedarf sie des Mannes,
98 1327 771 1399 sen eine schönere unwirkliche
1919 1337 3080 1405 Christen= und Judentum ihre ethischen Vorstellungen
768 1361 1921 1424 des Geistes, des Intellekts, der dem Kinde im Be¬
192 1374 769 1443 entlich wahrhaft lebt. Er
1926 1375 3076 1456 uns aufzwingen, die wir aber wieder erlernen
773 1390 1929 1478 fruchtungsakt die Form gibt. Das ist Shaws Grund¬
109 1404 786 1484 mat nicht heimisch, vermag aber
1927 1433 3081 1503 mussen, um endlich echte Deutsche zu werden. Shaw
777 1453 1923 1516 gedanke des Dramas. Er schildert seinen Helden John
103 1454 787 1533 rch eigene Kraft in die Heimat
1927 1477 3077 1551 redet diese Sprache in seinem bedeutendsten Werke,
771 1497 1924 1567 Tanner als Don Juan, der machtvoll auf die Frauen
128 1512 782 1586 nicht Phantasie und Wirklich¬
1925 1519 3079 1599 noch ebenso rein redet sie auch Anzengrüber, unser
780 1550 1925 1621 wirkt, dabei aber doch nur Marionette der Frauen ist,
110 1556 783 1638 verschmelzen. Das Geschaute
1927 1576 3076 1642 einheimischer Dichter, in seinem bedeutenpsten Werke,
780 1594 1926 1667 speziell der Ann Whitefield, die ihn unwiderstehlich in
100 1613 784 1676 ich ihn. Immer findet er sich
1928 1605 3085 1695 wenn auch den Verhältnissen entsprechend'modifiziert.
789 1628 1931 1715 ihren Bann zleht. Das Stück ist ein Ringen der Ge¬
96 1659 776 1722 nnt, durch die er nicht hindurch
1915 1671 2762 1758 1 Er redet so in den „Kreuzlschreibern“.
777 1680 1934 1761 schlechter miteinander, in dem die Frau siegt. Aber sie
327 1706 778 1769 er gehen, und das
90 1702 316 1779 um kany
2029 1712 3079 1798 Anzengruber hat, wie Shaw und Ibsen, eine
790 1740 1928 1799 siegt nicht als einzelne Frau über den einzelnen Mann,
106 1751 782 1818 Taten, die ihn verhaßt machen:
1929 1765 3097 1846 Menge Werke geschrieben, die von echt deutscher Emp¬
109 1771 1927 1869 dorum möchte er wieder in die sondern in ihr siegt der Zeugungszweck des Lebens
1922 1820 3097 1902 findung nichts erkennen lassen. Dahin gehören sogur.
105 1838 1931 1905 als Kind noch einmal reiner über die nach geistiger Entfaltung ringende Eigenart
1928 1873 3089 1954 seine beliebtesten und bekanntesten Werke: „Der
107 1876 1933 1961 Werk, für das er sich bestimmt des Mannes, der sich die Frauen am liebsten vom
1926 1918 3101 1991 Pfarrer von Kirchfeld“ „G'wissenswurm“, „Der
775 1938 1920 2022 Leibe hielte, weil sie ihn im eigenen Schöpfungswerk
100 1935 776 2020 nen. Aber er gerät nur immer
1930 1948 3102 2044 Meineidbauer", „Das pierte Gebot“, die alle nur
776 1987 969 2074 stören.
208 1990 778 2076 Lehens. Auch die Liebe
1932 1999 3090 2085 ethische Themen behandeln, das Verhältnis des katho¬
105 2038 778 2108 würfen, daß er seinem besseren
883 2021 1925 2099 Uebrigens sträubt sich Jon Tanner nur
1930 2062 3091 2138 lischen Gesstlichen zum Weihe und zur Kirche, der
97 2091 789 2163 kten im Gegenteil, er reißt sich
781 2087 1930 2150 äußerlich gegen die Ehe. Innerlich fühlt er, daß er
1928 2111 3085 2181 Eltern zu den Kindern, der Reschen zu den Armen,
119 2124 780 2212 § Schönste, das ihm begegnete,
778 2138 1932 2212 die ganze Welt in den Armen hält, wenn er Amer
1933 2154 3083 2240 Alltagsprobleme von Schuld und Verdienst, Liebe
101 2173 792 2257 Ens Ausland entstieht er, wird
786 2179 1935 2259 umschlingt. Er verspürt sein Vaterherz, wie sie ihr
1929 2208 3094 2286 und Haß, Tugend und Verbrechen, Wahrheit und
776 2235 1933 2310 Mutterberz. Und verspürt es in dem Bewußtsein.
93 2235 792 2309 Farscher, um von Wahnsinnigen¬
1929 2250 3089 2328 Lüge, kurz alles, was Juden genau so gut zu behan¬
112 2272 796 2346 er selbst nur wie ein Wahli¬
777 2285 1927 2337 daß immer Besseres ins Leben gerufen werden muß.
1938 2301 3096 2379 deln vermögen wie Germanen. Aber in der „Kreuzl¬
89 2315 1948 2400 lt und müde heim, jetzt verfolgt“ denn Leben heißt ihm Entwicklung in der Richtung
1941 2355 3068 2425 schreibern“ hat Anzengruber ein anderes Thema ge¬
96 2376 794 2446 n, die ihm noch das Bewußtsgin¬
780 2375 1937 2440 des größten Vorteils, nicht Entwicklung in der Rich¬
1941 2398 3098 2473 funden, das eines Naturmenschen, der sich um alles
230 2422 655 2490 n#polen. Der Tait
924 2426 1940 2496 des geringsten Widerstandes, wie die Durch¬
1943 2445 3082 2535 individuelle Geschick nicht schert, weil er weiß, daß
110 2465 794 2553 Woefgiener kennzeichnet Uhrt. Kise
774 2472 1939 2546 schnittsmenschen wähnen. Leben ist ihm ununter¬
1944 2498 3093 2577 ihm im Grunde nichts geschehen kann. „Es kann mir
101 2505 792 2590 hen, als Müser ohne Wert, das
786 2525 1943 2598 brachene Schöpfung, nicht die Wechselbeziehung
1932 2544 3093 2628 nichts geschehen“ = mit diesem Spruche hat Anzen¬
137 2562 795 2638 um in eine andere Form um¬
789 2565 1939 2646 zwischen Individnen, nicht ihr Daseinskampf, der
1929 2590 3090 2690 gruber eine neue Welt gesetzt. Leider nur ein ein¬
97 2601 792 2689 icht als tragische Gestalt, die
781 2613 1945 2694 mit Liebe und Haß geführt wird, sondern Verwirk¬
1939 2635 3095 2717 ziges Mal. vielleicht deshalb aber gerade um so ein¬
106 2658 794 2741 egen das eigene bessere Gein
797 2662 1932 2755 lichung von Ideen, gegenüber welchen das Einzel
1948 2689 3091 2768 drucksvoller! Man muß im Theater gewesen sein
138 2707 799 2785 doch in ihrem Wesen unan¬
780 2726 1479 2818 geschick ganz bedeutungslos ist.
1933 2747 3098 2807 und verspürt haben, wie vor der berühmten Erzählung
159 2753 802 2830 Das ist Peer Gynt das
899 2745 1941 2845 Und nun kommt eine wunderbare Siene, die
1943 2787 3111 2861 des Steiklopferhannes, dieses echten Deutschen unter
94 2812 796 2871 rspürt sich als Kain, der am
790 2807 1932 2905 geradezu das Bekenntnis des Dichters zu einer echt
1941 2836 3102 2910 christlichen Bauern, ein tiefe, Atemzug der Erwar¬
103 2863 813 2914 fündigte, aber den hußeren Be¬
801 2863 1933 2933 grischen Weltauffassung ist. Diese Szene ereignet sich
1948 2900 3105 2965 tung durch das Haus geht, um sich bewußt zu werden:
110 2908 798 2970 ter Sünden kann er nicht er¬
794 2909 1936 2992 in Spanien, in der Sierra Repada, wo John Tanner
1944 2939 2772 3031 hier treten wir in eine andere Welt.
100 2955 795 3014 und sucht nach der Sünde, doch
785 2967 1939 3032 mit seinem Chauffeur auf der aussichtsloson Fluch“
2043 2962 3097 3063 Ich muß aus der Rede des Steinklopferhannes
87 2988 800 3062 #uch. Er kommt vor die Hütte
119 3018 1945 3106 , die im Walde ein Menschen, vor der Geliebten von Räubern festgehalten wird.
1939 3023 3093 3120 die wichtigste Stelke zitieren, da sie doch vielleicht
164 3056 1946 3134 da entdeckt er, was seine] mit denen er sich übrigens glänzend versteht. Die
1947 3080 3096 3155 nicht allen unter Ihnen bekannt sein dürfte. Der
793 3117 1939 3185 Szene ist ein Traum, in dem die Gestalten Don
1952 3120 3098 3205 Steinklopferhannes liegt schwerkrank danieder und
99 3130 805 3211 brechen am Weibe. Im Weibe
793 3152 1939 3223 Jnans, Donna Annas, des Komturs und des
1937 3179 3099 3257 kein Mensch kümmert sich um ihn, in tiefster Einsäm¬
102 3183 797 3246 nKaisertum, das er nicht ver¬
795 3208 1945 3278 Teufels erscheinen, also Gestalten der Mozartschen
1929 3233 3094 3307 keit droht ihm der Tod. Draußen ist herrliches Wetter,
102 3241 793 3309 hm hier Absokution. Denn in
794 3250 1951 3320 Oper, nur, wie schon die Gesellschaft des Teufels an¬
110 3277 797 3354 h, verankerte sich sein besseres
1942 3286 3098 3342 da hält es ihn nicht auf dem Lager, er schleppt sich
796 3300 1954 3376 deutet. in ein ganz anderes Licht getaucht. Die Szene
1943 3326 3115 3398 ins Freie und hier kommt, nachdem er erst lange wie
105 3320 793 3414 nd kein Teufel vermag es hier
795 3339 1952 3425 versetzt in die Unterwelt zur Zeit des Todes der Donna
1952 3370 3113 3464 tot dagelegen, die Genesung über ihn, zugleich ein
93 3391 714 3461 ###e nie beantwortate Frage:
799 3402 1952 3473 Anna, die hier Don Juan begegnet, der sie über
1939 3433 2678 3506 unaussprechliches neues Fühlen.
108 3446 710 3513 hselbst, ungebrochen, ganz,
793 3449 1946 3521 Himmek und Hölle bekehrt. Wie er das tut, ist echt
2059 3461 3113 3548 „Wie ich munter werde,“ so berichtet er, „ist die
99 3490 713 3580 Fahlt von Gottes Glanz?“
793 3483 1957 3571 arisch. Die Hölle ist ihm nichts als eine Fortsetzung
1946 3530 3107 3598 Sonne schon zum Untergehen, eine paar Sterne hän¬
795 3543 1945 3614 des trivialen Menschenlebens, der „faulen Mensch¬
1937 3595 3105 3667 gen da wie zum Greifen, tief im Tal hat's aus den
793 3593 1943 3670 lichkeit“, wie er es nennt, mit ihren bekannten ethi¬
95 3603 723 3711 ube. Hoffnung und Liebe.“
1942 3628 3103 3704 Schornsteinen geraucht und die Schmiede unten am
806 3634 1959 3711 schen und sozialen Gesetzen, in deren Namen jede
114 3669 462 3751 I Dankbarkeit:
1946 3671 3103 3741 Waldran hat heraufgeleuchtet wie ein Feue#urm;
802 3690 1951 3762 Niedertracht begangen wird. Die Hölle, so sagt er,
1938 3715 3113 3803 vor mir auf der Wiese haben die Käfer und die Heu¬
106 3723 675 3809 u einem schönen Gesang
804 3720 1954 3817 ist das Heim der Chre, der Pflicht, der Gerechtigkeit
1948 3758 3116 3841 pferde sich geplagt und ein Geschrill gemacht, daß ich
98 3781 641 3856 n gemacht, hab Dank!“
799 3788 1946 3868 und der übrigen Todtugenden. Die Hölle ist eine
1945 3820 3109 3894 schier hätte drüber lachen mögen, über mir im Ge¬
795 3837 1948 3909 Stadt, die Sevilla äußerst ähnlich sieht. Du wirst
98 3853 759 3932 ich die ungeheure Spannung i
1951 3865 3108 3953 zweig sind die Vögel geflattert und über alles hin
802 3885 1959 3956 dich daher hier vollkommen glücklich und zu Hause
99 3900 809 3980 bisse verstummen und er stirbt,
1953 3921 3121 3989 ist eine schöne, kinde Luft gezogen. Ich betrachtete
807 3930 1964 4011 fühlen. Du findest alle Moden, alle Gedanken und
107 3947 807 4019 hoß der Geliebten gebeitet. Sie
1948 3968 3108 4033 das — und ruck — und kann ohne Beschwerden auf
111 3969 1962 4071 nerlied. Zum Mutkerschoß kehrte] Gebräuche, alle Vorurteile, alle Liebe und Schönheit,
114 4026 3106 4126 #r diesen zur Geburt eines voll; die du auf Erden zu genießen gewohnt warst. Reli= einmal aufstehen — und wie ich mich noch so strecke
