3344 4352
809 221 1279 323 box 37/6
122 219 733 345 2. guttings
107 1069 246 1169 —
1011 1102 1488 1183 Akademische Zeitung
2589 1113 2953 1196 80—85. Foige
1416 1144 1657 1247 been enegenn enshehenen
2337 1166 2570 1259 eneenen eenenen
101 1219 3000 1301 ue, wie sie sich rührt und der Hannes ein echter Deutscher ist in dem, was er kratische Wesenheit, die um der Erhöhung der Welt
117 1288 705 1368 und um, und die Sonne
702 1290 1852 1358 sagt, und der Hannes bindet es ihm auch nicht auf die
1835 1310 3011 1365 willen arbeitet, rein geleitet von künstlerischen, von
109 1334 701 1396 und heraufkommen — da
695 1338 1852 1406 Nase, um unnütze Scherereien zu vermeiden. Mir
1839 1345 3004 1403 heroischen Interessen. Für einen echten Deutschen ist
103 1383 694 1437 erwogen, als wäre ich von
693 1389 1847 1446 eber hat er es auf die Nase gebunden und ich glaube
1847 1390 3004 1473 die Welt ein Organismus, keine Funktion selbständig
127 1435 689 1499 owohl, als wäre das helle
692 1441 1850 1516 auch allen jenen, die unbefangen Hannesens, des
1840 1442 3011 1512 wirkender Individuen, und nur wer das im Drama
115 1477 699 1534 in meinem Körper ver¬
697 1485 1851 1570 Deutschen, Ringen um neues Leben mit dem Ringen
1830 1474 2952 1569 zum Ausdruck bringt, ist ein deutscher Dramatiker.
115 1526 703 1601 über mich, wie wenn einer
692 1525 1835 1606 Jakt5s, des Jnden, vergleichen und von deutscher
1952 1545 2994 1602 Und ich rufe den deutschen Schriftstellern zu:
124 1577 698 1641 kann dir nichis gescheven!
698 1563 1841 1671 Mythologie und jüdischer Mystik eine Ahnung ver¬
1839 1583 3007 1649 Erweist euch endlich als Deutsche, hört auf, das In¬
115 1622 703 1684 jählt nicht, wenn sie vorbei
686 1633 894 1714 spüren.
1836 1642 2994 1710 dividuum zu vergättern, von seinen Idealen der Liebe
130 1678 696 1739 Schuh tief da unter dem
1843 1693 3021 1754 und des Glückes, der Tugend und der Schande, der
801 1697 1840 1768 Damit kann ich meine Uebersicht über die
121 1727 698 1792 vor dir noch viel tausend¬
1838 1737 3006 1813 Wahrheit und Lüge, von seinen Erfolgen und Nieder¬
688 1734 1835 1809 moderne Dramatik beschließen. Branche ich noch
116 1772 690 1852 nichts geschehen — du ge¬
1842 1791 2995 1867 lagen, von Mitleid, Humanität und Gerechtigkeit zu
685 1790 1842 1851 weitere Erläuterungen hinzuzufügen? Redete die ge¬
119 1824 574 1883 alles gehört zu dir.“
1841 1831 3009 1909 schwärmen, die Bühne mit den Trivialitäten des All¬
693 1848 1833 1911 botene inappe Analyse von nur sechs Dramen nicht
123 1865 693 1926 lopferhannes und in ihm
1835 1887 3003 1941 tags zu beleben, sondern besinnt end auf den Ueber¬
689 1900 1836 1961 deutlich genug? Doch will ich immerhin das Ergebnis
109 1919 698 1980 r. Unvollkammen wohl,
1832 1930 3003 2001 menschen, der über all diese Kinderallüren lächelt, weil
690 1944 1825 2004 nochmals in ein paar kurzen Thesen zusammenfassen,
116 1964 690 2027 sentlichen. Denn aus ihm
1830 1985 2998 2039 es ihm wichtiger ist, ein Werk zu setzen, als einen
695 1993 1834 2052 die jeder bequem nach Hause tragen kann als eine
118 2007 689 2079 hi nur der Einheit allen
1830 2029 2998 2090 Wirkenden. Zeichnet den Schöpfer bei seinem Schöp¬
687 2038 1826 2117 deutsche Begutachtung unserer heutigen dramatischen
118 2061 695 2125 Nichtigkeit des Augenblicks
1834 2085 3002 2141 fungswerk, zeichnet euch selbst im Produzieren, zeichnet
685 2085 942 2166 Dichtung.
118 2099 699 2171 r Idee, des Eingehörens
1838 2130 3003 2187 die Geschichte, wenn sie aus dem Zustand der Idee
117 2145 701 2229 der Welt, deren lebendige
800 2135 1832 2237 Semitisch ist die Dramatik, soweit sie das
1834 2180 2998 2241 in den der Wirklichkeit übergeht, zeichnet die Seelen¬
163 2194 698 2283 ihm sproch heidnische
691 2187 1827 2261 Menschheitstreiben vom individualistischen, ethisch¬
1825 2225 3004 2289 kraft in uns, wenn sie die Welt nach innerem Vorbild
133 2226 685 2315 das Weltgottbewußtsein.
686 2262 1823 2327 sozialen, sagen wir: vom demokratischen Standpunkt
1835 2276 2989 2339 umschafft, zeichnet die natura naturans, nicht die
109 2281 694 2370 dung willen stelle ich das
689 2318 1832 2382 aus betrachtet. Soweit es ihr an Darstellung des all¬
1826 2318 2991 2379 natura naturata, das Göttliche, das aus der Ueber¬
112 2345 606 2419 „Die Kreuzlschreiber“
694 2356 1834 2424 täglichen gesellschaftlichen Lebens der Menschen mit
1832 2375 2989 2436 welt in die Natur eintritt, mit kurzem Worte: zeichnet
104 2396 695 2463 Interessantes bietet — in
684 2400 1827 2457 seinen egoistischen und altruistischen Triebfedern zu
1832 2417 2996 2496 den echten Deutschen, dem alles nur Material seiner
116 2455 689 2505 Hofmannschen Drama:
686 2454 1826 2509 tun ist. Echt deuisch, beziehungsweise germanisch, indo¬
1833 2463 2990 2523 schöpferischen Pflicht ist! Welch ein Segen wäre das
106 2483 687 2554 uch religiös verfärbt ist.
689 2497 1835 2568 germanisch, arisch ist die Dramatik erst, wenn sie hinter
1834 2508 2998 2580 für uns! Denn nichts wirkt unwiderstehlicher als das
103 2536 695 2609 schen beiden Religionen!
678 2528 1829 2622 den Individuen die allgemeinen schaffenden Kräfte des
1825 2555 3000 2622 dramatische Erlebnis auf der Bühne. Die dramatische
123 2597 686 2656 Steinkopferhannes seine
676 2595 1819 2668 Lebens, die Kosmosidee, Weltgötilichkeit als mensch¬
1818 2616 2993 2678 Evidenz ist die wirksamste von allen. Darum hat keiner
105 2625 682 2709 ein Recht zu fragen: „Ja.
684 2647 1827 2711 liche Anlage, das Entwicklungsziel entdeckt, mit einem
1833 2669 2993 2715 größere erzieherische Pflicht für sein Volk als der
124 2692 683 2762 Du bist ja kein Christ
678 2693 1828 2747 Worte: die Uebermenschlichkeit hinter der Menschheit.
1828 2715 2986 2797 Dramatiker, und ich rufe ihm als Ansporn zu: Ein
108 2723 701 2804 Fürke“ — wobei er unter
675 2731 1829 2813 Uebermensch ist der Mensch nicht als fürs Individuum
1819 2763 2790 2840 echt dentsches Drama ist ein deutscher Sieg!
110 2771 1834 2871 versteht, und den Türken interessierte Persönlichkeit, sondern als schaffendes Ich,
2342 2810 2944 2902 Prof. Kamillo Schneider.
114 2842 1830 2927 chselt. Er weiß nicht, daß als fanstische, echt aristokratische, besser: kosmo¬
440 2894 562 2978 W 1
2252 2982 2546 3063 Richterstelle.
1919 3031 2976 3104 Eine Richterstelle in Krems mit den systemmäßigen Be¬
1823 3083 2981 3156 zügen der betreffenden Ranasklasse, allenfalls andere im Zuge
1817 3126 2974 3187 der Besetzung freiwerdende Stellen derselben Kategorie sind zu
117 3061 1544 3221 lungen der Universität Wien
1817 3172 2022 3247 besetzen.
1925 3197 2971 3265 Bewerber haben ihre gehörig belegten Gesuche im vor¬
1238 3213 1359 3308 Srtenen
1815 3236 2969 3311 schriftsmäßigen Wege bis 20. Dezember 1919 an das Präsidium
1816 3282 2540 3354 des Kreisgerichtes Krems einzusenden.
150 3279 671 3368 wurde promoviert am
680 3288 1823 3363 um diese Stipendien haben ihre mit dem Taufschein,
1925 3318 2971 3411 Kreidgerichtspräsidium Krems, am 23. November 1919.
126 3333 669 3434 Arlt aus Libesnitz (Böh¬
676 3347 1818 3411 dem Mittellosigkeitszeugnis sowie dem Studienzeugnis
679 3394 1822 3462 des letzten Jahres, bei Hochschülern mit einer Bestätigung
2251 3382 2527 3463 Richterstelle.
127 3407 666 3501 Stivendienstiftung. Vom
674 3441 1810 3487 des vorgesatzten Dekanats über die Würdigkeit zur Er¬
1918 3417 2971 3496 Richterstelle bei dem Landesgericht in Linz mit den
670 3466 1817 3543 lanaung eines Stipendiums unter der ausdrücklichen
119 3468 682 3546 en sind sechs Karl Hngel¬
1808 3480 2966 3545 systemmäßigen Bezügen der neunten Rangsklasse und allenfalls
1813 3529 2978 3594 andere im Zuge der Besetzung freiwerdende Stellen derselben
120 3517 672 3586 resbetrage von je 600 Kr.
672 3524 1818 3589 Anführung des moralischen Lebenswandels und des bis¬
1815 3555 2335 3629 Kategorie sind zu besetzen.
669 3568 1812 3622 berigen genügenden Studienfortganges versehenen Ge¬
138 3568 676 3633 Stivendiums ist ein zur
2337 3591 2434 3641 —4
1923 3602 2965 3656 Bewerber haben ihre sigenhändig geschriebenen Gesuche
122 3618 681 3686 Augsburger Bekenntnisses
666 3604 1805 3672 suche bis 15. Dezember 1919 beim Presbyterium der evan¬
1809 3638 2970 3714 bis 20. Dezember 1919 bei dem Präsidium des Landesgerichtes
124 3647 673 3718 der von mittellosen und
682 3652 1814 3713 gelischen Pfarrgemeinde Angsburger Bekenntnisses in
1817 3670 2516 3741 in Linz im Dienstweg einzubringen.
138 3689 676 3762 Miltslichulen an auf die
679 3699 1818 3753 Wien, I. Dorotheergasse 18, Tor 2, 2. Stock, zu über¬
1912 3701 2977 3793 Landesgerichtspräsidium Linz, am 24. November 1919.
124 3719 1822 3798 lich der Hockischnlen unter] reichen. Wien, 25. November 1919. Das Presbyterium
110 3761 677 3847 enden Studienfertganges
656 3785 1692 3869 der evangelischen Pfarrgemeinde A. B. in Wien.
2247 3775 2523 3854 Richterstelle.
129 3819 706 3899 s berufen. Die Bewerber!
1927 3822 2955 3890 Bei dem Kreisgericht Stehr mit den Bezügen der neunten
1815 3869 2958 3944 Rangsklasse, allenfalls im Zuge der Besetzung freiwerdende
1817 3919 2756 3980 Stellen derselben Kategorie gelingen zur Besetzung.
1919 3940 2973 4023 Bewerber haben das Gesuch bis längstens 20. Dezember
1117 3947 1357 4022 Lehrstelle.
115 3957 446 4070 bungen.
1811 3994 2729 4051 1919 bei dem gefertigten Präsidium einzubringen.
773 3974 1804 4061 An der Staatsgewerbeschule in Salzburg gelangt eine
1919 4026 2979 4111 Kreisgerichtspräsidium Steyr, am 24. November 1919.
665 4042 1808 4120 Lehrstelle in der neuen Rangsklasse für elektrotechnische und
665 4075 1453 4140 mechanisch=technische Fächer zur Besetzung.
2259 4099 2497 4167 Lehrstelle.
764 4109 1817 4181 Mit dieser Leerstelle sind die im Gesetz vom 19. Sep¬
114 4108 659 4193 weise Reformrealaymnasium
1918 4144 1985 4184 —
