3392 4352
125 141 1869 219 en n eenen enn  1 1. en lunist geiet Beidene
125 219 1858 283 ese Misère großzügig an= schaften; aber sie zeigt auch Gnaden und Helden; sie
127 268 1851 328 ie großen Dichter würden malt die Wollust, aber sie malt den Teufel dazu; sie spot¬
124 313 1864 388 inen von der Bretterwelt tet, aber nicht um Gesellschaftseinrichtungen und =werte
141 374 1870 448 einer Aufrichtigkeit, die niederzureißen, sondern um fehlende Einzelmenschen zu
142 415 1871 498 einem Hellschen in die bessern. Ueber ihrer Erde wölbt sich der Himmel; ihren
198 463 659 538 ist, sagt Heine, —
702 481 1858 554 Rätselpeinen und Erdennöten strahlt die Sonne gött¬
149 514 696 594 späterer Theaterdirektoren,
710 531 1628 609 licher Wahrheit und göttlicher Erbarmung.
124 556 710 642 ler späterer Stückeschreiber
128 627 715 701 nde kann man es den kleinen
793 643 1859 717 Brachte nicht der Ernst der Kriegszeit eine Aen¬
131 684 702 745 sie sich gegen die Invasion
706 708 1858 781 derung und Besserung im Theaterbetrieb, eine Annähe¬
154 735 699 807 möglich wehren. Was
705 778 1859 834 rung zum Ideal? Wurde bei der allgemeinen Mobil¬
130 785 705 861 sie, bleibt in eurer Lite¬
715 823 1850 888 machung nicht auch das Theater mobil.gemacht im Inter¬
119 840 696 911 icht zu unseren Suppen¬
714 875 1860 926 esse der Reinigung, der Hebung, der Weckung des Volks¬
152 896 699 963 Ruhm, für uns das
699 922 1854 997 willens zum großen Kampf für die Heimat? Wurde
155 939 702 1015 Artikel der Bewunderung,
705 979 1868 1050 nicht die Welt der Kunstschönheit herangezogen zur
138 999 700 1068 die höhere Kritik, die uns
706 1038 1856 1111 Unterstützung von Kanzel und Katheder, herangezogen
142 1051 706 1119 Für euch der Lorbeer, für
715 1084 1854 1140 zur Entflammung des Volkes für Kaiser und Vaterland,
129 1108 706 1179 der Rausch der Poesie, für
720 1139 1852 1208 für Opferdienst und Seelenstärke? Klang's nun nicht aus
123 1164 697 1237 agners, den wir vergnüglich
711 1194 1860 1263 allen Theaterstücken: Nichtswürdig ist die Nation, die
122 1210 691 1281 Chefs der Claqueure und
706 1246 1853 1302 nicht ihr Alles setzt an ihre Ehre“ — „Das Leben ist der
116 1266 687 1333 ir essen, trinken, werden
705 1292 1852 1362 Güter höchstes nicht, der Uebel größtes aber ist die
133 1324 691 1393 vergessen, während ihr in
707 1347 1856 1400 Schuld“? Wurde nun auf der Bühne die Kultur der
130 1371 695 1445 gefeiert werdet und der
701 1396 1860 1466 Wahrheit und Freiheit, des höheren Geisteslebens und
129 1430 419 1518 egenhungert.“
699 1455 1853 1516 der höheren Rechtsordnung, in deren Namen die Söhne
703 1501 1857 1572 der Heimat an die Front zogen, dem Feinde, dem Tode
115 1537 692 1633 terelendes der letzten Jahr¬
696 1563 1859 1638 entgegen — wurde diese Kultur auf den Bühnen des
698 1608 1851 1677 Hinterlandes entsprechend repräsentiert? Wurde nun
137 1624 693 1685 muß man sich vergegen¬
698 1663 1850 1724 auch im Theater jener Gott gepriesen, in dessen Kathe¬
156 1673 689 1744 und neuer Menschheits¬
694 1719 1854 1783 dralen und Kirchen ein gramgebeugtes, ein hilfeheischen¬
131 1716 693 1798 Voraussetzungen und An¬
132 1771 1843 1849 welches ihre Ideale von des Volk sich drängte? Wurden nun auf der Bühne die
700 1817 1853 1896 Heldengestalten der Geschichte lebendig, wurden die
146 1825 691 1907 Im siebenten Buch der
129 1871 691 1944 lede von Tragödiendichtern,
702 1876 1850 1941 Heroen der Vergangenheit zu Sprechern und Führern
116 1923 697 1989 d um die Erlaubnis, ihre
704 1923 1854 1992 der Gegenwart? Erklang nun der Sang von der Hei¬
691 1975 1854 2048 mat auf der Bühne, der Sang von dr Heimat mit jener
120 1982 686 2049 n, bitten. Plato läßt den
700 2028 1843 2091 Zärtlichkeit, Inbrunst und Opferwilligkeit, aus der
125 2027 689 2092 Stadhäupter die Antwort
701 2081 1851 2144 ein Garczynski schwur: „So lange diese Hand
126 2087 692 2147 er eines Dramas, infofern
694 2139 1845 2218 nicht erstarrt, soll diese Hand dem Vaterland
126 2140 684 2209 der Nachahmung des schön¬
695 2193 1838 2255 gehören. So lange der Gedanke nicht stirbt,
128 2192 688 2263 t. Den gleichen Zweck muß
703 2244 1798 2309 soll er ihm geweiht sein. Gott, Du verlangst Opfer —
124 2243 689 2328 folgen. Wähnt daher nicht,
690 2290 1852 2355 meinen Geist will ich zum Opfer geben, mein jetziges
129 2304 689 2374 gestatten, eure Schaubühne
687 2352 1841 2412 und zukünftiges Leben. Ich will wie das Volk in der
125 2355 689 2423 gen. Vorher muß die zu¬
691 2397 1851 2458 Wüste hungern, wenn nur damit dem Vaterlande ge¬
159 2405 693 2480 ihr Schickliches gedichtet
701 2455 1846 2518 holfen werden kann. Jeder Gedanke soll fromm sein
144 2462 695 2534 Bestrebungen in euren
684 2514 1840 2578 wie eine Hymne, meine Zunge soll den Lippen Worte
254 2512 681 2593 unserer Staatsver¬
125 2499 253 2576 nzen
701 2555 1842 2629 Deines ewigen Lobes reichen, in Gebeten will ich die
127 2566 678 2644 Wir und der ganze
694 2608 1840 2677 Nächte durchweinen, die Tage in Qualen zubringen, nur
120 2616 678 2691 hnen sein, wenn wir eure
694 2669 1845 2724 möge mein Land befreit sein ...“ War nun auf der
129 2656 691 2746 iches zum Geiste unserer
695 2725 1845 2791 Bühne ein Triumphieren über die Siege der echten
119 2721 691 2789 Aristoteles erklärt in seiner
690 2770 1842 2839 Kultur, ein tröstendes, befreiendes Mitweinen mit
115 2782 675 2845 nd Beobachten unsittl.cher
685 2830 1844 2904 den leidtragenden Opfern des Krieges? Raunte es nun
123 2837 676 2911 aus dem Staate verbannt
685 2880 1839 2945 auch im Theater: „Jedwede stille Minute mahnt's:
151 2886 674 2957 überhaupt, wenn irgend
692 2929 1835 2996 Menschen sind jetzt in Not; jede stille Minut ahnt's:
127 2950 665 3007 aus dem Staat verbannen,
690 2986 1841 3041 Brüder schlägt man dir tot. Nichts denken, als dies und
127 2990 672 3066 auch schlechte Handlungen
684 3037 1842 3108 immer dies: Menschen in Not, Brüder dir tot, Krieg ist
123 3045 674 3120 kunden Thomas von Aquin
688 3089 1837 3142 im Land...?“ Sind angesichts des Krachens einer
125 3099 674 3163 ndnis für das Theater.
689 3137 1832 3216 Welt, angesichts des großen Sterbens, ange¬
123 3155 674 3228 unterhaltenden Charakters
691 3200 1839 3265 sichts der Leichenfelder und der zertrümmerten
124 3210 676 3278 rius ad conversationem
683 3253 1839 3326 Städte, der obdachlos gewordenen Bevölkerungs¬
135 3260 667 3333 Spiel hat notwendige
687 3304 1835 3384 massen und der verkrüppelten Brüder die geist¬
151 3319 668 3387 Leben sagt ersterer;
684 3343 1842 3425 losen Phrasendrescher und Witzmacher von der
127 3347 678 3441 und Erfreuung finde der
678 3399 1830 3483 Bühne verschwunden? Hat man auf der Bühne die
134 3426 670 3494 beiden ist Voraussetzung,
678 3457 1831 3531 großen Opfer und Leiden der Zeit geachtet? Hat die
136 3477 672 3550 Einklang mit den sozial¬
683 3530 1830 3584 große Zeit die große Kunst auf den Theatern erstehen
130 3531 677 3597 entums stehe. In Paris
675 3571 1831 3621 lassen? — Als einst griechische Kultur schon im Nieder¬
119 3579 668 3657 hunderts einen Theologen¬
681 3622 1830 3698 gang begriffen war, schrieb Aristophanes sein Lustspiel
128 3637 669 3700 niz verteidigte damals die
680 3681 1830 3748 „Die Frösche“, welches das Thema „Theater in der
131 3691 676 3757 um, in dem es heißt: „Wißt
682 3728 1823 3781 Kriegszeit“ behandelt. Athen ist wieder einmal in Ge¬
127 3748 667 3806 hundert ein Molière so gut
691 3779 1828 3843 fahr, vom Feinde bedroht. Was soll in solcher Zeit
121 3793 677 3856 hen erbauen darf? Das
731 3831 1827 3902 das ist der Inhalt der Komödie — den Athenern auf
131 3849 667 3919 es Dichters und geht in sich.
683 3880 1828 3954 der Bühne geboten werden, den Athenern, an die der
172 3902 669 3966 braucht man entweder
685 3939 1832 4010 Appell zur Rettung der Heimat ergeht? Nichtigkeiten
126 3954 671 4027 n.“ Es ist offenkundig, daß
677 3990 1838 4052 der Gegenwart kommen nicht in Betracht, nur Klassiker
120 4012 667 4080 erteidigt wird. Friedrich
682 4045 1840 4104 der Vergangenheit. Es wird eine Deputation in die
116 4058 660 4129 eltbekannten Abhandlung
681 4096 1833 4155 Unterwelt geschickt, die sich bei der Frage: wen sollen
128 4114 664 4184 as nur Zeitvertreib ist,
686 4153 1838 4215 wir mitnehmen? schließlich vor der Wahl: Aeschylus
151 4159 666 4228 zu beleben, unfreundliche
1878 203 3043 267 sind auch viele Gutmeinende mitschuldig. Mitschuldig,
1875 259 3033 321 weil sie ihre Proteste gegen die Entartung in der
1874 310 3041 377 Herzenskammer verschlossen, oder auf das Räsonieren
1883 368 3044 429 am Stammtisch beschränkten. Das Theater hätte nicht
1880 419 3038 479 so undeutsch und unchristlich werden können, wenn es
1874 478 3039 540 nicht so viel praktische Gleichgültigkeit und Indolenz
1864 515 3044 596 bei den Deutschen und Christen gegeben hätte. Wie viele
1881 575 3044 650 unserer Theaterbesucher haben es gemacht, wie 1909
1877 624 3046 685 Präsident Taft in Washington, der, als auf der Bühne
1872 689 3047 752 einige stark naturalistische Szenen aufgeführt worden
1866 735 3037 789 waren, nach dem ersten Akte eines Schauspiels demon¬
1864 785 3035 848 strativ seine Loge verließ? Wie viele haben es gemacht
1869 845 3031 905 wie die deutsche Kaiserin, die um die gleiche Zeit ihre
1872 888 3035 965 sittliche Entrüstung über eine Opernszene offen kund¬
1873 940 3027 1007 gab? Wie viele Gutmeinénde haben, mit Gleichge¬
1869 999 3033 1055 sinnten vereint und Vereinsorganisationen aufbietend,
1867 1050 3038 1118 durch Forderung bestimmter Stücke gegen Garantie
1870 1103 3034 1157 einer bestimmten Besucherzahl, Einfluß auf die
1865 1150 3036 1206 Theaterspielpläne zu nehmen gesucht? Wie viele
1871 1199 3039 1274 Adelige haben darauf gedrungen, daß den Begriffen
1871 1263 3031 1320 Adel und Ehre nicht nur in Schloß und Gesellschaft,
1866 1303 3029 1387 sondern auch in der Welt des Theaters Achtung ent¬
1872 1376 3033 1434 gegengebracht werde? Wie viele Christen haben bedacht,
1865 1429 3030 1493 daß das Christentum nicht nur eine Sache für Kirche
1864 1483 3033 1549 und Sakristei, sondern ein Programm und eine Forde¬
1869 1535 3032 1598 rung für alle Lebensgebiete, auch für die Bühnenwelt
1875 1582 3031 1658 sei? Wie viele Steuerzahler haben die Inkonsequenz
1870 1633 3020 1713 erwogen, die darin liegt, Riesensummen zur Ausbil¬
1870 1691 3030 1758 dung von Geistlichen und Lehrern, zum Unterhalt von
1868 1741 3028 1820 Kirchen und Schulen für die Erziehung des Volkes aus¬
1865 1799 3032 1862 zuwerfen und gleichzeitig zu gestatten, daß ein paar
1864 1853 3031 1916 literarische Handelsleute sich aus dem Zerstampfen der
1864 1896 3026 1959 Früchte von Schule und Kirche ein einträgliches Ge.
1870 1945 3037 2011 schäft machen? Wie viele gutmeinende Staatsmänner
1870 1995 3029 2072 haben angesichts der frechen Anarchismen auf den Büh¬
1870 2049 3030 2133 nen an das unheimliche Bild sich erinnert, mit dem
1856 2107 3029 2172 Taine die Macht und den Weg umstürzender Gedanken
1856 2158 3025 2229 schildert: Im ersten Stock des Hauses sind die Gedanken
1859 2214 3025 2283 bloß Abendbeleuchtungen, Salonfunken, bengalische
1858 2254 3034 2339 Feuer, mit denen man spielt und die man lachend aus
1857 2312 3024 2383 dem Fenster wirft. Aber in den Wohnungen und Ge¬
1867 2363 3023 2452 schäftsräumen des Erdgeschosses stecken die Funken alte
1858 2441 3020 2505 Stoffe in Brand — und im Keller ist ein großes
1866 2471 3027 2542 Pulverlage...? Wie viele Schönheitsdürstige, nach
1860 2529 3016 2605 künstlerischer Erbauung sich Sehnende, haben laut und
1853 2584 3027 2659 unablässig gegen das Aufrichten von Lazaretten und
1856 2628 3016 2699 Opelunken auf der Bühne protestiert; wie viele haben
1854 2695 3023 2766 sich geweigert, mit dem Trost eines Richard Dehmel sich
1858 2748 3014 2808 abzufinden: „Wer die gemeinsame Andacht einer zur
1859 2786 3015 2865 höchsten Geistespflege versammelten Menge erleben
1859 2852 3020 2919 möchte, oder auch nur das erhebende Mitgefühl men¬
1856 2909 3015 2974 schenwürdiger Körperhaltung: der geht besser nicht in
1851 2959 3018 3019 das Theater, sondern in den Kölner Dom, oder noch
1854 3015 3014 3076 besser in eine Dorfkirche, selbst wenn er an keinerlei
1858 3062 3019 3135 Gottheit mehr glaubt. Ohne Spott: der religiöse Ritus
1846 3116 3025 3174 ist heute das einzige Surrogat für die dramatische Zere¬
1853 3177 3024 3246 monie, die einst aus Spießbürgern göttliche Helden, aus
1861 3216 3011 3294 Stalljunkern Herren der Welt züchten half...? —
1854 3267 3012 3344 Hoffen wir auf die Ergebnisse der Weltkriegsnot!
1848 3327 3015 3394 Tausende sind im Schützengraben, in Todesgefahr und
1849 3386 3007 3444 täglicher Entbehrung, aus Spielern Ernste und aus
1848 3440 3021 3509 Kurzsichtigen geistig Reife und Anspruchsvolle gewor¬
1850 3482 3008 3553 den. Die werden, heimgekehrt, auf der Bühne jene
1850 3542 3006 3607 Ideen nicht mehr verhöhnen lassen, die ihnen in der Not
1845 3593 3012 3658 aufleuchteten und die ihnen Schutzengel und Führer
1845 3646 3018 3717 wurden. Tausende, durch den Anblick der Leichenfelder
1842 3703 3004 3759 und Trümmerstätten, der ruinierten Existenzen und
1835 3757 3002 3817 der weinenden Waisen im Innersten ergriffen und auf¬
1842 3812 3024 3881 geweckt, werden nicht ruhen, bis auch das Theater sich
1835 3843 3049 3936 wieder zu jenen Idealen bekennt, deren Verteidigung“
1841 3908 3053 3997 so viele Opfer verlangte, und deren Anerkennung den
1847 3973 2807 4048 Segen des Himmels auf die Heimat herabrief.
2757 3984 2990 4105 pr. 2/
3010 3386 3095 3482 W
